{
    "summary": {
        "stock_name": "台汽電",
        "stock_id": "8926",
        "category": "油電燃氣",
        "main_business": "非屬公用之發電業務<br>汽電廠運維及經營(汽電廠主要產出為電力、蒸汽)<br>研究諮詢及技術服務",
        "website_url": "http://www.cogen.com.tw",
        "ceo": "陳意通",
        "pe_ratio": 20,
        "report_year_from": 2001,
        "report_year_to": 2023,
        "age": 23,
        "eps_negative_percentage": 0,
        "eps_growth_avg": {
            "last_all": 6.66,
            "last_2y": -1.2,
            "last_4y": 11.48,
            "last_8y": -2.26,
            "last_12y": 6.23,
            "last_16y": 8.2,
            "last_20y": 9.19,
            "at_2006_last_3y": 13.4,
            "at_2007_last_3y": 11.99,
            "at_2008_last_3y": 17.57,
            "at_2009_last_3y": 33.26,
            "at_2010_last_3y": 14.59,
            "at_2011_last_3y": 25.04,
            "at_2012_last_3y": -12.46,
            "at_2013_last_3y": -2.06,
            "at_2014_last_3y": 25.35,
            "at_2015_last_3y": 14.32,
            "at_2016_last_3y": 24.18,
            "at_2017_last_3y": 13.29,
            "at_2018_last_3y": -19.44,
            "at_2019_last_3y": 6.04,
            "at_2020_last_3y": 8.15,
            "at_2021_last_3y": 3.54,
            "at_2022_last_3y": 11.43,
            "at_2023_last_3y": -1.44,
            "at_2024_last_3y": -1.44,
            "at_2006_last_all": 1.45,
            "at_2007_last_all": -4.88,
            "at_2008_last_all": 10.1,
            "at_2009_last_all": 9.4,
            "at_2010_last_all": 7.29,
            "at_2011_last_all": 7.09,
            "at_2012_last_all": 1.9,
            "at_2013_last_all": 5.58,
            "at_2014_last_all": 12.84,
            "at_2015_last_all": 9.16,
            "at_2016_last_all": 7.84,
            "at_2017_last_all": 7.51,
            "at_2018_last_all": 5.25,
            "at_2019_last_all": 8.46,
            "at_2020_last_all": 7.91,
            "at_2021_last_all": 6.71,
            "at_2022_last_all": 6.43,
            "at_2023_last_all": 6.66,
            "at_2024_last_all": 6.66
        },
        "latest_eps": 2.28,
        "latest_price": 46.05,
        "latest_roe": 12.47,
        "latest_gross_margin": 12.41,
        "latest_equity": 15435021,
        "latest_revenue": 1375093,
        "latest_gross_profit": 170711,
        "latest_net_income": 97554,
        "latest_debt_ratio": 39.43,
        "latest_current_ratio": 113.17,
        "latest_account_receivable_turnover_ratio": 2.93,
        "latest_inventory_turnover_ratio": 99.6,
        "latest_reinvestment_rate": 85.89,
        "latest_research_to_sale_ratio": null
    },
    "eps_dividends": {
        "1999": {
            "cash": 0,
            "stock": 0.5,
            "eps": 0
        },
        "2000": {
            "cash": 0.2,
            "stock": 0.4,
            "eps": 0
        },
        "2001": {
            "cash": 0.3,
            "stock": 1.1,
            "eps": 3.02
        },
        "2002": {
            "cash": 0.4,
            "stock": 1.2,
            "eps": 1.62
        },
        "2003": {
            "cash": 1,
            "stock": 0,
            "eps": 1.12
        },
        "2004": {
            "cash": 0.2,
            "stock": 0.78,
            "eps": 1.99
        },
        "2005": {
            "cash": 1.29,
            "stock": 0,
            "eps": 0.83
        },
        "2006": {
            "cash": 0,
            "stock": 0,
            "eps": 1.37
        },
        "2007": {
            "cash": 0.5,
            "stock": 0.5,
            "eps": 0.87
        },
        "2008": {
            "cash": 0.4,
            "stock": 0.6,
            "eps": 1.79
        },
        "2009": {
            "cash": 1.2,
            "stock": 0,
            "eps": 1.87
        },
        "2010": {
            "cash": 1,
            "stock": 0.4,
            "eps": 1.69
        },
        "2011": {
            "cash": 2.2,
            "stock": 0.7,
            "eps": 1.78
        },
        "2012": {
            "cash": 0,
            "stock": 0,
            "eps": 0.89
        },
        "2013": {
            "cash": 1.2,
            "stock": 0,
            "eps": 1.3
        },
        "2014": {
            "cash": 1.2,
            "stock": 0,
            "eps": 2.94
        },
        "2015": {
            "cash": 1.6,
            "stock": 0,
            "eps": 1.8
        },
        "2016": {
            "cash": 1.3,
            "stock": 0,
            "eps": 1.61
        },
        "2017": {
            "cash": 1.2,
            "stock": 0,
            "eps": 1.65
        },
        "2018": {
            "cash": 1.3,
            "stock": 0,
            "eps": 1.14
        },
        "2019": {
            "cash": 1.5,
            "stock": 0,
            "eps": 1.86
        },
        "2020": {
            "cash": 1.7,
            "stock": 0,
            "eps": 1.82
        },
        "2021": {
            "cash": 1.9,
            "stock": 0,
            "eps": 1.53
        },
        "2022": {
            "cash": 1.75,
            "stock": 0,
            "eps": 1.54
        },
        "2023": {
            "cash": 1.05,
            "stock": 0.7,
            "eps": 1.72
        }
    },
    "dividends": {
        "1999-06-30": {
            "cash": 0,
            "stock": 0.5
        },
        "2000-06-21": {
            "cash": 0.2,
            "stock": 0.4
        },
        "2001-06-08": {
            "cash": 0.3,
            "stock": 1.1
        },
        "2002-06-27": {
            "cash": 0.4,
            "stock": 1.2
        },
        "2003-03-27": {
            "cash": 1,
            "stock": 0
        },
        "2004-06-18": {
            "cash": 0.2,
            "stock": 0.78
        },
        "2005-03-25": {
            "cash": 1.29,
            "stock": 0
        },
        "2007-03-27": {
            "cash": 0.5,
            "stock": 0.5
        },
        "2008-03-18": {
            "cash": 0.4,
            "stock": 0.6
        },
        "2009-03-24": {
            "cash": 1.2,
            "stock": 0
        },
        "2010-03-23": {
            "cash": 1,
            "stock": 0.4
        },
        "2011-01-01": {
            "cash": 1.5,
            "stock": 0
        },
        "2011-03-23": {
            "cash": 0.7,
            "stock": 0.7
        },
        "2013-03-26": {
            "cash": 1.2,
            "stock": 0
        },
        "2014-08-07": {
            "cash": 1.2,
            "stock": 0
        },
        "2015-08-07": {
            "cash": 1.6,
            "stock": 0
        },
        "2016-08-11": {
            "cash": 1.3,
            "stock": 0
        },
        "2017-08-30": {
            "cash": 1.2,
            "stock": 0
        },
        "2018-08-08": {
            "cash": 1.3,
            "stock": 0
        },
        "2019-08-08": {
            "cash": 1.5,
            "stock": 0
        },
        "2020-08-07": {
            "cash": 1.7,
            "stock": 0
        },
        "2021-09-08": {
            "cash": 1.9,
            "stock": 0
        },
        "2022-08-04": {
            "cash": 1.75,
            "stock": 0
        },
        "2023-08-25": {
            "cash": 1.05,
            "stock": 0.7
        }
    },
    "prices": {
        "200101": "14.74",
        "200102": "15.36",
        "200103": "15.17",
        "200104": "14.23",
        "200105": "13.79",
        "200106": "13.59",
        "200107": "12.80",
        "200108": "13.02",
        "200109": "12.09",
        "200110": "11.33",
        "200111": "12.04",
        "200112": "12.60",
        "200201": "14.00",
        "200202": "14.61",
        "200203": "14.66",
        "200204": "15.31",
        "200205": "13.94",
        "200206": "13.94",
        "200207": "13.85",
        "200208": "11.64",
        "200209": "11.09",
        "200210": "10.64",
        "200211": "11.83",
        "200212": "11.88",
        "200301": "12.39",
        "200302": "12.16",
        "200303": "11.82",
        "200304": "11.90",
        "200305": "11.38",
        "200306": "11.96",
        "200307": "12.06",
        "200308": "11.61",
        "200309": "11.48",
        "200310": "11.62",
        "200311": "11.89",
        "200312": "11.95",
        "200401": "12.92",
        "200402": "14.09",
        "200403": "15.12",
        "200404": "14.82",
        "200405": "14.03",
        "200406": "14.34",
        "200407": "14.50",
        "200408": "13.65",
        "200409": "13.69",
        "200410": "13.87",
        "200411": "14.50",
        "200412": "14.89",
        "200501": "15.73",
        "200502": "15.53",
        "200503": "15.48",
        "200504": "14.81",
        "200505": "14.49",
        "200506": "14.75",
        "200507": "14.92",
        "200508": "13.39",
        "200509": "12.26",
        "200510": "11.72",
        "200511": "11.44",
        "200512": "11.52",
        "200601": "11.54",
        "200602": "11.86",
        "200603": "11.71",
        "200604": "12.22",
        "200605": "12.84",
        "200606": "12.08",
        "200607": "12.02",
        "200608": "11.55",
        "200609": "10.45",
        "200610": "11.16",
        "200611": "11.69",
        "200612": "12.19",
        "200701": "12.87",
        "200702": "13.42",
        "200703": "13.93",
        "200704": "17.08",
        "200705": "16.62",
        "200706": "20.08",
        "200707": "21.02",
        "200708": "17.25",
        "200709": "16.76",
        "200710": "18.27",
        "200711": "17.52",
        "200712": "15.41",
        "200801": "14.75",
        "200802": "15.06",
        "200803": "16.36",
        "200804": "18.99",
        "200805": "23.40",
        "200806": "20.32",
        "200807": "15.59",
        "200808": "14.57",
        "200809": "12.23",
        "200810": "11.61",
        "200811": "12.07",
        "200812": "12.65",
        "200901": "12.41",
        "200902": "12.12",
        "200903": "13.06",
        "200904": "14.85",
        "200905": "15.30",
        "200906": "15.93",
        "200907": "15.60",
        "200908": "15.00",
        "200909": "15.23",
        "200910": "15.51",
        "200911": "16.27",
        "200912": "16.65",
        "201001": "16.92",
        "201002": "16.06",
        "201003": "16.64",
        "201004": "17.28",
        "201005": "16.72",
        "201006": "16.79",
        "201007": "18.06",
        "201008": "17.63",
        "201009": "17.14",
        "201010": "17.38",
        "201011": "17.86",
        "201012": "18.04",
        "201101": "18.47",
        "201102": "18.57",
        "201103": "19.03",
        "201104": "20.35",
        "201105": "19.49",
        "201106": "19.55",
        "201107": "19.53",
        "201108": "18.77",
        "201109": "18.90",
        "201110": "18.89",
        "201111": "19.52",
        "201112": "19.09",
        "201201": "19.45",
        "201202": "21.25",
        "201203": "23.79",
        "201204": "24.20",
        "201205": "20.76",
        "201206": "19.71",
        "201207": "19.60",
        "201208": "19.66",
        "201209": "19.82",
        "201210": "19.21",
        "201211": "18.98",
        "201212": "18.78",
        "201301": "19.47",
        "201302": "19.81",
        "201303": "20.06",
        "201304": "19.76",
        "201305": "19.87",
        "201306": "19.99",
        "201307": "19.70",
        "201308": "19.29",
        "201309": "18.80",
        "201310": "18.36",
        "201311": "17.91",
        "201312": "17.53",
        "201401": "17.99",
        "201402": "18.09",
        "201403": "18.25",
        "201404": "19.50",
        "201405": "20.63",
        "201406": "21.52",
        "201407": "21.25",
        "201408": "21.17",
        "201409": "22.26",
        "201410": "23.28",
        "201411": "24.83",
        "201412": "25.31",
        "201501": "24.36",
        "201502": "24.92",
        "201503": "26.42",
        "201504": "28.43",
        "201505": "28.00",
        "201506": "26.67",
        "201507": "25.11",
        "201508": "22.26",
        "201509": "21.50",
        "201510": "22.29",
        "201511": "22.89",
        "201512": "22.93",
        "201601": "22.82",
        "201602": "23.74",
        "201603": "24.66",
        "201604": "24.26",
        "201605": "24.09",
        "201606": "24.82",
        "201607": "24.57",
        "201608": "23.32",
        "201609": "23.05",
        "201610": "23.09",
        "201611": "22.67",
        "201612": "22.11",
        "201701": "22.42",
        "201702": "22.49",
        "201703": "22.78",
        "201704": "23.19",
        "201705": "23.28",
        "201706": "23.44",
        "201707": "23.52",
        "201708": "22.99",
        "201709": "23.19",
        "201710": "23.55",
        "201711": "23.92",
        "201712": "25.98",
        "201801": "26.51",
        "201802": "25.72",
        "201803": "26.03",
        "201804": "28.73",
        "201805": "27.68",
        "201806": "27.18",
        "201807": "26.04",
        "201808": "25.96",
        "201809": "26.06",
        "201810": "26.30",
        "201811": "26.33",
        "201812": "25.34",
        "201901": "25.26",
        "201902": "25.69",
        "201903": "26.20",
        "201904": "26.54",
        "201905": "26.80",
        "201906": "27.29",
        "201907": "26.78",
        "201908": "27.19",
        "201909": "29.06",
        "201910": "29.31",
        "201911": "29.47",
        "201912": "29.51",
        "202001": "30.45",
        "202002": "33.88",
        "202003": "30.66",
        "202004": "31.68",
        "202005": "35.82",
        "202006": "38.05",
        "202007": "39.80",
        "202008": "38.59",
        "202009": "39.55",
        "202010": "37.89",
        "202011": "38.62",
        "202012": "38.58",
        "202101": "37.69",
        "202102": "37.30",
        "202103": "38.75",
        "202104": "39.02",
        "202105": "38.75",
        "202106": "38.70",
        "202107": "38.63",
        "202108": "37.97",
        "202109": "37.81",
        "202110": "38.59",
        "202111": "37.96",
        "202112": "37.68",
        "202201": "37.46",
        "202202": "37.39",
        "202203": "37.99",
        "202204": "37.62",
        "202205": "37.60",
        "202206": "37.64",
        "202207": "37.03",
        "202208": "37.67",
        "202209": "36.69",
        "202210": "30.50",
        "202211": "30.98",
        "202212": "32.34",
        "202301": "33.42",
        "202302": "35.91",
        "202303": "40.13",
        "202304": "46.89",
        "202305": "50.40",
        "202306": "53.16",
        "202307": "52.56",
        "202308": "44.74",
        "202309": "42.34",
        "202310": "40.02",
        "202311": "40.19",
        "202312": "40.10"
    },
    "quarters": {
        "20011": {
            "year_quarter": 20011,
            "year": 2001,
            "quarter": 1,
            "eps": 1.79,
            "eps_growth_year": 1276.92,
            "eps_4q": 3.79,
            "eps_4q_growth_year": 381.41,
            "roe": 12.88,
            "roe_4q": 12.88,
            "gross_profit": 116274,
            "gross_margin": 36.34,
            "gross_margin_4q_avg": 36.34,
            "net_income": 247356,
            "net_income_4q": null,
            "revenue": 319951,
            "revenue_4q": null,
            "common_shares": 1380789,
            "book_valuer_per_share": 14.81,
            "book_valuer_per_share_4q_avg": 14.81,
            "equity": 2044762,
            "current_ratio": 504.09,
            "debt_ratio": 60.92,
            "inventory_turnover_ratio": 1.81,
            "account_receivable_turnover_ratio": null,
            "reinvestment_rate": null,
            "research_to_sale_ratio": null,
            "price_fair": 0,
            "eps_avg_yearly": 0,
            "eps_latest_yearly": 0,
            "eps_growth_yearly": 0
        },
        "20012": {
            "year_quarter": 20012,
            "year": 2001,
            "quarter": 2,
            "eps": 0.55,
            "eps_growth_year": 89.66,
            "eps_4q": 3.27,
            "eps_4q_growth_year": 230,
            "roe": 3.7,
            "roe_4q": 16.580000000000002,
            "gross_profit": 140381,
            "gross_margin": 38.17,
            "gross_margin_4q_avg": 37.26,
            "net_income": 98086,
            "net_income_4q": null,
            "revenue": 367752,
            "revenue_4q": null,
            "common_shares": 2280789,
            "book_valuer_per_share": 14.25,
            "book_valuer_per_share_4q_avg": 14.53,
            "equity": 3250107,
            "current_ratio": 351.66,
            "debt_ratio": 48.32,
            "inventory_turnover_ratio": 1.02,
            "account_receivable_turnover_ratio": null,
            "reinvestment_rate": null,
            "research_to_sale_ratio": null,
            "price_fair": 0,
            "eps_avg_yearly": 0,
            "eps_latest_yearly": 0,
            "eps_growth_yearly": 0
        },
        "20013": {
            "year_quarter": 20013,
            "year": 2001,
            "quarter": 3,
            "eps": 0.47,
            "eps_growth_year": -75.65,
            "eps_4q": 2.16,
            "eps_4q_growth_year": -21.18,
            "roe": 2.76,
            "roe_4q": 19.34,
            "gross_profit": 181555,
            "gross_margin": 35.69,
            "gross_margin_4q_avg": 36.73,
            "net_income": 91122,
            "net_income_4q": null,
            "revenue": 508769,
            "revenue_4q": null,
            "common_shares": 2536952,
            "book_valuer_per_share": 13.17,
            "book_valuer_per_share_4q_avg": 14.08,
            "equity": 3341229,
            "current_ratio": 366.87,
            "debt_ratio": 47.83,
            "inventory_turnover_ratio": 1,
            "account_receivable_turnover_ratio": null,
            "reinvestment_rate": null,
            "research_to_sale_ratio": null,
            "price_fair": 0,
            "eps_avg_yearly": 0,
            "eps_latest_yearly": 0,
            "eps_growth_yearly": 0
        },
        "20014": {
            "year_quarter": 20014,
            "year": 2001,
            "quarter": 4,
            "eps": 0.21,
            "eps_growth_year": null,
            "eps_4q": 2.17,
            "eps_4q_growth_year": 2.34,
            "roe": 1.39,
            "roe_4q": 20.73,
            "gross_profit": 124638,
            "gross_margin": 16.43,
            "gross_margin_4q_avg": 31.66,
            "net_income": 46785,
            "net_income_4q": null,
            "revenue": 758622,
            "revenue_4q": null,
            "common_shares": 2536952,
            "book_valuer_per_share": 13.35,
            "book_valuer_per_share_4q_avg": 13.9,
            "equity": 3388014,
            "current_ratio": 313.8,
            "debt_ratio": 48.43,
            "inventory_turnover_ratio": 1.72,
            "account_receivable_turnover_ratio": null,
            "reinvestment_rate": null,
            "research_to_sale_ratio": null,
            "price_fair": 0,
            "eps_avg_yearly": 0,
            "eps_latest_yearly": 0,
            "eps_growth_yearly": 0
        },
        "20021": {
            "year_quarter": 20021,
            "year": 2002,
            "quarter": 1,
            "eps": 0.08,
            "eps_growth_year": -95.53,
            "eps_4q": 0.98,
            "eps_4q_growth_year": -74.05,
            "roe": 0.62,
            "roe_4q": 8.469999999999999,
            "gross_profit": 55860,
            "gross_margin": 11.48,
            "gross_margin_4q_avg": 25.44,
            "net_income": 20914,
            "net_income_4q": null,
            "revenue": 486572,
            "revenue_4q": null,
            "common_shares": 2536952,
            "book_valuer_per_share": 13.44,
            "book_valuer_per_share_4q_avg": 13.55,
            "equity": 3408928,
            "current_ratio": 257.62,
            "debt_ratio": 45.43,
            "inventory_turnover_ratio": 1.81,
            "account_receivable_turnover_ratio": null,
            "reinvestment_rate": null,
            "research_to_sale_ratio": null,
            "price_fair": 0.96,
            "eps_avg_yearly": 0.32,
            "eps_latest_yearly": 0.32,
            "eps_growth_yearly": -247.62
        },
        "20022": {
            "year_quarter": 20022,
            "year": 2002,
            "quarter": 2,
            "eps": 0.66,
            "eps_growth_year": 20,
            "eps_4q": 1.29,
            "eps_4q_growth_year": -60.67,
            "roe": 4.86,
            "roe_4q": 9.629999999999999,
            "gross_profit": 172047,
            "gross_margin": 15.77,
            "gross_margin_4q_avg": 19.84,
            "net_income": 167286,
            "net_income_4q": null,
            "revenue": 1090838,
            "revenue_4q": null,
            "common_shares": 2536952,
            "book_valuer_per_share": 13.68,
            "book_valuer_per_share_4q_avg": 13.41,
            "equity": 3470386,
            "current_ratio": 202.04,
            "debt_ratio": 49.67,
            "inventory_turnover_ratio": 4.27,
            "account_receivable_turnover_ratio": null,
            "reinvestment_rate": null,
            "research_to_sale_ratio": null,
            "price_fair": 51.8,
            "eps_avg_yearly": 1.48,
            "eps_latest_yearly": 2.64,
            "eps_growth_yearly": 1326.19
        },
        "20023": {
            "year_quarter": 20023,
            "year": 2002,
            "quarter": 3,
            "eps": 0.61,
            "eps_growth_year": 29.79,
            "eps_4q": 1.43,
            "eps_4q_growth_year": -33.62,
            "roe": 4.67,
            "roe_4q": 11.540000000000001,
            "gross_profit": 243852,
            "gross_margin": 19.5,
            "gross_margin_4q_avg": 15.8,
            "net_income": 173821,
            "net_income_4q": null,
            "revenue": 1250738,
            "revenue_4q": null,
            "common_shares": 3150086,
            "book_valuer_per_share": 12.62,
            "book_valuer_per_share_4q_avg": 13.27,
            "equity": 3974428,
            "current_ratio": 194.55,
            "debt_ratio": 55.25,
            "inventory_turnover_ratio": 1.69,
            "account_receivable_turnover_ratio": null,
            "reinvestment_rate": null,
            "research_to_sale_ratio": null,
            "price_fair": 63,
            "eps_avg_yearly": 1.8,
            "eps_latest_yearly": 2.44,
            "eps_growth_yearly": 874.03
        },
        "20024": {
            "year_quarter": 20024,
            "year": 2002,
            "quarter": 4,
            "eps": 0.27,
            "eps_growth_year": 28.57,
            "eps_4q": 1.51,
            "eps_4q_growth_year": -30.35,
            "roe": 1.96,
            "roe_4q": 12.11,
            "gross_profit": 142416,
            "gross_margin": 14.21,
            "gross_margin_4q_avg": 15.24,
            "net_income": 78754,
            "net_income_4q": null,
            "revenue": 1001923,
            "revenue_4q": null,
            "common_shares": 3150086,
            "book_valuer_per_share": 12.86,
            "book_valuer_per_share_4q_avg": 13.15,
            "equity": 4052101,
            "current_ratio": 174.47,
            "debt_ratio": 54.23,
            "inventory_turnover_ratio": 0.89,
            "account_receivable_turnover_ratio": null,
            "reinvestment_rate": 95.43,
            "research_to_sale_ratio": null,
            "price_fair": 56.7,
            "eps_avg_yearly": 1.62,
            "eps_latest_yearly": 1.08,
            "eps_growth_yearly": 599.78
        },
        "20031": {
            "year_quarter": 20031,
            "year": 2003,
            "quarter": 1,
            "eps": 0.23,
            "eps_growth_year": 187.5,
            "eps_4q": 1.57,
            "eps_4q_growth_year": 59.77,
            "roe": 1.76,
            "roe_4q": 13.25,
            "gross_profit": 153022,
            "gross_margin": 13.1,
            "gross_margin_4q_avg": 15.65,
            "net_income": 72061,
            "net_income_4q": null,
            "revenue": 1167887,
            "revenue_4q": null,
            "common_shares": 3150086,
            "book_valuer_per_share": 13.09,
            "book_valuer_per_share_4q_avg": 13.06,
            "equity": 4124162,
            "current_ratio": 181.45,
            "debt_ratio": 54.84,
            "inventory_turnover_ratio": 0.94,
            "account_receivable_turnover_ratio": null,
            "reinvestment_rate": 64.05,
            "research_to_sale_ratio": null,
            "price_fair": 51.8,
            "eps_avg_yearly": 1.48,
            "eps_latest_yearly": 0.92,
            "eps_growth_yearly": 467.97
        },
        "20032": {
            "year_quarter": 20032,
            "year": 2003,
            "quarter": 2,
            "eps": 0.28,
            "eps_growth_year": -57.58,
            "eps_4q": 1.31,
            "eps_4q_growth_year": 1.93,
            "roe": 2.2,
            "roe_4q": 10.59,
            "gross_profit": 131133,
            "gross_margin": 10.93,
            "gross_margin_4q_avg": 14.44,
            "net_income": 88127,
            "net_income_4q": null,
            "revenue": 1199777,
            "revenue_4q": null,
            "common_shares": 3150086,
            "book_valuer_per_share": 12.33,
            "book_valuer_per_share_4q_avg": 12.73,
            "equity": 3885379,
            "current_ratio": 146.43,
            "debt_ratio": 55.05,
            "inventory_turnover_ratio": 1,
            "account_receivable_turnover_ratio": null,
            "reinvestment_rate": 44.75,
            "research_to_sale_ratio": null,
            "price_fair": 49.7,
            "eps_avg_yearly": 1.42,
            "eps_latest_yearly": 1.12,
            "eps_growth_yearly": 404.47
        },
        "20033": {
            "year_quarter": 20033,
            "year": 2003,
            "quarter": 3,
            "eps": 0.38,
            "eps_growth_year": -37.7,
            "eps_4q": 1.13,
            "eps_4q_growth_year": -21.14,
            "roe": 3.06,
            "roe_4q": 8.98,
            "gross_profit": 186805,
            "gross_margin": 24.45,
            "gross_margin_4q_avg": 15.67,
            "net_income": 120835,
            "net_income_4q": null,
            "revenue": 763903,
            "revenue_4q": null,
            "common_shares": 3150086,
            "book_valuer_per_share": 12.72,
            "book_valuer_per_share_4q_avg": 12.75,
            "equity": 4006214,
            "current_ratio": 224.24,
            "debt_ratio": 52.07,
            "inventory_turnover_ratio": 0.6,
            "account_receivable_turnover_ratio": null,
            "reinvestment_rate": 35.14,
            "research_to_sale_ratio": null,
            "price_fair": 50.2,
            "eps_avg_yearly": 1.43,
            "eps_latest_yearly": 1.52,
            "eps_growth_yearly": 367.1
        },
        "20034": {
            "year_quarter": 20034,
            "year": 2003,
            "quarter": 4,
            "eps": 0.23,
            "eps_growth_year": -14.81,
            "eps_4q": 1.13,
            "eps_4q_growth_year": -24.93,
            "roe": 1.77,
            "roe_4q": 8.790000000000001,
            "gross_profit": 113318,
            "gross_margin": 21.35,
            "gross_margin_4q_avg": 17.46,
            "net_income": 71462,
            "net_income_4q": null,
            "revenue": 530728,
            "revenue_4q": null,
            "common_shares": 3150086,
            "book_valuer_per_share": 12.94,
            "book_valuer_per_share_4q_avg": 12.77,
            "equity": 4077676,
            "current_ratio": 202.22,
            "debt_ratio": 52.44,
            "inventory_turnover_ratio": 0.48,
            "account_receivable_turnover_ratio": null,
            "reinvestment_rate": 36.5,
            "research_to_sale_ratio": null,
            "price_fair": 47.95,
            "eps_avg_yearly": 1.37,
            "eps_latest_yearly": 0.92,
            "eps_growth_yearly": 301.47
        },
        "20041": {
            "year_quarter": 20041,
            "year": 2004,
            "quarter": 1,
            "eps": 0.58,
            "eps_growth_year": 152.17,
            "eps_4q": 1.47,
            "eps_4q_growth_year": -6.57,
            "roe": 4.36,
            "roe_4q": 11.39,
            "gross_profit": 54431,
            "gross_margin": 17.91,
            "gross_margin_4q_avg": 18.66,
            "net_income": 183393,
            "net_income_4q": null,
            "revenue": 303959,
            "revenue_4q": null,
            "common_shares": 3197502,
            "book_valuer_per_share": 13.58,
            "book_valuer_per_share_4q_avg": 12.89,
            "equity": 4343350,
            "current_ratio": 218.89,
            "debt_ratio": 46.42,
            "inventory_turnover_ratio": 0.33,
            "account_receivable_turnover_ratio": null,
            "reinvestment_rate": 17.99,
            "research_to_sale_ratio": null,
            "price_fair": 51.64,
            "eps_avg_yearly": 1.48,
            "eps_latest_yearly": 2.32,
            "eps_growth_yearly": 335.61
        },
        "20042": {
            "year_quarter": 20042,
            "year": 2004,
            "quarter": 2,
            "eps": 0.35,
            "eps_growth_year": 25,
            "eps_4q": 1.52,
            "eps_4q_growth_year": 15.67,
            "roe": 2.58,
            "roe_4q": 11.770000000000001,
            "gross_profit": 35003,
            "gross_margin": 12.95,
            "gross_margin_4q_avg": 19.17,
            "net_income": 112678,
            "net_income_4q": null,
            "revenue": 270309,
            "revenue_4q": null,
            "common_shares": 3197503,
            "book_valuer_per_share": 13.74,
            "book_valuer_per_share_4q_avg": 13.25,
            "equity": 4392480,
            "current_ratio": 320.44,
            "debt_ratio": 46.92,
            "inventory_turnover_ratio": 0.36,
            "account_receivable_turnover_ratio": null,
            "reinvestment_rate": 5.92,
            "research_to_sale_ratio": null,
            "price_fair": 51.38,
            "eps_avg_yearly": 1.47,
            "eps_latest_yearly": 1.4,
            "eps_growth_yearly": 286.19
        },
        "20043": {
            "year_quarter": 20043,
            "year": 2004,
            "quarter": 3,
            "eps": 1.01,
            "eps_growth_year": 165.79,
            "eps_4q": 2.05,
            "eps_4q_growth_year": 81.12,
            "roe": 7.73,
            "roe_4q": 16.44,
            "gross_profit": 306656,
            "gross_margin": 53.97,
            "gross_margin_4q_avg": 26.55,
            "net_income": 357202,
            "net_income_4q": null,
            "revenue": 568174,
            "revenue_4q": null,
            "common_shares": 3481276,
            "book_valuer_per_share": 13.94,
            "book_valuer_per_share_4q_avg": 13.55,
            "equity": 4852646,
            "current_ratio": 201.61,
            "debt_ratio": 41.78,
            "inventory_turnover_ratio": 0.69,
            "account_receivable_turnover_ratio": null,
            "reinvestment_rate": -3.21,
            "research_to_sale_ratio": null,
            "price_fair": 59.56,
            "eps_avg_yearly": 1.7,
            "eps_latest_yearly": 4.04,
            "eps_growth_yearly": 328.74
        },
        "20044": {
            "year_quarter": 20044,
            "year": 2004,
            "quarter": 4,
            "eps": 0.05,
            "eps_growth_year": -78.26,
            "eps_4q": 1.76,
            "eps_4q_growth_year": 55.4,
            "roe": 0.38,
            "roe_4q": 15.05,
            "gross_profit": 68010,
            "gross_margin": 24.04,
            "gross_margin_4q_avg": 27.22,
            "net_income": 19069,
            "net_income_4q": null,
            "revenue": 282914,
            "revenue_4q": null,
            "common_shares": 3573386,
            "book_valuer_per_share": 14.5,
            "book_valuer_per_share_4q_avg": 13.94,
            "equity": 5180878,
            "current_ratio": 280.88,
            "debt_ratio": 40.64,
            "inventory_turnover_ratio": 0.51,
            "account_receivable_turnover_ratio": null,
            "reinvestment_rate": -21.58,
            "research_to_sale_ratio": null,
            "price_fair": 55.18,
            "eps_avg_yearly": 1.58,
            "eps_latest_yearly": 0.2,
            "eps_growth_yearly": 269.66
        },
        "20051": {
            "year_quarter": 20051,
            "year": 2005,
            "quarter": 1,
            "eps": 0.18,
            "eps_growth_year": -68.97,
            "eps_4q": 1.39,
            "eps_4q_growth_year": -5.04,
            "roe": 1.37,
            "roe_4q": 12.06,
            "gross_profit": 483,
            "gross_margin": 0.21,
            "gross_margin_4q_avg": 22.79,
            "net_income": 72557,
            "net_income_4q": null,
            "revenue": 233868,
            "revenue_4q": null,
            "common_shares": 3855401,
            "book_valuer_per_share": 13.96,
            "book_valuer_per_share_4q_avg": 14.04,
            "equity": 5382685,
            "current_ratio": 460.02,
            "debt_ratio": 33.81,
            "inventory_turnover_ratio": 0.55,
            "account_receivable_turnover_ratio": null,
            "reinvestment_rate": -30.25,
            "research_to_sale_ratio": null,
            "price_fair": 52.88,
            "eps_avg_yearly": 1.51,
            "eps_latest_yearly": 0.72,
            "eps_growth_yearly": 328.92
        },
        "20052": {
            "year_quarter": 20052,
            "year": 2005,
            "quarter": 2,
            "eps": 0.23,
            "eps_growth_year": -34.29,
            "eps_4q": 1.37,
            "eps_4q_growth_year": -9.74,
            "roe": 1.75,
            "roe_4q": 11.23,
            "gross_profit": 49976,
            "gross_margin": 13.54,
            "gross_margin_4q_avg": 22.94,
            "net_income": 90618,
            "net_income_4q": null,
            "revenue": 369159,
            "revenue_4q": null,
            "common_shares": 3855402,
            "book_valuer_per_share": 12.83,
            "book_valuer_per_share_4q_avg": 13.81,
            "equity": 4945292,
            "current_ratio": 243.64,
            "debt_ratio": 39.92,
            "inventory_turnover_ratio": 2.41,
            "account_receivable_turnover_ratio": null,
            "reinvestment_rate": -31.49,
            "research_to_sale_ratio": null,
            "price_fair": 51.4,
            "eps_avg_yearly": 1.47,
            "eps_latest_yearly": 0.92,
            "eps_growth_yearly": 313.36
        },
        "20053": {
            "year_quarter": 20053,
            "year": 2005,
            "quarter": 3,
            "eps": 0.43,
            "eps_growth_year": -57.43,
            "eps_4q": 0.89,
            "eps_4q_growth_year": -56.51,
            "roe": 3.37,
            "roe_4q": 6.87,
            "gross_profit": 70212,
            "gross_margin": 19.05,
            "gross_margin_4q_avg": 14.21,
            "net_income": 169911,
            "net_income_4q": null,
            "revenue": 368636,
            "revenue_4q": null,
            "common_shares": 3988704,
            "book_valuer_per_share": 12.86,
            "book_valuer_per_share_4q_avg": 13.54,
            "equity": 5129399,
            "current_ratio": 439.26,
            "debt_ratio": 34.61,
            "inventory_turnover_ratio": 2.28,
            "account_receivable_turnover_ratio": null,
            "reinvestment_rate": -30.69,
            "research_to_sale_ratio": null,
            "price_fair": 51.99,
            "eps_avg_yearly": 1.49,
            "eps_latest_yearly": 1.72,
            "eps_growth_yearly": 315.66
        },
        "20054": {
            "year_quarter": 20054,
            "year": 2005,
            "quarter": 4,
            "eps": -0.01,
            "eps_growth_year": -120,
            "eps_4q": 0.83,
            "eps_4q_growth_year": -52.77,
            "roe": -0.05,
            "roe_4q": 6.44,
            "gross_profit": 18562,
            "gross_margin": 5.61,
            "gross_margin_4q_avg": 9.6,
            "net_income": -2797,
            "net_income_4q": null,
            "revenue": 330595,
            "revenue_4q": null,
            "common_shares": 3996933,
            "book_valuer_per_share": 12.87,
            "book_valuer_per_share_4q_avg": 13.13,
            "equity": 5157690,
            "current_ratio": 200.96,
            "debt_ratio": 45.97,
            "inventory_turnover_ratio": 0.49,
            "account_receivable_turnover_ratio": null,
            "reinvestment_rate": -31.96,
            "research_to_sale_ratio": null,
            "price_fair": 51.99,
            "eps_avg_yearly": 1.49,
            "eps_latest_yearly": 1.72,
            "eps_growth_yearly": 315.66
        },
        "20061": {
            "year_quarter": 20061,
            "year": 2006,
            "quarter": 1,
            "eps": 0.24,
            "eps_growth_year": 33.33,
            "eps_4q": 0.88,
            "eps_4q_growth_year": -37.16,
            "roe": 1.9,
            "roe_4q": 6.97,
            "gross_profit": 13510,
            "gross_margin": 5.06,
            "gross_margin_4q_avg": 10.82,
            "net_income": 97366,
            "net_income_4q": null,
            "revenue": 267010,
            "revenue_4q": null,
            "common_shares": 3996933,
            "book_valuer_per_share": 12.78,
            "book_valuer_per_share_4q_avg": 12.84,
            "equity": 5107597,
            "current_ratio": 278.28,
            "debt_ratio": 34.1,
            "inventory_turnover_ratio": 0.39,
            "account_receivable_turnover_ratio": null,
            "reinvestment_rate": -24.06,
            "research_to_sale_ratio": null,
            "price_fair": 54.9,
            "eps_avg_yearly": 1.57,
            "eps_latest_yearly": 1.72,
            "eps_growth_yearly": 355.89
        },
        "20062": {
            "year_quarter": 20062,
            "year": 2006,
            "quarter": 2,
            "eps": 0.18,
            "eps_growth_year": -21.74,
            "eps_4q": 0.84,
            "eps_4q_growth_year": -38.73,
            "roe": 1.47,
            "roe_4q": 6.69,
            "gross_profit": 15156,
            "gross_margin": 5.12,
            "gross_margin_4q_avg": 8.71,
            "net_income": 72254,
            "net_income_4q": null,
            "revenue": 296223,
            "revenue_4q": null,
            "common_shares": 4016933,
            "book_valuer_per_share": 11.84,
            "book_valuer_per_share_4q_avg": 12.59,
            "equity": 4754368,
            "current_ratio": 180.08,
            "debt_ratio": 38.78,
            "inventory_turnover_ratio": 2.43,
            "account_receivable_turnover_ratio": null,
            "reinvestment_rate": -26.48,
            "research_to_sale_ratio": null,
            "price_fair": 50.1,
            "eps_avg_yearly": 1.43,
            "eps_latest_yearly": 0.72,
            "eps_growth_yearly": 141.61
        },
        "20063": {
            "year_quarter": 20063,
            "year": 2006,
            "quarter": 3,
            "eps": 0.58,
            "eps_growth_year": 34.88,
            "eps_4q": 1,
            "eps_4q_growth_year": 11.7,
            "roe": 4.72,
            "roe_4q": 8.04,
            "gross_profit": 287759,
            "gross_margin": 46.69,
            "gross_margin_4q_avg": 15.62,
            "net_income": 232879,
            "net_income_4q": null,
            "revenue": 616357,
            "revenue_4q": null,
            "common_shares": 4075266,
            "book_valuer_per_share": 12.57,
            "book_valuer_per_share_4q_avg": 12.52,
            "equity": 5123587,
            "current_ratio": 224.08,
            "debt_ratio": 34.65,
            "inventory_turnover_ratio": 3.16,
            "account_receivable_turnover_ratio": null,
            "reinvestment_rate": -27.04,
            "research_to_sale_ratio": null,
            "price_fair": 49.8,
            "eps_avg_yearly": 1.42,
            "eps_latest_yearly": 2.32,
            "eps_growth_yearly": 207.26
        },
        "20064": {
            "year_quarter": 20064,
            "year": 2006,
            "quarter": 4,
            "eps": 0.37,
            "eps_growth_year": null,
            "eps_4q": 1.36,
            "eps_4q_growth_year": 62.76,
            "roe": 2.87,
            "roe_4q": 10.96,
            "gross_profit": 212962,
            "gross_margin": 42.16,
            "gross_margin_4q_avg": 24.76,
            "net_income": 151170,
            "net_income_4q": null,
            "revenue": 505071,
            "revenue_4q": null,
            "common_shares": 4114602,
            "book_valuer_per_share": 13.05,
            "book_valuer_per_share_4q_avg": 12.56,
            "equity": 5409718,
            "current_ratio": 166.65,
            "debt_ratio": 45.41,
            "inventory_turnover_ratio": 0.41,
            "account_receivable_turnover_ratio": null,
            "reinvestment_rate": -27.49,
            "research_to_sale_ratio": null,
            "price_fair": 50.8,
            "eps_avg_yearly": 1.45,
            "eps_latest_yearly": 1.48,
            "eps_growth_yearly": 212.84
        },
        "20071": {
            "year_quarter": 20071,
            "year": 2007,
            "quarter": 1,
            "eps": 0.2,
            "eps_growth_year": -16.67,
            "eps_4q": 1.28,
            "eps_4q_growth_year": 45.94,
            "roe": 1.55,
            "roe_4q": 10.610000000000001,
            "gross_profit": 33210,
            "gross_margin": 4.46,
            "gross_margin_4q_avg": 24.61,
            "net_income": 84706,
            "net_income_4q": null,
            "revenue": 745258,
            "revenue_4q": null,
            "common_shares": 4206695,
            "book_valuer_per_share": 13.12,
            "book_valuer_per_share_4q_avg": 12.65,
            "equity": 5521042,
            "current_ratio": 140.07,
            "debt_ratio": 36.35,
            "inventory_turnover_ratio": 0.88,
            "account_receivable_turnover_ratio": null,
            "reinvestment_rate": -26.22,
            "research_to_sale_ratio": null,
            "price_fair": 50.5,
            "eps_avg_yearly": 1.44,
            "eps_latest_yearly": 0.8,
            "eps_growth_yearly": 203.95
        },
        "20072": {
            "year_quarter": 20072,
            "year": 2007,
            "quarter": 2,
            "eps": 0.05,
            "eps_growth_year": -72.22,
            "eps_4q": 1.21,
            "eps_4q_growth_year": 44.12,
            "roe": 0.37,
            "roe_4q": 9.51,
            "gross_profit": 96233,
            "gross_margin": 8.26,
            "gross_margin_4q_avg": 25.39,
            "net_income": 20222,
            "net_income_4q": null,
            "revenue": 1164581,
            "revenue_4q": null,
            "common_shares": 4206695,
            "book_valuer_per_share": 12.72,
            "book_valuer_per_share_4q_avg": 12.87,
            "equity": 5351544,
            "current_ratio": 90.98,
            "debt_ratio": 42.33,
            "inventory_turnover_ratio": 5.41,
            "account_receivable_turnover_ratio": null,
            "reinvestment_rate": -26.2,
            "research_to_sale_ratio": null,
            "price_fair": 48.2,
            "eps_avg_yearly": 1.38,
            "eps_latest_yearly": 0.2,
            "eps_growth_yearly": 176.31
        },
        "20073": {
            "year_quarter": 20073,
            "year": 2007,
            "quarter": 3,
            "eps": 0.3,
            "eps_growth_year": -48.28,
            "eps_4q": 0.87,
            "eps_4q_growth_year": -13.02,
            "roe": 2.49,
            "roe_4q": 7.28,
            "gross_profit": 114558,
            "gross_margin": 9.81,
            "gross_margin_4q_avg": 16.17,
            "net_income": 135760,
            "net_income_4q": null,
            "revenue": 1167435,
            "revenue_4q": null,
            "common_shares": 4509422,
            "book_valuer_per_share": 12.3,
            "book_valuer_per_share_4q_avg": 12.8,
            "equity": 5547058,
            "current_ratio": 94.86,
            "debt_ratio": 36.93,
            "inventory_turnover_ratio": 11.76,
            "account_receivable_turnover_ratio": null,
            "reinvestment_rate": -25.98,
            "research_to_sale_ratio": null,
            "price_fair": 47.4,
            "eps_avg_yearly": 1.35,
            "eps_latest_yearly": 1.2,
            "eps_growth_yearly": 308.96
        },
        "20074": {
            "year_quarter": 20074,
            "year": 2007,
            "quarter": 4,
            "eps": 0.32,
            "eps_growth_year": -13.51,
            "eps_4q": 0.86,
            "eps_4q_growth_year": -36.35,
            "roe": 2.52,
            "roe_4q": 6.93,
            "gross_profit": 80716,
            "gross_margin": 7.41,
            "gross_margin_4q_avg": 7.49,
            "net_income": 141952,
            "net_income_4q": null,
            "revenue": 1088979,
            "revenue_4q": null,
            "common_shares": 4509422,
            "book_valuer_per_share": 12.67,
            "book_valuer_per_share_4q_avg": 12.7,
            "equity": 5733136,
            "current_ratio": 125.91,
            "debt_ratio": 47.01,
            "inventory_turnover_ratio": 2.37,
            "account_receivable_turnover_ratio": null,
            "reinvestment_rate": -24.83,
            "research_to_sale_ratio": null,
            "price_fair": 48.3,
            "eps_avg_yearly": 1.38,
            "eps_latest_yearly": 1.28,
            "eps_growth_yearly": 322.15
        },
        "20081": {
            "year_quarter": 20081,
            "year": 2008,
            "quarter": 1,
            "eps": 0.26,
            "eps_growth_year": 30,
            "eps_4q": 0.93,
            "eps_4q_growth_year": -27.4,
            "roe": 2.01,
            "roe_4q": 7.39,
            "gross_profit": 87540,
            "gross_margin": 4.96,
            "gross_margin_4q_avg": 7.61,
            "net_income": 116596,
            "net_income_4q": null,
            "revenue": 1764544,
            "revenue_4q": null,
            "common_shares": 4509422,
            "book_valuer_per_share": 12.94,
            "book_valuer_per_share_4q_avg": 12.66,
            "equity": 5852058,
            "current_ratio": 105.4,
            "debt_ratio": 50.54,
            "inventory_turnover_ratio": 2.14,
            "account_receivable_turnover_ratio": null,
            "reinvestment_rate": -24.45,
            "research_to_sale_ratio": null,
            "price_fair": 45.1,
            "eps_avg_yearly": 1.29,
            "eps_latest_yearly": 1.04,
            "eps_growth_yearly": 273.31
        },
        "20082": {
            "year_quarter": 20082,
            "year": 2008,
            "quarter": 2,
            "eps": 0.06,
            "eps_growth_year": 20,
            "eps_4q": 0.96,
            "eps_4q_growth_year": -20.5,
            "roe": 0.46,
            "roe_4q": 7.48,
            "gross_profit": 137024,
            "gross_margin": 4.75,
            "gross_margin_4q_avg": 6.73,
            "net_income": 26405,
            "net_income_4q": null,
            "revenue": 2881734,
            "revenue_4q": null,
            "common_shares": 4509422,
            "book_valuer_per_share": 12.67,
            "book_valuer_per_share_4q_avg": 12.65,
            "equity": 5714798,
            "current_ratio": 103.15,
            "debt_ratio": 58.32,
            "inventory_turnover_ratio": 3.96,
            "account_receivable_turnover_ratio": null,
            "reinvestment_rate": -26.29,
            "research_to_sale_ratio": null,
            "price_fair": 42.2,
            "eps_avg_yearly": 1.21,
            "eps_latest_yearly": 0.24,
            "eps_growth_yearly": 262.66
        },
        "20083": {
            "year_quarter": 20083,
            "year": 2008,
            "quarter": 3,
            "eps": 1.19,
            "eps_growth_year": 296.67,
            "eps_4q": 1.77,
            "eps_4q_growth_year": 104.64,
            "roe": 9.3,
            "roe_4q": 14.290000000000001,
            "gross_profit": 90704,
            "gross_margin": 5.14,
            "gross_margin_4q_avg": 5.57,
            "net_income": 587282,
            "net_income_4q": null,
            "revenue": 1763738,
            "revenue_4q": null,
            "common_shares": 5293391,
            "book_valuer_per_share": 13.06,
            "book_valuer_per_share_4q_avg": 12.84,
            "equity": 6915444,
            "current_ratio": 122.58,
            "debt_ratio": 49.32,
            "inventory_turnover_ratio": 3.26,
            "account_receivable_turnover_ratio": null,
            "reinvestment_rate": -23.36,
            "research_to_sale_ratio": null,
            "price_fair": 44,
            "eps_avg_yearly": 1.26,
            "eps_latest_yearly": 4.76,
            "eps_growth_yearly": 746.88
        },
        "20084": {
            "year_quarter": 20084,
            "year": 2008,
            "quarter": 4,
            "eps": 0.28,
            "eps_growth_year": -12.5,
            "eps_4q": 1.73,
            "eps_4q_growth_year": 100.97,
            "roe": 2.02,
            "roe_4q": 13.790000000000001,
            "gross_profit": 19053,
            "gross_margin": 1.35,
            "gross_margin_4q_avg": 4.05,
            "net_income": 141120,
            "net_income_4q": null,
            "revenue": 1412651,
            "revenue_4q": null,
            "common_shares": 5293391,
            "book_valuer_per_share": 13.28,
            "book_valuer_per_share_4q_avg": 12.99,
            "equity": 7029234,
            "current_ratio": 129.23,
            "debt_ratio": 46.95,
            "inventory_turnover_ratio": 2.94,
            "account_receivable_turnover_ratio": 7.54,
            "reinvestment_rate": -22.51,
            "research_to_sale_ratio": null,
            "price_fair": 46.3,
            "eps_avg_yearly": 1.32,
            "eps_latest_yearly": 1.12,
            "eps_growth_yearly": 752.19
        },
        "20091": {
            "year_quarter": 20091,
            "year": 2009,
            "quarter": 1,
            "eps": 0.26,
            "eps_growth_year": 0,
            "eps_4q": 1.68,
            "eps_4q_growth_year": 81.63,
            "roe": 1.94,
            "roe_4q": 13.720000000000002,
            "gross_profit": 47350,
            "gross_margin": 1.95,
            "gross_margin_4q_avg": 3.3,
            "net_income": 137961,
            "net_income_4q": null,
            "revenue": 2430551,
            "revenue_4q": null,
            "common_shares": 5293391,
            "book_valuer_per_share": 13.55,
            "book_valuer_per_share_4q_avg": 13.14,
            "equity": 7171662,
            "current_ratio": 125.21,
            "debt_ratio": 46.94,
            "inventory_turnover_ratio": 3.78,
            "account_receivable_turnover_ratio": 6.51,
            "reinvestment_rate": -17.35,
            "research_to_sale_ratio": null,
            "price_fair": 47.1,
            "eps_avg_yearly": 1.35,
            "eps_latest_yearly": 1.04,
            "eps_growth_yearly": 675.86
        },
        "20092": {
            "year_quarter": 20092,
            "year": 2009,
            "quarter": 2,
            "eps": 0.6,
            "eps_growth_year": 900,
            "eps_4q": 2.24,
            "eps_4q_growth_year": 133.22,
            "roe": 4.52,
            "roe_4q": 17.78,
            "gross_profit": 268779,
            "gross_margin": 9.7,
            "gross_margin_4q_avg": 4.54,
            "net_income": 316635,
            "net_income_4q": null,
            "revenue": 2769492,
            "revenue_4q": null,
            "common_shares": 5293391,
            "book_valuer_per_share": 12.92,
            "book_valuer_per_share_4q_avg": 13.2,
            "equity": 6838564,
            "current_ratio": 148.74,
            "debt_ratio": 48.39,
            "inventory_turnover_ratio": 1.65,
            "account_receivable_turnover_ratio": 7.99,
            "reinvestment_rate": -15.67,
            "research_to_sale_ratio": null,
            "price_fair": 50.8,
            "eps_avg_yearly": 1.45,
            "eps_latest_yearly": 2.4,
            "eps_growth_yearly": 705.29
        },
        "20093": {
            "year_quarter": 20093,
            "year": 2009,
            "quarter": 3,
            "eps": 0.68,
            "eps_growth_year": -42.86,
            "eps_4q": 1.81,
            "eps_4q_growth_year": 1.96,
            "roe": 5.12,
            "roe_4q": 13.6,
            "gross_profit": 302132,
            "gross_margin": 56.03,
            "gross_margin_4q_avg": 17.26,
            "net_income": 359544,
            "net_income_4q": null,
            "revenue": 539276,
            "revenue_4q": null,
            "common_shares": 5293391,
            "book_valuer_per_share": 13.61,
            "book_valuer_per_share_4q_avg": 13.34,
            "equity": 7204593,
            "current_ratio": 176.54,
            "debt_ratio": 43.71,
            "inventory_turnover_ratio": 0.12,
            "account_receivable_turnover_ratio": 1.1,
            "reinvestment_rate": -14.63,
            "research_to_sale_ratio": null,
            "price_fair": 53.3,
            "eps_avg_yearly": 1.52,
            "eps_latest_yearly": 2.72,
            "eps_growth_yearly": 684.25
        },
        "20094": {
            "year_quarter": 20094,
            "year": 2009,
            "quarter": 4,
            "eps": 0.33,
            "eps_growth_year": 17.86,
            "eps_4q": 1.87,
            "eps_4q_growth_year": 7.84,
            "roe": 2.4,
            "roe_4q": 13.979999999999999,
            "gross_profit": 78294,
            "gross_margin": 10.89,
            "gross_margin_4q_avg": 19.64,
            "net_income": 175403,
            "net_income_4q": null,
            "revenue": 718976,
            "revenue_4q": null,
            "common_shares": 5293391,
            "book_valuer_per_share": 13.96,
            "book_valuer_per_share_4q_avg": 13.51,
            "equity": 7388439,
            "current_ratio": 191.52,
            "debt_ratio": 41.32,
            "inventory_turnover_ratio": 0.79,
            "account_receivable_turnover_ratio": 2.88,
            "reinvestment_rate": 216.15,
            "research_to_sale_ratio": null,
            "price_fair": 52.83,
            "eps_avg_yearly": 1.51,
            "eps_latest_yearly": 1.32,
            "eps_growth_yearly": 624.91
        },
        "20101": {
            "year_quarter": 20101,
            "year": 2010,
            "quarter": 1,
            "eps": 0.3,
            "eps_growth_year": 15.38,
            "eps_4q": 1.91,
            "eps_4q_growth_year": 13.37,
            "roe": 2.13,
            "roe_4q": 14.169999999999998,
            "gross_profit": 33844,
            "gross_margin": 5.68,
            "gross_margin_4q_avg": 20.58,
            "net_income": 159214,
            "net_income_4q": null,
            "revenue": 595705,
            "revenue_4q": null,
            "common_shares": 5293391,
            "book_valuer_per_share": 14.27,
            "book_valuer_per_share_4q_avg": 13.69,
            "equity": 7555386,
            "current_ratio": 182.25,
            "debt_ratio": 38.19,
            "inventory_turnover_ratio": 15.14,
            "account_receivable_turnover_ratio": 1.47,
            "reinvestment_rate": 217.37,
            "research_to_sale_ratio": null,
            "price_fair": 52.15,
            "eps_avg_yearly": 1.49,
            "eps_latest_yearly": 1.2,
            "eps_growth_yearly": 583.58
        },
        "20102": {
            "year_quarter": 20102,
            "year": 2010,
            "quarter": 2,
            "eps": 0.55,
            "eps_growth_year": -7.96,
            "eps_4q": 1.81,
            "eps_4q_growth_year": -19.12,
            "roe": 4.09,
            "roe_4q": 13.739999999999998,
            "gross_profit": 78275,
            "gross_margin": 14.91,
            "gross_margin_4q_avg": 21.88,
            "net_income": 304012,
            "net_income_4q": null,
            "revenue": 524926,
            "revenue_4q": null,
            "common_shares": 5293391,
            "book_valuer_per_share": 13.84,
            "book_valuer_per_share_4q_avg": 13.92,
            "equity": 7324920,
            "current_ratio": 158.25,
            "debt_ratio": 37.34,
            "inventory_turnover_ratio": 15.54,
            "account_receivable_turnover_ratio": 1.87,
            "reinvestment_rate": 185.37,
            "research_to_sale_ratio": null,
            "price_fair": 55.39,
            "eps_avg_yearly": 1.58,
            "eps_latest_yearly": 2.2,
            "eps_growth_yearly": 610.66
        },
        "20103": {
            "year_quarter": 20103,
            "year": 2010,
            "quarter": 3,
            "eps": 0.58,
            "eps_growth_year": -15.34,
            "eps_4q": 1.74,
            "eps_4q_growth_year": -3.93,
            "roe": 4.24,
            "roe_4q": 12.860000000000001,
            "gross_profit": 44694,
            "gross_margin": 9.12,
            "gross_margin_4q_avg": 10.15,
            "net_income": 316909,
            "net_income_4q": null,
            "revenue": 490227,
            "revenue_4q": null,
            "common_shares": 5505127,
            "book_valuer_per_share": 13.87,
            "book_valuer_per_share_4q_avg": 13.99,
            "equity": 7636916,
            "current_ratio": 176.57,
            "debt_ratio": 32.55,
            "inventory_turnover_ratio": 19.15,
            "account_receivable_turnover_ratio": 1.97,
            "reinvestment_rate": 194.61,
            "research_to_sale_ratio": null,
            "price_fair": 55.39,
            "eps_avg_yearly": 1.58,
            "eps_latest_yearly": 2.32,
            "eps_growth_yearly": 556.47
        },
        "20104": {
            "year_quarter": 20104,
            "year": 2010,
            "quarter": 4,
            "eps": 0.26,
            "eps_growth_year": -20.85,
            "eps_4q": 1.68,
            "eps_4q_growth_year": -10.22,
            "roe": 1.87,
            "roe_4q": 12.329999999999998,
            "gross_profit": 65311,
            "gross_margin": 11.97,
            "gross_margin_4q_avg": 10.42,
            "net_income": 143786,
            "net_income_4q": null,
            "revenue": 545548,
            "revenue_4q": null,
            "common_shares": 5505127,
            "book_valuer_per_share": 14.07,
            "book_valuer_per_share_4q_avg": 14.01,
            "equity": 7747456,
            "current_ratio": 162.53,
            "debt_ratio": 32.07,
            "inventory_turnover_ratio": 21.12,
            "account_receivable_turnover_ratio": 2.05,
            "reinvestment_rate": 207.81,
            "research_to_sale_ratio": null,
            "price_fair": 54.43,
            "eps_avg_yearly": 1.56,
            "eps_latest_yearly": 1.04,
            "eps_growth_yearly": 551.73
        },
        "20111": {
            "year_quarter": 20111,
            "year": 2011,
            "quarter": 1,
            "eps": 0.18,
            "eps_growth_year": -40,
            "eps_4q": 1.57,
            "eps_4q_growth_year": -17.93,
            "roe": 1.26,
            "roe_4q": 11.46,
            "gross_profit": 20358,
            "gross_margin": 4.49,
            "gross_margin_4q_avg": 10.12,
            "net_income": 98050,
            "net_income_4q": null,
            "revenue": 453220,
            "revenue_4q": null,
            "common_shares": 5505127,
            "book_valuer_per_share": 14.26,
            "book_valuer_per_share_4q_avg": 14.01,
            "equity": 7847910,
            "current_ratio": 125.88,
            "debt_ratio": 37.47,
            "inventory_turnover_ratio": 21.58,
            "account_receivable_turnover_ratio": 1.65,
            "reinvestment_rate": 267.37,
            "research_to_sale_ratio": null,
            "price_fair": 54.25,
            "eps_avg_yearly": 1.55,
            "eps_latest_yearly": 0.72,
            "eps_growth_yearly": 555.53
        },
        "20112": {
            "year_quarter": 20112,
            "year": 2011,
            "quarter": 2,
            "eps": 0.51,
            "eps_growth_year": -8.55,
            "eps_4q": 1.45,
            "eps_4q_growth_year": -19.83,
            "roe": 3.82,
            "roe_4q": 11.190000000000001,
            "gross_profit": 32922,
            "gross_margin": 4.67,
            "gross_margin_4q_avg": 7.56,
            "net_income": 297475,
            "net_income_4q": null,
            "revenue": 705343,
            "revenue_4q": null,
            "common_shares": 5505127,
            "book_valuer_per_share": 14.03,
            "book_valuer_per_share_4q_avg": 14.06,
            "equity": 7721663,
            "current_ratio": 154.82,
            "debt_ratio": 40.6,
            "inventory_turnover_ratio": 36.36,
            "account_receivable_turnover_ratio": 2.62,
            "reinvestment_rate": 227.05,
            "research_to_sale_ratio": null,
            "price_fair": 58.28,
            "eps_avg_yearly": 1.67,
            "eps_latest_yearly": 2.04,
            "eps_growth_yearly": 620.11
        },
        "20113": {
            "year_quarter": 20113,
            "year": 2011,
            "quarter": 3,
            "eps": 0.72,
            "eps_growth_year": 24.27,
            "eps_4q": 1.63,
            "eps_4q_growth_year": -6.04,
            "roe": 5.3,
            "roe_4q": 12.25,
            "gross_profit": 68794,
            "gross_margin": 8.43,
            "gross_margin_4q_avg": 7.39,
            "net_income": 421386,
            "net_income_4q": null,
            "revenue": 816065,
            "revenue_4q": null,
            "common_shares": 5890486,
            "book_valuer_per_share": 13.88,
            "book_valuer_per_share_4q_avg": 14.06,
            "equity": 8178615,
            "current_ratio": 145.42,
            "debt_ratio": 35.36,
            "inventory_turnover_ratio": 36.42,
            "account_receivable_turnover_ratio": 2.9,
            "reinvestment_rate": 213.46,
            "research_to_sale_ratio": null,
            "price_fair": 61.95,
            "eps_avg_yearly": 1.77,
            "eps_latest_yearly": 2.88,
            "eps_growth_yearly": 505.4
        },
        "20114": {
            "year_quarter": 20114,
            "year": 2011,
            "quarter": 4,
            "eps": 0.37,
            "eps_growth_year": 43.42,
            "eps_4q": 1.76,
            "eps_4q_growth_year": 4.95,
            "roe": 2.66,
            "roe_4q": 13.04,
            "gross_profit": 47005,
            "gross_margin": 5.8,
            "gross_margin_4q_avg": 5.85,
            "net_income": 220658,
            "net_income_4q": null,
            "revenue": 810248,
            "revenue_4q": null,
            "common_shares": 5890486,
            "book_valuer_per_share": 14.24,
            "book_valuer_per_share_4q_avg": 14.1,
            "equity": 8390221,
            "current_ratio": 145.82,
            "debt_ratio": 33.28,
            "inventory_turnover_ratio": 35.98,
            "account_receivable_turnover_ratio": 2.14,
            "reinvestment_rate": 214.62,
            "research_to_sale_ratio": null,
            "price_fair": 62.39,
            "eps_avg_yearly": 1.78,
            "eps_latest_yearly": 1.48,
            "eps_growth_yearly": 491.58
        },
        "20121": {
            "year_quarter": 20121,
            "year": 2012,
            "quarter": 1,
            "eps": 0.11,
            "eps_growth_year": -38.89,
            "eps_4q": 1.71,
            "eps_4q_growth_year": 8.88,
            "roe": 0.78,
            "roe_4q": 12.56,
            "gross_profit": -66182,
            "gross_margin": -7.55,
            "gross_margin_4q_avg": 2.84,
            "net_income": 65628,
            "net_income_4q": null,
            "revenue": 876671,
            "revenue_4q": null,
            "common_shares": 5890486,
            "book_valuer_per_share": 14.35,
            "book_valuer_per_share_4q_avg": 14.13,
            "equity": 8451574,
            "current_ratio": 167.93,
            "debt_ratio": 32.62,
            "inventory_turnover_ratio": 50.97,
            "account_receivable_turnover_ratio": 2.37,
            "reinvestment_rate": 221.25,
            "research_to_sale_ratio": null,
            "price_fair": 61.08,
            "eps_avg_yearly": 1.75,
            "eps_latest_yearly": 0.44,
            "eps_growth_yearly": 478.7
        },
        "20122": {
            "year_quarter": 20122,
            "year": 2012,
            "quarter": 2,
            "eps": 0.41,
            "eps_growth_year": -17.9,
            "eps_4q": 1.62,
            "eps_4q_growth_year": 11.17,
            "roe": 3,
            "roe_4q": 11.74,
            "gross_profit": 5132,
            "gross_margin": 0.82,
            "gross_margin_4q_avg": 1.88,
            "net_income": 244221,
            "net_income_4q": null,
            "revenue": 627815,
            "revenue_4q": null,
            "common_shares": 5890486,
            "book_valuer_per_share": 13.29,
            "book_valuer_per_share_4q_avg": 13.94,
            "equity": 7828269,
            "current_ratio": 177.98,
            "debt_ratio": 39.05,
            "inventory_turnover_ratio": 21.23,
            "account_receivable_turnover_ratio": 2.44,
            "reinvestment_rate": 187.42,
            "research_to_sale_ratio": null,
            "price_fair": 64.14,
            "eps_avg_yearly": 1.83,
            "eps_latest_yearly": 1.64,
            "eps_growth_yearly": 566.12
        },
        "20123": {
            "year_quarter": 20123,
            "year": 2012,
            "quarter": 3,
            "eps": 0.59,
            "eps_growth_year": -16.85,
            "eps_4q": 1.5,
            "eps_4q_growth_year": -8.31,
            "roe": 4.38,
            "roe_4q": 10.82,
            "gross_profit": 77216,
            "gross_margin": 8.68,
            "gross_margin_4q_avg": 1.94,
            "net_income": 350368,
            "net_income_4q": null,
            "revenue": 889328,
            "revenue_4q": null,
            "common_shares": 5890486,
            "book_valuer_per_share": 13.87,
            "book_valuer_per_share_4q_avg": 13.94,
            "equity": 8171478,
            "current_ratio": 197.75,
            "debt_ratio": 32.22,
            "inventory_turnover_ratio": 19.28,
            "account_receivable_turnover_ratio": 3.08,
            "reinvestment_rate": 208.1,
            "research_to_sale_ratio": null,
            "price_fair": 58.89,
            "eps_avg_yearly": 1.68,
            "eps_latest_yearly": 2.36,
            "eps_growth_yearly": 106.26
        },
        "20124": {
            "year_quarter": 20124,
            "year": 2012,
            "quarter": 4,
            "eps": -0.22,
            "eps_growth_year": -159.66,
            "eps_4q": 0.9,
            "eps_4q_growth_year": -49.06,
            "roe": -1.62,
            "roe_4q": 6.54,
            "gross_profit": -183107,
            "gross_margin": -20.04,
            "gross_margin_4q_avg": -4.52,
            "net_income": -131646,
            "net_income_4q": null,
            "revenue": 913747,
            "revenue_4q": null,
            "common_shares": 5890486,
            "book_valuer_per_share": 13.65,
            "book_valuer_per_share_4q_avg": 13.79,
            "equity": 8037816,
            "current_ratio": 189.51,
            "debt_ratio": 34.18,
            "inventory_turnover_ratio": 38.17,
            "account_receivable_turnover_ratio": 2.13,
            "reinvestment_rate": 229.08,
            "research_to_sale_ratio": null,
            "price_fair": 60.2,
            "eps_avg_yearly": 1.72,
            "eps_latest_yearly": 2.36,
            "eps_growth_yearly": 133.73
        },
        "20131": {
            "year_quarter": 20131,
            "year": 2013,
            "quarter": 1,
            "eps": 0.38,
            "eps_growth_year": 245.45,
            "eps_4q": 1.17,
            "eps_4q_growth_year": -31.67,
            "roe": 2.42,
            "roe_4q": 8.18,
            "gross_profit": 41928,
            "gross_margin": 5.74,
            "gross_margin_4q_avg": -1.2,
            "net_income": 223826,
            "net_income_4q": null,
            "revenue": 730282,
            "revenue_4q": null,
            "common_shares": 5890486,
            "book_valuer_per_share": 17.81,
            "book_valuer_per_share_4q_avg": 14.66,
            "equity": 10488017,
            "current_ratio": 199.98,
            "debt_ratio": 25.56,
            "inventory_turnover_ratio": 46.91,
            "account_receivable_turnover_ratio": 1.81,
            "reinvestment_rate": 277.87,
            "research_to_sale_ratio": null,
            "price_fair": 61.9,
            "eps_avg_yearly": 1.77,
            "eps_latest_yearly": 2.36,
            "eps_growth_yearly": 145.33
        },
        "20132": {
            "year_quarter": 20132,
            "year": 2013,
            "quarter": 2,
            "eps": -0.05,
            "eps_growth_year": -112.06,
            "eps_4q": 0.7,
            "eps_4q_growth_year": -56.42,
            "roe": -0.27,
            "roe_4q": 4.91,
            "gross_profit": -302176,
            "gross_margin": -43.82,
            "gross_margin_4q_avg": -12.36,
            "net_income": -27731,
            "net_income_4q": null,
            "revenue": 689534,
            "revenue_4q": null,
            "common_shares": 5890486,
            "book_valuer_per_share": 16.53,
            "book_valuer_per_share_4q_avg": 15.47,
            "equity": 9735955,
            "current_ratio": 153.64,
            "debt_ratio": 33.37,
            "inventory_turnover_ratio": 69.02,
            "account_receivable_turnover_ratio": 1.98,
            "reinvestment_rate": 293.07,
            "research_to_sale_ratio": null,
            "price_fair": 60.2,
            "eps_avg_yearly": 1.72,
            "eps_latest_yearly": 2.36,
            "eps_growth_yearly": 116.27
        },
        "20133": {
            "year_quarter": 20133,
            "year": 2013,
            "quarter": 3,
            "eps": 0.46,
            "eps_growth_year": -22.66,
            "eps_4q": 0.57,
            "eps_4q_growth_year": -61.77,
            "roe": 2.76,
            "roe_4q": 3.29,
            "gross_profit": 70143,
            "gross_margin": 12.04,
            "gross_margin_4q_avg": -11.52,
            "net_income": 272290,
            "net_income_4q": null,
            "revenue": 582531,
            "revenue_4q": null,
            "common_shares": 5890486,
            "book_valuer_per_share": 17.02,
            "book_valuer_per_share_4q_avg": 16.25,
            "equity": 10026432,
            "current_ratio": 113.85,
            "debt_ratio": 26.83,
            "inventory_turnover_ratio": 36.64,
            "account_receivable_turnover_ratio": 1.59,
            "reinvestment_rate": 311.2,
            "research_to_sale_ratio": null,
            "price_fair": 57.28,
            "eps_avg_yearly": 1.64,
            "eps_latest_yearly": 2.36,
            "eps_growth_yearly": 121.51
        },
        "20134": {
            "year_quarter": 20134,
            "year": 2013,
            "quarter": 4,
            "eps": 0.51,
            "eps_growth_year": null,
            "eps_4q": 1.3,
            "eps_4q_growth_year": 44.93,
            "roe": 2.93,
            "roe_4q": 7.84,
            "gross_profit": 91826,
            "gross_margin": 13.7,
            "gross_margin_4q_avg": -3.09,
            "net_income": 297694,
            "net_income_4q": null,
            "revenue": 670473,
            "revenue_4q": null,
            "common_shares": 5890486,
            "book_valuer_per_share": 17.5,
            "book_valuer_per_share_4q_avg": 17.22,
            "equity": 10309436,
            "current_ratio": 136,
            "debt_ratio": 25.12,
            "inventory_turnover_ratio": 40.95,
            "account_receivable_turnover_ratio": 1.92,
            "reinvestment_rate": 109.49,
            "research_to_sale_ratio": null,
            "price_fair": 59.38,
            "eps_avg_yearly": 1.7,
            "eps_latest_yearly": 2.04,
            "eps_growth_yearly": 142.29
        },
        "20141": {
            "year_quarter": 20141,
            "year": 2014,
            "quarter": 1,
            "eps": 0.95,
            "eps_growth_year": 150,
            "eps_4q": 1.87,
            "eps_4q_growth_year": 60.03,
            "roe": 5.25,
            "roe_4q": 10.67,
            "gross_profit": 65209,
            "gross_margin": 17.14,
            "gross_margin_4q_avg": -0.24,
            "net_income": 556771,
            "net_income_4q": null,
            "revenue": 380360,
            "revenue_4q": null,
            "common_shares": 5890486,
            "book_valuer_per_share": 18.49,
            "book_valuer_per_share_4q_avg": 17.39,
            "equity": 10890944,
            "current_ratio": 124.67,
            "debt_ratio": 28.48,
            "inventory_turnover_ratio": 20.36,
            "account_receivable_turnover_ratio": 0.96,
            "reinvestment_rate": 135.64,
            "research_to_sale_ratio": null,
            "price_fair": 66.97,
            "eps_avg_yearly": 1.91,
            "eps_latest_yearly": 3.8,
            "eps_growth_yearly": 174.08
        },
        "20142": {
            "year_quarter": 20142,
            "year": 2014,
            "quarter": 2,
            "eps": 0.67,
            "eps_growth_year": null,
            "eps_4q": 2.58,
            "eps_4q_growth_year": 266.58,
            "roe": 3.67,
            "roe_4q": 14.61,
            "gross_profit": 71202,
            "gross_margin": 15.17,
            "gross_margin_4q_avg": 14.51,
            "net_income": 393882,
            "net_income_4q": null,
            "revenue": 469240,
            "revenue_4q": null,
            "common_shares": 5890486,
            "book_valuer_per_share": 17.93,
            "book_valuer_per_share_4q_avg": 17.74,
            "equity": 10561214,
            "current_ratio": 130.89,
            "debt_ratio": 30.9,
            "inventory_turnover_ratio": 27.26,
            "account_receivable_turnover_ratio": 1.11,
            "reinvestment_rate": 130.56,
            "research_to_sale_ratio": null,
            "price_fair": 68.37,
            "eps_avg_yearly": 1.95,
            "eps_latest_yearly": 2.68,
            "eps_growth_yearly": 136.48
        },
        "20143": {
            "year_quarter": 20143,
            "year": 2014,
            "quarter": 3,
            "eps": 0.82,
            "eps_growth_year": 78.26,
            "eps_4q": 2.94,
            "eps_4q_growth_year": 414.27,
            "roe": 4.48,
            "roe_4q": 16.330000000000002,
            "gross_profit": 86779,
            "gross_margin": 22.67,
            "gross_margin_4q_avg": 17.17,
            "net_income": 483406,
            "net_income_4q": null,
            "revenue": 382875,
            "revenue_4q": null,
            "common_shares": 5890486,
            "book_valuer_per_share": 18.72,
            "book_valuer_per_share_4q_avg": 18.16,
            "equity": 11029146,
            "current_ratio": 142.25,
            "debt_ratio": 24.32,
            "inventory_turnover_ratio": 22.31,
            "account_receivable_turnover_ratio": 0.78,
            "reinvestment_rate": 126.77,
            "research_to_sale_ratio": null,
            "price_fair": 71.17,
            "eps_avg_yearly": 2.03,
            "eps_latest_yearly": 3.28,
            "eps_growth_yearly": 142.12
        },
        "20144": {
            "year_quarter": 20144,
            "year": 2014,
            "quarter": 4,
            "eps": 0.5,
            "eps_growth_year": -1.11,
            "eps_4q": 2.93,
            "eps_4q_growth_year": 125.62,
            "roe": 2.63,
            "roe_4q": 16.03,
            "gross_profit": 40104,
            "gross_margin": 9.58,
            "gross_margin_4q_avg": 16.14,
            "net_income": 294381,
            "net_income_4q": null,
            "revenue": 418705,
            "revenue_4q": null,
            "common_shares": 5890486,
            "book_valuer_per_share": 19.28,
            "book_valuer_per_share_4q_avg": 18.61,
            "equity": 11356396,
            "current_ratio": 131.41,
            "debt_ratio": 27.09,
            "inventory_turnover_ratio": 29.04,
            "account_receivable_turnover_ratio": 0.82,
            "reinvestment_rate": 135.64,
            "research_to_sale_ratio": null,
            "price_fair": 73.97,
            "eps_avg_yearly": 2.11,
            "eps_latest_yearly": 2,
            "eps_growth_yearly": 147.51
        },
        "20151": {
            "year_quarter": 20151,
            "year": 2015,
            "quarter": 1,
            "eps": 0.38,
            "eps_growth_year": -60,
            "eps_4q": 2.37,
            "eps_4q_growth_year": 26.9,
            "roe": 1.94,
            "roe_4q": 12.72,
            "gross_profit": 48999,
            "gross_margin": 15.96,
            "gross_margin_4q_avg": 15.85,
            "net_income": 222945,
            "net_income_4q": null,
            "revenue": 307102,
            "revenue_4q": null,
            "common_shares": 5890486,
            "book_valuer_per_share": 19.67,
            "book_valuer_per_share_4q_avg": 18.9,
            "equity": 11587204,
            "current_ratio": 167.34,
            "debt_ratio": 25.76,
            "inventory_turnover_ratio": 22.25,
            "account_receivable_turnover_ratio": 0.7,
            "reinvestment_rate": 90.98,
            "research_to_sale_ratio": null,
            "price_fair": 76.3,
            "eps_avg_yearly": 2.18,
            "eps_latest_yearly": 1.52,
            "eps_growth_yearly": 149.76
        },
        "20152": {
            "year_quarter": 20152,
            "year": 2015,
            "quarter": 2,
            "eps": 0.56,
            "eps_growth_year": -16.42,
            "eps_4q": 2.26,
            "eps_4q_growth_year": -12.51,
            "roe": 2.92,
            "roe_4q": 11.969999999999999,
            "gross_profit": 102801,
            "gross_margin": 29.58,
            "gross_margin_4q_avg": 19.45,
            "net_income": 329705,
            "net_income_4q": null,
            "revenue": 347526,
            "revenue_4q": null,
            "common_shares": 5890486,
            "book_valuer_per_share": 18.62,
            "book_valuer_per_share_4q_avg": 19.07,
            "equity": 10968757,
            "current_ratio": 144.87,
            "debt_ratio": 30.69,
            "inventory_turnover_ratio": 24.46,
            "account_receivable_turnover_ratio": 0.86,
            "reinvestment_rate": 85.8,
            "research_to_sale_ratio": null,
            "price_fair": 76.88,
            "eps_avg_yearly": 2.2,
            "eps_latest_yearly": 2.24,
            "eps_growth_yearly": 104.44
        },
        "20153": {
            "year_quarter": 20153,
            "year": 2015,
            "quarter": 3,
            "eps": 0.57,
            "eps_growth_year": -30.49,
            "eps_4q": 2.01,
            "eps_4q_growth_year": -31.6,
            "roe": 3.03,
            "roe_4q": 10.52,
            "gross_profit": 118828,
            "gross_margin": 20.85,
            "gross_margin_4q_avg": 18.99,
            "net_income": 337521,
            "net_income_4q": null,
            "revenue": 569785,
            "revenue_4q": null,
            "common_shares": 5890486,
            "book_valuer_per_share": 19.24,
            "book_valuer_per_share_4q_avg": 19.2,
            "equity": 11330639,
            "current_ratio": 104.79,
            "debt_ratio": 24.2,
            "inventory_turnover_ratio": 48.14,
            "account_receivable_turnover_ratio": 1.88,
            "reinvestment_rate": 91.11,
            "research_to_sale_ratio": null,
            "price_fair": 75.13,
            "eps_avg_yearly": 2.15,
            "eps_latest_yearly": 2.28,
            "eps_growth_yearly": 91.31
        },
        "20154": {
            "year_quarter": 20154,
            "year": 2015,
            "quarter": 4,
            "eps": 0.29,
            "eps_growth_year": -41.66,
            "eps_4q": 1.8,
            "eps_4q_growth_year": -38.56,
            "roe": 1.51,
            "roe_4q": 9.4,
            "gross_profit": 45482,
            "gross_margin": 14.1,
            "gross_margin_4q_avg": 20.12,
            "net_income": 171730,
            "net_income_4q": null,
            "revenue": 322502,
            "revenue_4q": null,
            "common_shares": 5890486,
            "book_valuer_per_share": 19.5,
            "book_valuer_per_share_4q_avg": 19.26,
            "equity": 11485922,
            "current_ratio": 164.25,
            "debt_ratio": 23.07,
            "inventory_turnover_ratio": 28.47,
            "account_receivable_turnover_ratio": 1.55,
            "reinvestment_rate": 91.11,
            "research_to_sale_ratio": null,
            "price_fair": 74.2,
            "eps_avg_yearly": 2.12,
            "eps_latest_yearly": 1.16,
            "eps_growth_yearly": 91.14
        },
        "20161": {
            "year_quarter": 20161,
            "year": 2016,
            "quarter": 1,
            "eps": 0.32,
            "eps_growth_year": -15.79,
            "eps_4q": 1.75,
            "eps_4q_growth_year": -26.21,
            "roe": 1.64,
            "roe_4q": 9.1,
            "gross_profit": 68288,
            "gross_margin": 22.88,
            "gross_margin_4q_avg": 21.85,
            "net_income": 190064,
            "net_income_4q": null,
            "revenue": 298519,
            "revenue_4q": null,
            "common_shares": 5890486,
            "book_valuer_per_share": 19.84,
            "book_valuer_per_share_4q_avg": 19.3,
            "equity": 11688752,
            "current_ratio": 166.38,
            "debt_ratio": 22.53,
            "inventory_turnover_ratio": 21.73,
            "account_receivable_turnover_ratio": 1.76,
            "reinvestment_rate": 90.02,
            "research_to_sale_ratio": null,
            "price_fair": 76.65,
            "eps_avg_yearly": 2.19,
            "eps_latest_yearly": 1.28,
            "eps_growth_yearly": 118.01
        },
        "20162": {
            "year_quarter": 20162,
            "year": 2016,
            "quarter": 2,
            "eps": 0.37,
            "eps_growth_year": -33.93,
            "eps_4q": 1.56,
            "eps_4q_growth_year": -30.96,
            "roe": 1.92,
            "roe_4q": 8.1,
            "gross_profit": 72247,
            "gross_margin": 22.96,
            "gross_margin_4q_avg": 20.2,
            "net_income": 219193,
            "net_income_4q": null,
            "revenue": 314687,
            "revenue_4q": null,
            "common_shares": 5890486,
            "book_valuer_per_share": 18.89,
            "book_valuer_per_share_4q_avg": 19.37,
            "equity": 11127942,
            "current_ratio": 151.55,
            "debt_ratio": 27.52,
            "inventory_turnover_ratio": 25.1,
            "account_receivable_turnover_ratio": 2.1,
            "reinvestment_rate": 96.1,
            "research_to_sale_ratio": null,
            "price_fair": 76.18,
            "eps_avg_yearly": 2.18,
            "eps_latest_yearly": 1.48,
            "eps_growth_yearly": 32.31
        },
        "20163": {
            "year_quarter": 20163,
            "year": 2016,
            "quarter": 3,
            "eps": 0.45,
            "eps_growth_year": -21.05,
            "eps_4q": 1.43,
            "eps_4q_growth_year": -28.76,
            "roe": 2.34,
            "roe_4q": 7.409999999999999,
            "gross_profit": 111431,
            "gross_margin": 34.11,
            "gross_margin_4q_avg": 23.51,
            "net_income": 262888,
            "net_income_4q": null,
            "revenue": 326641,
            "revenue_4q": null,
            "common_shares": 5890486,
            "book_valuer_per_share": 19.32,
            "book_valuer_per_share_4q_avg": 19.39,
            "equity": 11380486,
            "current_ratio": 195.49,
            "debt_ratio": 22.76,
            "inventory_turnover_ratio": 24.17,
            "account_receivable_turnover_ratio": 1.71,
            "reinvestment_rate": 97.88,
            "research_to_sale_ratio": null,
            "price_fair": 74.31,
            "eps_avg_yearly": 2.13,
            "eps_latest_yearly": 1.8,
            "eps_growth_yearly": 24.89
        },
        "20164": {
            "year_quarter": 20164,
            "year": 2016,
            "quarter": 4,
            "eps": 0.47,
            "eps_growth_year": 61.2,
            "eps_4q": 1.61,
            "eps_4q_growth_year": -10.64,
            "roe": 2.4,
            "roe_4q": 8.3,
            "gross_profit": 82094,
            "gross_margin": 34.47,
            "gross_margin_4q_avg": 28.61,
            "net_income": 276821,
            "net_income_4q": null,
            "revenue": 238165,
            "revenue_4q": null,
            "common_shares": 5890486,
            "book_valuer_per_share": 19.8,
            "book_valuer_per_share_4q_avg": 19.46,
            "equity": 11664278,
            "current_ratio": 221.77,
            "debt_ratio": 22.43,
            "inventory_turnover_ratio": 16.73,
            "account_receivable_turnover_ratio": 1.22,
            "reinvestment_rate": 92.57,
            "research_to_sale_ratio": null,
            "price_fair": 72.48,
            "eps_avg_yearly": 2.11,
            "eps_latest_yearly": 1.88,
            "eps_growth_yearly": 24.34
        },
        "20171": {
            "year_quarter": 20171,
            "year": 2017,
            "quarter": 1,
            "eps": 0.14,
            "eps_growth_year": -56.25,
            "eps_4q": 1.43,
            "eps_4q_growth_year": -18.25,
            "roe": 0.71,
            "roe_4q": 7.369999999999999,
            "gross_profit": 49045,
            "gross_margin": 24.12,
            "gross_margin_4q_avg": 28.92,
            "net_income": 82312,
            "net_income_4q": null,
            "revenue": 203345,
            "revenue_4q": null,
            "common_shares": 5890486,
            "book_valuer_per_share": 19.81,
            "book_valuer_per_share_4q_avg": 19.46,
            "equity": 11669618,
            "current_ratio": 193.05,
            "debt_ratio": 22.18,
            "inventory_turnover_ratio": 14.66,
            "account_receivable_turnover_ratio": 1.38,
            "reinvestment_rate": 57.22,
            "research_to_sale_ratio": null,
            "price_fair": 25.08,
            "eps_avg_yearly": 2,
            "eps_latest_yearly": 0.56,
            "eps_growth_yearly": 2.54
        },
        "20172": {
            "year_quarter": 20172,
            "year": 2017,
            "quarter": 2,
            "eps": 0.59,
            "eps_growth_year": 59.46,
            "eps_4q": 1.64,
            "eps_4q_growth_year": 5.33,
            "roe": 3,
            "roe_4q": 8.45,
            "gross_profit": 78361,
            "gross_margin": 26.46,
            "gross_margin_4q_avg": 29.79,
            "net_income": 345439,
            "net_income_4q": null,
            "revenue": 296097,
            "revenue_4q": null,
            "common_shares": 5890486,
            "book_valuer_per_share": 19.22,
            "book_valuer_per_share_4q_avg": 19.54,
            "equity": 11348491,
            "current_ratio": 148.22,
            "debt_ratio": 26.11,
            "inventory_turnover_ratio": 19.65,
            "account_receivable_turnover_ratio": 2.16,
            "reinvestment_rate": 56.26,
            "research_to_sale_ratio": null,
            "price_fair": 70.84,
            "eps_avg_yearly": 2.02,
            "eps_latest_yearly": 2.36,
            "eps_growth_yearly": 88.08
        },
        "20173": {
            "year_quarter": 20173,
            "year": 2017,
            "quarter": 3,
            "eps": 0.76,
            "eps_growth_year": 68.89,
            "eps_4q": 1.96,
            "eps_4q_growth_year": 36.76,
            "roe": 3.85,
            "roe_4q": 9.959999999999999,
            "gross_profit": 94242,
            "gross_margin": 25.3,
            "gross_margin_4q_avg": 27.59,
            "net_income": 445160,
            "net_income_4q": null,
            "revenue": 372498,
            "revenue_4q": null,
            "common_shares": 5890486,
            "book_valuer_per_share": 19.92,
            "book_valuer_per_share_4q_avg": 19.69,
            "equity": 11756208,
            "current_ratio": 123.94,
            "debt_ratio": 22.15,
            "inventory_turnover_ratio": 28.62,
            "account_receivable_turnover_ratio": 2.31,
            "reinvestment_rate": 56.92,
            "research_to_sale_ratio": null,
            "price_fair": 73.06,
            "eps_avg_yearly": 2.09,
            "eps_latest_yearly": 3.04,
            "eps_growth_yearly": 89.78
        },
        "20174": {
            "year_quarter": 20174,
            "year": 2017,
            "quarter": 4,
            "eps": 0.16,
            "eps_growth_year": -65.82,
            "eps_4q": 1.65,
            "eps_4q_growth_year": 2.41,
            "roe": 0.8,
            "roe_4q": 8.36,
            "gross_profit": 88497,
            "gross_margin": 26.22,
            "gross_margin_4q_avg": 25.53,
            "net_income": 94156,
            "net_income_4q": null,
            "revenue": 337474,
            "revenue_4q": null,
            "common_shares": 5890486,
            "book_valuer_per_share": 20.13,
            "book_valuer_per_share_4q_avg": 19.77,
            "equity": 11878220,
            "current_ratio": 211.01,
            "debt_ratio": 22.12,
            "inventory_turnover_ratio": 31.15,
            "account_receivable_turnover_ratio": 1.85,
            "reinvestment_rate": 57.19,
            "research_to_sale_ratio": null,
            "price_fair": 70,
            "eps_avg_yearly": 2,
            "eps_latest_yearly": 0.64,
            "eps_growth_yearly": 67.33
        },
        "20181": {
            "year_quarter": 20181,
            "year": 2018,
            "quarter": 1,
            "eps": 0.15,
            "eps_growth_year": 7.14,
            "eps_4q": 1.66,
            "eps_4q_growth_year": 16.56,
            "roe": 0.76,
            "roe_4q": 8.41,
            "gross_profit": 66974,
            "gross_margin": 8.65,
            "gross_margin_4q_avg": 21.66,
            "net_income": 90862,
            "net_income_4q": null,
            "revenue": 773873,
            "revenue_4q": null,
            "common_shares": 5890486,
            "book_valuer_per_share": 20.24,
            "book_valuer_per_share_4q_avg": 19.88,
            "equity": 11943621,
            "current_ratio": 143.83,
            "debt_ratio": 25.98,
            "inventory_turnover_ratio": 106.45,
            "account_receivable_turnover_ratio": 4.21,
            "reinvestment_rate": 25.1,
            "research_to_sale_ratio": null,
            "price_fair": 63,
            "eps_avg_yearly": 1.8,
            "eps_latest_yearly": 0.6,
            "eps_growth_yearly": 44.2
        },
        "20182": {
            "year_quarter": 20182,
            "year": 2018,
            "quarter": 2,
            "eps": 0.59,
            "eps_growth_year": 0,
            "eps_4q": 1.67,
            "eps_4q_growth_year": 1.59,
            "roe": 2.96,
            "roe_4q": 8.37,
            "gross_profit": 128476,
            "gross_margin": 12.69,
            "gross_margin_4q_avg": 18.22,
            "net_income": 347483,
            "net_income_4q": null,
            "revenue": 1012789,
            "revenue_4q": null,
            "common_shares": 5890486,
            "book_valuer_per_share": 19.54,
            "book_valuer_per_share_4q_avg": 19.96,
            "equity": 11530460,
            "current_ratio": 123.58,
            "debt_ratio": 29.62,
            "inventory_turnover_ratio": 123.71,
            "account_receivable_turnover_ratio": 4.35,
            "reinvestment_rate": 26.4,
            "research_to_sale_ratio": null,
            "price_fair": 62.3,
            "eps_avg_yearly": 1.78,
            "eps_latest_yearly": 2.36,
            "eps_growth_yearly": 124.9
        },
        "20183": {
            "year_quarter": 20183,
            "year": 2018,
            "quarter": 3,
            "eps": 0.67,
            "eps_growth_year": -11.84,
            "eps_4q": 1.57,
            "eps_4q_growth_year": -19.77,
            "roe": 3.34,
            "roe_4q": 7.859999999999999,
            "gross_profit": 173147,
            "gross_margin": 11.53,
            "gross_margin_4q_avg": 14.77,
            "net_income": 391210,
            "net_income_4q": null,
            "revenue": 1501806,
            "revenue_4q": null,
            "common_shares": 5890486,
            "book_valuer_per_share": 20.22,
            "book_valuer_per_share_4q_avg": 20.03,
            "equity": 11926803,
            "current_ratio": 126.82,
            "debt_ratio": 27.79,
            "inventory_turnover_ratio": 174.17,
            "account_receivable_turnover_ratio": 5.05,
            "reinvestment_rate": 24.52,
            "research_to_sale_ratio": null,
            "price_fair": 60.99,
            "eps_avg_yearly": 1.74,
            "eps_latest_yearly": 2.68,
            "eps_growth_yearly": 122.69
        },
        "20184": {
            "year_quarter": 20184,
            "year": 2018,
            "quarter": 4,
            "eps": -0.27,
            "eps_growth_year": -268.05,
            "eps_4q": 1.14,
            "eps_4q_growth_year": -30.82,
            "roe": -1.35,
            "roe_4q": 5.709999999999999,
            "gross_profit": 77538,
            "gross_margin": 14.75,
            "gross_margin_4q_avg": 11.91,
            "net_income": -160691,
            "net_income_4q": null,
            "revenue": 525806,
            "revenue_4q": null,
            "common_shares": 5890486,
            "book_valuer_per_share": 19.92,
            "book_valuer_per_share_4q_avg": 19.98,
            "equity": 11870566,
            "current_ratio": 133.65,
            "debt_ratio": 29.18,
            "inventory_turnover_ratio": 56.14,
            "account_receivable_turnover_ratio": 1.55,
            "reinvestment_rate": -1.66,
            "research_to_sale_ratio": null,
            "price_fair": 60.39,
            "eps_avg_yearly": 1.73,
            "eps_latest_yearly": 2.68,
            "eps_growth_yearly": 141.28
        },
        "20191": {
            "year_quarter": 20191,
            "year": 2019,
            "quarter": 1,
            "eps": 0.47,
            "eps_growth_year": 213.33,
            "eps_4q": 1.46,
            "eps_4q_growth_year": -12.24,
            "roe": 2.32,
            "roe_4q": 7.27,
            "gross_profit": 42236,
            "gross_margin": 7.78,
            "gross_margin_4q_avg": 11.69,
            "net_income": 279028,
            "net_income_4q": null,
            "revenue": 542855,
            "revenue_4q": null,
            "common_shares": 5890486,
            "book_valuer_per_share": 20.42,
            "book_valuer_per_share_4q_avg": 20.03,
            "equity": 12164838,
            "current_ratio": 135.64,
            "debt_ratio": 28.91,
            "inventory_turnover_ratio": 78.08,
            "account_receivable_turnover_ratio": 1.15,
            "reinvestment_rate": 3.67,
            "research_to_sale_ratio": null,
            "price_fair": 60.9,
            "eps_avg_yearly": 1.74,
            "eps_latest_yearly": 2.68,
            "eps_growth_yearly": 158.23
        },
        "20192": {
            "year_quarter": 20192,
            "year": 2019,
            "quarter": 2,
            "eps": 0.7,
            "eps_growth_year": 18.64,
            "eps_4q": 1.57,
            "eps_4q_growth_year": -5.92,
            "roe": 3.44,
            "roe_4q": 7.75,
            "gross_profit": 115701,
            "gross_margin": 9.35,
            "gross_margin_4q_avg": 10.85,
            "net_income": 411082,
            "net_income_4q": null,
            "revenue": 1238008,
            "revenue_4q": null,
            "common_shares": 5890486,
            "book_valuer_per_share": 19.65,
            "book_valuer_per_share_4q_avg": 20.05,
            "equity": 11711501,
            "current_ratio": 115.06,
            "debt_ratio": 39.46,
            "inventory_turnover_ratio": 209.56,
            "account_receivable_turnover_ratio": 1.17,
            "reinvestment_rate": 25.7,
            "research_to_sale_ratio": null,
            "price_fair": 62.3,
            "eps_avg_yearly": 1.78,
            "eps_latest_yearly": 2.8,
            "eps_growth_yearly": 158.67
        },
        "20193": {
            "year_quarter": 20193,
            "year": 2019,
            "quarter": 3,
            "eps": 0.39,
            "eps_growth_year": -41.79,
            "eps_4q": 1.29,
            "eps_4q_growth_year": -17.92,
            "roe": 1.93,
            "roe_4q": 6.34,
            "gross_profit": 127744,
            "gross_margin": 6.64,
            "gross_margin_4q_avg": 9.63,
            "net_income": 227944,
            "net_income_4q": null,
            "revenue": 1923920,
            "revenue_4q": null,
            "common_shares": 5890486,
            "book_valuer_per_share": 20.03,
            "book_valuer_per_share_4q_avg": 20.01,
            "equity": 11936468,
            "current_ratio": 147.21,
            "debt_ratio": 34.96,
            "inventory_turnover_ratio": 242.96,
            "account_receivable_turnover_ratio": 1.76,
            "reinvestment_rate": 29.4,
            "research_to_sale_ratio": null,
            "price_fair": 60.5,
            "eps_avg_yearly": 1.73,
            "eps_latest_yearly": 1.56,
            "eps_growth_yearly": 145.51
        },
        "20194": {
            "year_quarter": 20194,
            "year": 2019,
            "quarter": 4,
            "eps": 0.3,
            "eps_growth_year": null,
            "eps_4q": 1.86,
            "eps_4q_growth_year": 63.33,
            "roe": 1.48,
            "roe_4q": 9.17,
            "gross_profit": 229049,
            "gross_margin": 6.58,
            "gross_margin_4q_avg": 7.59,
            "net_income": 178281,
            "net_income_4q": null,
            "revenue": 3481303,
            "revenue_4q": null,
            "common_shares": 5890486,
            "book_valuer_per_share": 20.31,
            "book_valuer_per_share_4q_avg": 20.1,
            "equity": 12102159,
            "current_ratio": 130.24,
            "debt_ratio": 40.76,
            "inventory_turnover_ratio": 447.66,
            "account_receivable_turnover_ratio": 5.95,
            "reinvestment_rate": 26.33,
            "research_to_sale_ratio": null,
            "price_fair": 60.6,
            "eps_avg_yearly": 1.73,
            "eps_latest_yearly": 1.2,
            "eps_growth_yearly": 152.95
        },
        "20201": {
            "year_quarter": 20201,
            "year": 2020,
            "quarter": 1,
            "eps": 0.7,
            "eps_growth_year": 48.94,
            "eps_4q": 2.09,
            "eps_4q_growth_year": 43.15,
            "roe": 3.36,
            "roe_4q": 10.209999999999999,
            "gross_profit": 135161,
            "gross_margin": 5.17,
            "gross_margin_4q_avg": 6.94,
            "net_income": 413255,
            "net_income_4q": null,
            "revenue": 2615701,
            "revenue_4q": null,
            "common_shares": 5890486,
            "book_valuer_per_share": 21,
            "book_valuer_per_share_4q_avg": 20.25,
            "equity": 12507187,
            "current_ratio": 128.71,
            "debt_ratio": 42.3,
            "inventory_turnover_ratio": 365.65,
            "account_receivable_turnover_ratio": 5.33,
            "reinvestment_rate": 30.91,
            "research_to_sale_ratio": null,
            "price_fair": 64.4,
            "eps_avg_yearly": 1.84,
            "eps_latest_yearly": 2.8,
            "eps_growth_yearly": 188.09
        },
        "20202": {
            "year_quarter": 20202,
            "year": 2020,
            "quarter": 2,
            "eps": 0.44,
            "eps_growth_year": -37.14,
            "eps_4q": 1.83,
            "eps_4q_growth_year": 16.52,
            "roe": 2.14,
            "roe_4q": 8.91,
            "gross_profit": 152853,
            "gross_margin": 6.66,
            "gross_margin_4q_avg": 6.26,
            "net_income": 259372,
            "net_income_4q": null,
            "revenue": 2295244,
            "revenue_4q": null,
            "common_shares": 5890486,
            "book_valuer_per_share": 19.74,
            "book_valuer_per_share_4q_avg": 20.27,
            "equity": 11764797,
            "current_ratio": 118.75,
            "debt_ratio": 46.88,
            "inventory_turnover_ratio": 333.16,
            "account_receivable_turnover_ratio": 5.47,
            "reinvestment_rate": 54.35,
            "research_to_sale_ratio": null,
            "price_fair": 65.1,
            "eps_avg_yearly": 1.86,
            "eps_latest_yearly": 1.76,
            "eps_growth_yearly": 173.02
        },
        "20203": {
            "year_quarter": 20203,
            "year": 2020,
            "quarter": 3,
            "eps": 0.41,
            "eps_growth_year": 5.13,
            "eps_4q": 1.85,
            "eps_4q_growth_year": 43.27,
            "roe": 2.01,
            "roe_4q": 8.99,
            "gross_profit": 195784,
            "gross_margin": 9.44,
            "gross_margin_4q_avg": 6.96,
            "net_income": 239018,
            "net_income_4q": null,
            "revenue": 2073418,
            "revenue_4q": null,
            "common_shares": 5890486,
            "book_valuer_per_share": 20.15,
            "book_valuer_per_share_4q_avg": 20.3,
            "equity": 12009969,
            "current_ratio": 119.42,
            "debt_ratio": 45.29,
            "inventory_turnover_ratio": 285.22,
            "account_receivable_turnover_ratio": 4.74,
            "reinvestment_rate": 54.13,
            "research_to_sale_ratio": null,
            "price_fair": 64.7,
            "eps_avg_yearly": 1.85,
            "eps_latest_yearly": 1.64,
            "eps_growth_yearly": 164.89
        },
        "20204": {
            "year_quarter": 20204,
            "year": 2020,
            "quarter": 4,
            "eps": 0.27,
            "eps_growth_year": -11.36,
            "eps_4q": 1.81,
            "eps_4q_growth_year": -2.69,
            "roe": 1.31,
            "roe_4q": 8.82,
            "gross_profit": 237189,
            "gross_margin": 10.18,
            "gross_margin_4q_avg": 7.86,
            "net_income": 158938,
            "net_income_4q": null,
            "revenue": 2329361,
            "revenue_4q": null,
            "common_shares": 5890486,
            "book_valuer_per_share": 20.46,
            "book_valuer_per_share_4q_avg": 20.34,
            "equity": 12189668,
            "current_ratio": 128.66,
            "debt_ratio": 46.95,
            "inventory_turnover_ratio": 275.59,
            "account_receivable_turnover_ratio": 5.1,
            "reinvestment_rate": 54.09,
            "research_to_sale_ratio": null,
            "price_fair": 62.7,
            "eps_avg_yearly": 1.79,
            "eps_latest_yearly": 1.08,
            "eps_growth_yearly": 153.86
        },
        "20211": {
            "year_quarter": 20211,
            "year": 2021,
            "quarter": 1,
            "eps": 0.51,
            "eps_growth_year": -27.14,
            "eps_4q": 1.62,
            "eps_4q_growth_year": -22.53,
            "roe": 2.42,
            "roe_4q": 7.880000000000001,
            "gross_profit": 175668,
            "gross_margin": 8.81,
            "gross_margin_4q_avg": 8.77,
            "net_income": 299095,
            "net_income_4q": null,
            "revenue": 1994998,
            "revenue_4q": null,
            "common_shares": 5890486,
            "book_valuer_per_share": 20.96,
            "book_valuer_per_share_4q_avg": 20.33,
            "equity": 12487692,
            "current_ratio": 125.93,
            "debt_ratio": 48.27,
            "inventory_turnover_ratio": 241.23,
            "account_receivable_turnover_ratio": 2.25,
            "reinvestment_rate": 57.5,
            "research_to_sale_ratio": null,
            "price_fair": 66.4,
            "eps_avg_yearly": 1.9,
            "eps_latest_yearly": 2.04,
            "eps_growth_yearly": 199.32
        },
        "20212": {
            "year_quarter": 20212,
            "year": 2021,
            "quarter": 2,
            "eps": 0.42,
            "eps_growth_year": -4.55,
            "eps_4q": 1.6,
            "eps_4q_growth_year": -12.57,
            "roe": 1.95,
            "roe_4q": 7.6899999999999995,
            "gross_profit": 210476,
            "gross_margin": 16.48,
            "gross_margin_4q_avg": 11.23,
            "net_income": 245539,
            "net_income_4q": null,
            "revenue": 1277142,
            "revenue_4q": null,
            "common_shares": 5890486,
            "book_valuer_per_share": 21.41,
            "book_valuer_per_share_4q_avg": 20.75,
            "equity": 12750413,
            "current_ratio": 142.22,
            "debt_ratio": 46.72,
            "inventory_turnover_ratio": 142.68,
            "account_receivable_turnover_ratio": 1.45,
            "reinvestment_rate": 71.88,
            "research_to_sale_ratio": null,
            "price_fair": 64.7,
            "eps_avg_yearly": 1.85,
            "eps_latest_yearly": 1.68,
            "eps_growth_yearly": 102.44
        },
        "20213": {
            "year_quarter": 20213,
            "year": 2021,
            "quarter": 3,
            "eps": 0.25,
            "eps_growth_year": -39.02,
            "eps_4q": 1.44,
            "eps_4q_growth_year": -22,
            "roe": 1.22,
            "roe_4q": 6.9,
            "gross_profit": 180797,
            "gross_margin": 12,
            "gross_margin_4q_avg": 11.87,
            "net_income": 149750,
            "net_income_4q": null,
            "revenue": 1506935,
            "revenue_4q": null,
            "common_shares": 5890486,
            "book_valuer_per_share": 19.73,
            "book_valuer_per_share_4q_avg": 20.64,
            "equity": 11763603,
            "current_ratio": 120.22,
            "debt_ratio": 49.81,
            "inventory_turnover_ratio": 167.79,
            "account_receivable_turnover_ratio": 2.77,
            "reinvestment_rate": 52.21,
            "research_to_sale_ratio": null,
            "price_fair": 59.6,
            "eps_avg_yearly": 1.7,
            "eps_latest_yearly": 1,
            "eps_growth_yearly": 82.65
        },
        "20214": {
            "year_quarter": 20214,
            "year": 2021,
            "quarter": 4,
            "eps": 0.35,
            "eps_growth_year": 30.59,
            "eps_4q": 1.52,
            "eps_4q_growth_year": -15.97,
            "roe": 1.78,
            "roe_4q": 7.37,
            "gross_profit": 209558,
            "gross_margin": 12.87,
            "gross_margin_4q_avg": 12.54,
            "net_income": 211005,
            "net_income_4q": null,
            "revenue": 1627921,
            "revenue_4q": null,
            "common_shares": 5890486,
            "book_valuer_per_share": 20.09,
            "book_valuer_per_share_4q_avg": 20.55,
            "equity": 11978063,
            "current_ratio": 121.41,
            "debt_ratio": 50.2,
            "inventory_turnover_ratio": 131.08,
            "account_receivable_turnover_ratio": 2.65,
            "reinvestment_rate": 52.99,
            "research_to_sale_ratio": null,
            "price_fair": 61.5,
            "eps_avg_yearly": 1.76,
            "eps_latest_yearly": 1.4,
            "eps_growth_yearly": 116.63
        },
        "20221": {
            "year_quarter": 20221,
            "year": 2022,
            "quarter": 1,
            "eps": 0.48,
            "eps_growth_year": -5.88,
            "eps_4q": 1.5,
            "eps_4q_growth_year": -7.59,
            "roe": 2.37,
            "roe_4q": 7.32,
            "gross_profit": 87013,
            "gross_margin": 9.77,
            "gross_margin_4q_avg": 12.78,
            "net_income": 287179,
            "net_income_4q": null,
            "revenue": 890197,
            "revenue_4q": null,
            "common_shares": 5890486,
            "book_valuer_per_share": 20.56,
            "book_valuer_per_share_4q_avg": 20.45,
            "equity": 12262235,
            "current_ratio": 108.87,
            "debt_ratio": 48.84,
            "inventory_turnover_ratio": 58.1,
            "account_receivable_turnover_ratio": 1.54,
            "reinvestment_rate": 58.72,
            "research_to_sale_ratio": null,
            "price_fair": 64.8,
            "eps_avg_yearly": 1.85,
            "eps_latest_yearly": 1.92,
            "eps_growth_yearly": 129.03
        },
        "20222": {
            "year_quarter": 20222,
            "year": 2022,
            "quarter": 2,
            "eps": -0.28,
            "eps_growth_year": -166.67,
            "eps_4q": 0.8,
            "eps_4q_growth_year": -50.12,
            "roe": -1.4,
            "roe_4q": 3.9699999999999998,
            "gross_profit": 121436,
            "gross_margin": 12.5,
            "gross_margin_4q_avg": 11.79,
            "net_income": -162699,
            "net_income_4q": null,
            "revenue": 971182,
            "revenue_4q": null,
            "common_shares": 5890486,
            "book_valuer_per_share": 18.48,
            "book_valuer_per_share_4q_avg": 19.72,
            "equity": 11042292,
            "current_ratio": 95.18,
            "debt_ratio": 53.04,
            "inventory_turnover_ratio": 63.33,
            "account_receivable_turnover_ratio": 2.38,
            "reinvestment_rate": 71.08,
            "research_to_sale_ratio": null,
            "price_fair": 63.43,
            "eps_avg_yearly": 1.81,
            "eps_latest_yearly": 1.92,
            "eps_growth_yearly": 48.7
        },
        "20223": {
            "year_quarter": 20223,
            "year": 2022,
            "quarter": 3,
            "eps": 0.32,
            "eps_growth_year": 28,
            "eps_4q": 0.87,
            "eps_4q_growth_year": -39.49,
            "roe": 1.72,
            "roe_4q": 4.470000000000001,
            "gross_profit": 90201,
            "gross_margin": 12.12,
            "gross_margin_4q_avg": 11.82,
            "net_income": 191369,
            "net_income_4q": null,
            "revenue": 744484,
            "revenue_4q": null,
            "common_shares": 5890486,
            "book_valuer_per_share": 18.8,
            "book_valuer_per_share_4q_avg": 19.48,
            "equity": 11232500,
            "current_ratio": 112.37,
            "debt_ratio": 51.64,
            "inventory_turnover_ratio": 46.65,
            "account_receivable_turnover_ratio": 2.28,
            "reinvestment_rate": 68.52,
            "research_to_sale_ratio": null,
            "price_fair": 60.9,
            "eps_avg_yearly": 1.74,
            "eps_latest_yearly": 1.92,
            "eps_growth_yearly": 48.24
        },
        "20224": {
            "year_quarter": 20224,
            "year": 2022,
            "quarter": 4,
            "eps": 1.02,
            "eps_growth_year": 189.59,
            "eps_4q": 1.54,
            "eps_4q_growth_year": 0.99,
            "roe": 5.21,
            "roe_4q": 7.8999999999999995,
            "gross_profit": 329576,
            "gross_margin": 15.98,
            "gross_margin_4q_avg": 12.59,
            "net_income": 601166,
            "net_income_4q": null,
            "revenue": 2063018,
            "revenue_4q": null,
            "common_shares": 5890486,
            "book_valuer_per_share": 19.85,
            "book_valuer_per_share_4q_avg": 19.42,
            "equity": 11850240,
            "current_ratio": 99.04,
            "debt_ratio": 52.55,
            "inventory_turnover_ratio": 102.63,
            "account_receivable_turnover_ratio": 3.71,
            "reinvestment_rate": 71.56,
            "research_to_sale_ratio": null,
            "price_fair": 67.2,
            "eps_avg_yearly": 1.92,
            "eps_latest_yearly": 4.08,
            "eps_growth_yearly": 111.83
        },
        "20231": {
            "year_quarter": 20231,
            "year": 2023,
            "quarter": 1,
            "eps": 1.15,
            "eps_growth_year": 139.58,
            "eps_4q": 2.21,
            "eps_4q_growth_year": 47.62,
            "roe": 5.58,
            "roe_4q": 11.11,
            "gross_profit": 167249,
            "gross_margin": 15.43,
            "gross_margin_4q_avg": 14.01,
            "net_income": 680071,
            "net_income_4q": null,
            "revenue": 1084212,
            "revenue_4q": null,
            "common_shares": 5890486,
            "book_valuer_per_share": 20.99,
            "book_valuer_per_share_4q_avg": 19.53,
            "equity": 12526196,
            "current_ratio": 94.06,
            "debt_ratio": 50.24,
            "inventory_turnover_ratio": 48.26,
            "account_receivable_turnover_ratio": 2.15,
            "reinvestment_rate": 74.85,
            "research_to_sale_ratio": null,
            "price_fair": 73.9,
            "eps_avg_yearly": 2.11,
            "eps_latest_yearly": 4.6,
            "eps_growth_yearly": 107.49
        },
        "20232": {
            "year_quarter": 20232,
            "year": 2023,
            "quarter": 2,
            "eps": 0.43,
            "eps_growth_year": null,
            "eps_4q": 2.4,
            "eps_4q_growth_year": 200.65,
            "roe": 2.03,
            "roe_4q": 14.540000000000001,
            "gross_profit": 84251,
            "gross_margin": 5.71,
            "gross_margin_4q_avg": 12.31,
            "net_income": 283294,
            "net_income_4q": null,
            "revenue": 1475943,
            "revenue_4q": null,
            "common_shares": 6890486,
            "book_valuer_per_share": 22.03,
            "book_valuer_per_share_4q_avg": 20.42,
            "equity": 15338876,
            "current_ratio": 114.19,
            "debt_ratio": 42.33,
            "inventory_turnover_ratio": 82.75,
            "account_receivable_turnover_ratio": 2.97,
            "reinvestment_rate": 86.75,
            "research_to_sale_ratio": null,
            "price_fair": 71.2,
            "eps_avg_yearly": 2.03,
            "eps_latest_yearly": 1.72,
            "eps_growth_yearly": 75.62
        },
        "20233": {
            "year_quarter": 20233,
            "year": 2023,
            "quarter": 3,
            "eps": 0.14,
            "eps_growth_year": -56.25,
            "eps_4q": 2.28,
            "eps_4q_growth_year": 160.78,
            "roe": 0.63,
            "roe_4q": 13.45,
            "gross_profit": 170711,
            "gross_margin": 12.41,
            "gross_margin_4q_avg": 12.38,
            "net_income": 97554,
            "net_income_4q": null,
            "revenue": 1375093,
            "revenue_4q": null,
            "common_shares": 7302820,
            "book_valuer_per_share": 20.92,
            "book_valuer_per_share_4q_avg": 20.95,
            "equity": 15435021,
            "current_ratio": 113.17,
            "debt_ratio": 39.43,
            "inventory_turnover_ratio": 99.6,
            "account_receivable_turnover_ratio": 2.93,
            "reinvestment_rate": 85.89,
            "research_to_sale_ratio": null,
            "price_fair": 68.7,
            "eps_avg_yearly": 1.96,
            "eps_latest_yearly": 0.56,
            "eps_growth_yearly": 69
        }
    },
    "months": {
        "2001-06": {
            "month": "2001-06",
            "price": "13.59",
            "revenue": 136462
        },
        "2001-07": {
            "month": "2001-07",
            "price": "12.80",
            "revenue": 174486
        },
        "2001-08": {
            "month": "2001-08",
            "price": "13.02",
            "revenue": 190977
        },
        "2001-09": {
            "month": "2001-09",
            "price": "12.09",
            "revenue": 142468
        },
        "2001-10": {
            "month": "2001-10",
            "price": "11.33",
            "revenue": 373620
        },
        "2001-11": {
            "month": "2001-11",
            "price": "12.04",
            "revenue": 209335
        },
        "2001-12": {
            "month": "2001-12",
            "price": "12.60",
            "revenue": 232081
        },
        "2002-01": {
            "month": "2002-01",
            "price": "14.00",
            "revenue": 195941
        },
        "2002-02": {
            "month": "2002-02",
            "price": "14.61",
            "revenue": 201568
        },
        "2002-03": {
            "month": "2002-03",
            "price": "14.66",
            "revenue": 282851
        },
        "2002-04": {
            "month": "2002-04",
            "price": "15.31",
            "revenue": 261580
        },
        "2002-05": {
            "month": "2002-05",
            "price": "13.94",
            "revenue": 232654
        },
        "2002-06": {
            "month": "2002-06",
            "price": "13.94",
            "revenue": 700397
        },
        "2002-07": {
            "month": "2002-07",
            "price": "13.85",
            "revenue": 363089
        },
        "2002-08": {
            "month": "2002-08",
            "price": "11.64",
            "revenue": 377628
        },
        "2002-09": {
            "month": "2002-09",
            "price": "11.09",
            "revenue": 452285
        },
        "2002-10": {
            "month": "2002-10",
            "price": "10.64",
            "revenue": 344330
        },
        "2002-11": {
            "month": "2002-11",
            "price": "11.83",
            "revenue": 302122
        },
        "2002-12": {
            "month": "2002-12",
            "price": "11.88",
            "revenue": 366398
        },
        "2003-01": {
            "month": "2003-01",
            "price": "12.39",
            "revenue": 353746
        },
        "2003-02": {
            "month": "2003-02",
            "price": "12.16",
            "revenue": 446691
        },
        "2003-03": {
            "month": "2003-03",
            "price": "11.82",
            "revenue": 367449
        },
        "2003-04": {
            "month": "2003-04",
            "price": "11.90",
            "revenue": 431872
        },
        "2003-05": {
            "month": "2003-05",
            "price": "11.38",
            "revenue": 363111
        },
        "2003-06": {
            "month": "2003-06",
            "price": "11.96",
            "revenue": 404794
        },
        "2003-07": {
            "month": "2003-07",
            "price": "12.06",
            "revenue": 292100
        },
        "2003-08": {
            "month": "2003-08",
            "price": "11.61",
            "revenue": 216723
        },
        "2003-09": {
            "month": "2003-09",
            "price": "11.48",
            "revenue": 255080
        },
        "2003-10": {
            "month": "2003-10",
            "price": "11.62",
            "revenue": 160542
        },
        "2003-11": {
            "month": "2003-11",
            "price": "11.89",
            "revenue": 132193
        },
        "2003-12": {
            "month": "2003-12",
            "price": "11.95",
            "revenue": 147031
        },
        "2004-01": {
            "month": "2004-01",
            "price": "12.92",
            "revenue": 84327
        },
        "2004-02": {
            "month": "2004-02",
            "price": "14.09",
            "revenue": 129631
        },
        "2004-03": {
            "month": "2004-03",
            "price": "15.12",
            "revenue": 90001
        },
        "2004-04": {
            "month": "2004-04",
            "price": "14.82",
            "revenue": 90057
        },
        "2004-05": {
            "month": "2004-05",
            "price": "14.03",
            "revenue": 85757
        },
        "2004-06": {
            "month": "2004-06",
            "price": "14.34",
            "revenue": 94495
        },
        "2004-07": {
            "month": "2004-07",
            "price": "14.50",
            "revenue": 122776
        },
        "2004-08": {
            "month": "2004-08",
            "price": "13.65",
            "revenue": 174209
        },
        "2004-09": {
            "month": "2004-09",
            "price": "13.69",
            "revenue": 271190
        },
        "2004-10": {
            "month": "2004-10",
            "price": "13.87",
            "revenue": 87438
        },
        "2004-11": {
            "month": "2004-11",
            "price": "14.50",
            "revenue": 101679
        },
        "2004-12": {
            "month": "2004-12",
            "price": "14.89",
            "revenue": 94765
        },
        "2005-01": {
            "month": "2005-01",
            "price": "15.73",
            "revenue": 84994
        },
        "2005-02": {
            "month": "2005-02",
            "price": "15.53",
            "revenue": 59684
        },
        "2005-03": {
            "month": "2005-03",
            "price": "15.48",
            "revenue": 89190
        },
        "2005-04": {
            "month": "2005-04",
            "price": "14.81",
            "revenue": 96029
        },
        "2005-05": {
            "month": "2005-05",
            "price": "14.49",
            "revenue": 103180
        },
        "2005-06": {
            "month": "2005-06",
            "price": "14.75",
            "revenue": 133776
        },
        "2005-07": {
            "month": "2005-07",
            "price": "14.92",
            "revenue": 161545
        },
        "2005-08": {
            "month": "2005-08",
            "price": "13.39",
            "revenue": 122254
        },
        "2005-09": {
            "month": "2005-09",
            "price": "12.26",
            "revenue": 121011
        },
        "2005-10": {
            "month": "2005-10",
            "price": "11.72",
            "revenue": 106908
        },
        "2005-11": {
            "month": "2005-11",
            "price": "11.44",
            "revenue": 115496
        },
        "2005-12": {
            "month": "2005-12",
            "price": "11.52",
            "revenue": 108191
        },
        "2006-01": {
            "month": "2006-01",
            "price": "11.54",
            "revenue": 94318
        },
        "2006-02": {
            "month": "2006-02",
            "price": "11.86",
            "revenue": 71112
        },
        "2006-03": {
            "month": "2006-03",
            "price": "11.71",
            "revenue": 101580
        },
        "2006-04": {
            "month": "2006-04",
            "price": "12.22",
            "revenue": 91477
        },
        "2006-05": {
            "month": "2006-05",
            "price": "12.84",
            "revenue": 91116
        },
        "2006-06": {
            "month": "2006-06",
            "price": "12.08",
            "revenue": 113630
        },
        "2006-07": {
            "month": "2006-07",
            "price": "12.02",
            "revenue": 104499
        },
        "2006-08": {
            "month": "2006-08",
            "price": "11.55",
            "revenue": 122244
        },
        "2006-09": {
            "month": "2006-09",
            "price": "10.45",
            "revenue": 389613
        },
        "2006-10": {
            "month": "2006-10",
            "price": "11.16",
            "revenue": 95168
        },
        "2006-11": {
            "month": "2006-11",
            "price": "11.69",
            "revenue": 84337
        },
        "2006-12": {
            "month": "2006-12",
            "price": "12.19",
            "revenue": 325098
        },
        "2007-01": {
            "month": "2007-01",
            "price": "12.87",
            "revenue": 300498
        },
        "2007-02": {
            "month": "2007-02",
            "price": "13.42",
            "revenue": 211745
        },
        "2007-03": {
            "month": "2007-03",
            "price": "13.93",
            "revenue": 233015
        },
        "2007-04": {
            "month": "2007-04",
            "price": "17.08",
            "revenue": 358445
        },
        "2007-05": {
            "month": "2007-05",
            "price": "16.62",
            "revenue": 417721
        },
        "2007-06": {
            "month": "2007-06",
            "price": "20.08",
            "revenue": 388415
        },
        "2007-07": {
            "month": "2007-07",
            "price": "21.02",
            "revenue": 395508
        },
        "2007-08": {
            "month": "2007-08",
            "price": "17.25",
            "revenue": 416147
        },
        "2007-09": {
            "month": "2007-09",
            "price": "16.76",
            "revenue": 355780
        },
        "2007-10": {
            "month": "2007-10",
            "price": "18.27",
            "revenue": 329616
        },
        "2007-11": {
            "month": "2007-11",
            "price": "17.52",
            "revenue": 395813
        },
        "2007-12": {
            "month": "2007-12",
            "price": "15.41",
            "revenue": 363551
        },
        "2008-01": {
            "month": "2008-01",
            "price": "14.75",
            "revenue": 511485
        },
        "2008-02": {
            "month": "2008-02",
            "price": "15.06",
            "revenue": 314588
        },
        "2008-03": {
            "month": "2008-03",
            "price": "16.36",
            "revenue": 438334
        },
        "2008-04": {
            "month": "2008-04",
            "price": "18.99",
            "revenue": 591095
        },
        "2008-05": {
            "month": "2008-05",
            "price": "23.40",
            "revenue": 550601
        },
        "2008-06": {
            "month": "2008-06",
            "price": "20.32",
            "revenue": 504743
        },
        "2008-07": {
            "month": "2008-07",
            "price": "15.59",
            "revenue": 478212
        },
        "2008-08": {
            "month": "2008-08",
            "price": "14.57",
            "revenue": 500114
        },
        "2008-09": {
            "month": "2008-09",
            "price": "12.23",
            "revenue": 469170
        },
        "2008-10": {
            "month": "2008-10",
            "price": "11.61",
            "revenue": 239366
        },
        "2008-11": {
            "month": "2008-11",
            "price": "12.07",
            "revenue": 296065
        },
        "2008-12": {
            "month": "2008-12",
            "price": "12.65",
            "revenue": 338065
        },
        "2009-01": {
            "month": "2009-01",
            "price": "12.41",
            "revenue": 294350
        },
        "2009-02": {
            "month": "2009-02",
            "price": "12.12",
            "revenue": 289338
        },
        "2009-03": {
            "month": "2009-03",
            "price": "13.06",
            "revenue": 277389
        },
        "2009-04": {
            "month": "2009-04",
            "price": "14.85",
            "revenue": 265439
        },
        "2009-05": {
            "month": "2009-05",
            "price": "15.30",
            "revenue": 212258
        },
        "2009-06": {
            "month": "2009-06",
            "price": "15.93",
            "revenue": 148274
        },
        "2009-07": {
            "month": "2009-07",
            "price": "15.60",
            "revenue": 109552
        },
        "2009-08": {
            "month": "2009-08",
            "price": "15.00",
            "revenue": 103904
        },
        "2009-09": {
            "month": "2009-09",
            "price": "15.23",
            "revenue": 92848
        },
        "2009-10": {
            "month": "2009-10",
            "price": "15.51",
            "revenue": 82037
        },
        "2009-11": {
            "month": "2009-11",
            "price": "16.27",
            "revenue": 86187
        },
        "2009-12": {
            "month": "2009-12",
            "price": "16.65",
            "revenue": 91056
        },
        "2010-01": {
            "month": "2010-01",
            "price": "16.92",
            "revenue": 82897
        },
        "2010-02": {
            "month": "2010-02",
            "price": "16.06",
            "revenue": 51874
        },
        "2010-03": {
            "month": "2010-03",
            "price": "16.64",
            "revenue": 85385
        },
        "2010-04": {
            "month": "2010-04",
            "price": "17.28",
            "revenue": 84874
        },
        "2010-05": {
            "month": "2010-05",
            "price": "16.72",
            "revenue": 84534
        },
        "2010-06": {
            "month": "2010-06",
            "price": "16.79",
            "revenue": 93596
        },
        "2010-07": {
            "month": "2010-07",
            "price": "18.06",
            "revenue": 93654
        },
        "2010-08": {
            "month": "2010-08",
            "price": "17.63",
            "revenue": 100495
        },
        "2010-09": {
            "month": "2010-09",
            "price": "17.14",
            "revenue": 98416
        },
        "2010-10": {
            "month": "2010-10",
            "price": "17.38",
            "revenue": 76465
        },
        "2010-11": {
            "month": "2010-11",
            "price": "17.86",
            "revenue": 77121
        },
        "2010-12": {
            "month": "2010-12",
            "price": "18.04",
            "revenue": 91134
        },
        "2011-01": {
            "month": "2011-01",
            "price": "18.47",
            "revenue": 83989
        },
        "2011-02": {
            "month": "2011-02",
            "price": "18.57",
            "revenue": 45570
        },
        "2011-03": {
            "month": "2011-03",
            "price": "19.03",
            "revenue": 86914
        },
        "2011-04": {
            "month": "2011-04",
            "price": "20.35",
            "revenue": 74242
        },
        "2011-05": {
            "month": "2011-05",
            "price": "19.49",
            "revenue": 90438
        },
        "2011-06": {
            "month": "2011-06",
            "price": "19.55",
            "revenue": 95470
        },
        "2011-07": {
            "month": "2011-07",
            "price": "19.53",
            "revenue": 99922
        },
        "2011-08": {
            "month": "2011-08",
            "price": "18.77",
            "revenue": 109539
        },
        "2011-09": {
            "month": "2011-09",
            "price": "18.90",
            "revenue": 100129
        },
        "2011-10": {
            "month": "2011-10",
            "price": "18.89",
            "revenue": 78958
        },
        "2011-11": {
            "month": "2011-11",
            "price": "19.52",
            "revenue": 81410
        },
        "2011-12": {
            "month": "2011-12",
            "price": "19.09",
            "revenue": 94151
        },
        "2012-01": {
            "month": "2012-01",
            "price": "19.45",
            "revenue": 66051
        },
        "2012-02": {
            "month": "2012-02",
            "price": "21.25",
            "revenue": 62558
        },
        "2012-03": {
            "month": "2012-03",
            "price": "23.79",
            "revenue": 92515
        },
        "2012-04": {
            "month": "2012-04",
            "price": "24.20",
            "revenue": 84901
        },
        "2012-05": {
            "month": "2012-05",
            "price": "20.76",
            "revenue": 91187
        },
        "2012-06": {
            "month": "2012-06",
            "price": "19.71",
            "revenue": 95041
        },
        "2012-07": {
            "month": "2012-07",
            "price": "19.60",
            "revenue": 106241
        },
        "2012-08": {
            "month": "2012-08",
            "price": "19.66",
            "revenue": 111935
        },
        "2012-09": {
            "month": "2012-09",
            "price": "19.82",
            "revenue": 104402
        },
        "2012-10": {
            "month": "2012-10",
            "price": "19.21",
            "revenue": 94339
        },
        "2012-11": {
            "month": "2012-11",
            "price": "18.98",
            "revenue": 95748
        },
        "2012-12": {
            "month": "2012-12",
            "price": "18.78",
            "revenue": 92665
        },
        "2013-01": {
            "month": "2013-01",
            "price": "19.47",
            "revenue": 254848
        },
        "2013-02": {
            "month": "2013-02",
            "price": "19.81",
            "revenue": 180134
        },
        "2013-03": {
            "month": "2013-03",
            "price": "20.06",
            "revenue": 294798
        },
        "2013-04": {
            "month": "2013-04",
            "price": "19.76",
            "revenue": 257112
        },
        "2013-05": {
            "month": "2013-05",
            "price": "19.87",
            "revenue": 241170
        },
        "2013-06": {
            "month": "2013-06",
            "price": "19.99",
            "revenue": 191755
        },
        "2013-07": {
            "month": "2013-07",
            "price": "19.70",
            "revenue": 175368
        },
        "2013-08": {
            "month": "2013-08",
            "price": "19.29",
            "revenue": 208176
        },
        "2013-09": {
            "month": "2013-09",
            "price": "18.80",
            "revenue": 198986
        },
        "2013-10": {
            "month": "2013-10",
            "price": "18.36",
            "revenue": 205891
        },
        "2013-11": {
            "month": "2013-11",
            "price": "17.91",
            "revenue": 209831
        },
        "2013-12": {
            "month": "2013-12",
            "price": "17.53",
            "revenue": 256674
        },
        "2014-01": {
            "month": "2014-01",
            "price": "17.99",
            "revenue": 150127
        },
        "2014-02": {
            "month": "2014-02",
            "price": "18.09",
            "revenue": 71213
        },
        "2014-03": {
            "month": "2014-03",
            "price": "18.25",
            "revenue": 159020
        },
        "2014-04": {
            "month": "2014-04",
            "price": "19.50",
            "revenue": 141802
        },
        "2014-05": {
            "month": "2014-05",
            "price": "20.63",
            "revenue": 157245
        },
        "2014-06": {
            "month": "2014-06",
            "price": "21.52",
            "revenue": 165233
        },
        "2014-07": {
            "month": "2014-07",
            "price": "21.25",
            "revenue": 132255
        },
        "2014-08": {
            "month": "2014-08",
            "price": "21.17",
            "revenue": 138854
        },
        "2014-09": {
            "month": "2014-09",
            "price": "22.26",
            "revenue": 123319
        },
        "2014-10": {
            "month": "2014-10",
            "price": "23.28",
            "revenue": 107334
        },
        "2014-11": {
            "month": "2014-11",
            "price": "24.83",
            "revenue": 101301
        },
        "2014-12": {
            "month": "2014-12",
            "price": "25.31",
            "revenue": 190514
        },
        "2015-01": {
            "month": "2015-01",
            "price": "24.36",
            "revenue": 115220
        },
        "2015-02": {
            "month": "2015-02",
            "price": "24.92",
            "revenue": 86693
        },
        "2015-03": {
            "month": "2015-03",
            "price": "26.42",
            "revenue": 105189
        },
        "2015-04": {
            "month": "2015-04",
            "price": "28.43",
            "revenue": 108876
        },
        "2015-05": {
            "month": "2015-05",
            "price": "28.00",
            "revenue": 106108
        },
        "2015-06": {
            "month": "2015-06",
            "price": "26.67",
            "revenue": 132352
        },
        "2015-07": {
            "month": "2015-07",
            "price": "25.11",
            "revenue": 142035
        },
        "2015-08": {
            "month": "2015-08",
            "price": "22.26",
            "revenue": 129902
        },
        "2015-09": {
            "month": "2015-09",
            "price": "21.50",
            "revenue": 298038
        },
        "2015-10": {
            "month": "2015-10",
            "price": "22.29",
            "revenue": 110598
        },
        "2015-11": {
            "month": "2015-11",
            "price": "22.89",
            "revenue": 115782
        },
        "2015-12": {
            "month": "2015-12",
            "price": "22.93",
            "revenue": 113798
        },
        "2016-01": {
            "month": "2016-01",
            "price": "22.82",
            "revenue": 120780
        },
        "2016-02": {
            "month": "2016-02",
            "price": "23.74",
            "revenue": 68655
        },
        "2016-03": {
            "month": "2016-03",
            "price": "24.66",
            "revenue": 109085
        },
        "2016-04": {
            "month": "2016-04",
            "price": "24.26",
            "revenue": 93225
        },
        "2016-05": {
            "month": "2016-05",
            "price": "24.09",
            "revenue": 109206
        },
        "2016-06": {
            "month": "2016-06",
            "price": "24.82",
            "revenue": 112255
        },
        "2016-07": {
            "month": "2016-07",
            "price": "24.57",
            "revenue": 105950
        },
        "2016-08": {
            "month": "2016-08",
            "price": "23.32",
            "revenue": 113778
        },
        "2016-09": {
            "month": "2016-09",
            "price": "23.05",
            "revenue": 106913
        },
        "2016-10": {
            "month": "2016-10",
            "price": "23.09",
            "revenue": 85539
        },
        "2016-11": {
            "month": "2016-11",
            "price": "22.67",
            "revenue": 82869
        },
        "2016-12": {
            "month": "2016-12",
            "price": "22.11",
            "revenue": 84226
        },
        "2017-01": {
            "month": "2017-01",
            "price": "22.42",
            "revenue": 69535
        },
        "2017-02": {
            "month": "2017-02",
            "price": "22.49",
            "revenue": 52070
        },
        "2017-03": {
            "month": "2017-03",
            "price": "22.78",
            "revenue": 81741
        },
        "2017-04": {
            "month": "2017-04",
            "price": "23.19",
            "revenue": 73446
        },
        "2017-05": {
            "month": "2017-05",
            "price": "23.28",
            "revenue": 98354
        },
        "2017-06": {
            "month": "2017-06",
            "price": "23.44",
            "revenue": 124296
        },
        "2017-07": {
            "month": "2017-07",
            "price": "23.52",
            "revenue": 111855
        },
        "2017-08": {
            "month": "2017-08",
            "price": "22.99",
            "revenue": 113611
        },
        "2017-09": {
            "month": "2017-09",
            "price": "23.19",
            "revenue": 147032
        },
        "2017-10": {
            "month": "2017-10",
            "price": "23.55",
            "revenue": 102907
        },
        "2017-11": {
            "month": "2017-11",
            "price": "23.92",
            "revenue": 93532
        },
        "2017-12": {
            "month": "2017-12",
            "price": "25.98",
            "revenue": 141230
        },
        "2018-01": {
            "month": "2018-01",
            "price": "26.51",
            "revenue": 129597
        },
        "2018-02": {
            "month": "2018-02",
            "price": "25.72",
            "revenue": 267498
        },
        "2018-03": {
            "month": "2018-03",
            "price": "26.03",
            "revenue": 376778
        },
        "2018-04": {
            "month": "2018-04",
            "price": "28.73",
            "revenue": 292410
        },
        "2018-05": {
            "month": "2018-05",
            "price": "27.68",
            "revenue": 360981
        },
        "2018-06": {
            "month": "2018-06",
            "price": "27.18",
            "revenue": 361722
        },
        "2018-07": {
            "month": "2018-07",
            "price": "26.04",
            "revenue": 401364
        },
        "2018-08": {
            "month": "2018-08",
            "price": "25.96",
            "revenue": 514546
        },
        "2018-09": {
            "month": "2018-09",
            "price": "26.06",
            "revenue": 587885
        },
        "2018-10": {
            "month": "2018-10",
            "price": "26.30",
            "revenue": 214678
        },
        "2018-11": {
            "month": "2018-11",
            "price": "26.33",
            "revenue": 262362
        },
        "2018-12": {
            "month": "2018-12",
            "price": "25.34",
            "revenue": 225785
        },
        "2019-01": {
            "month": "2019-01",
            "price": "25.26",
            "revenue": 304077
        },
        "2019-02": {
            "month": "2019-02",
            "price": "25.69",
            "revenue": 50989
        },
        "2019-03": {
            "month": "2019-03",
            "price": "26.20",
            "revenue": 187465
        },
        "2019-04": {
            "month": "2019-04",
            "price": "26.54",
            "revenue": 248131
        },
        "2019-05": {
            "month": "2019-05",
            "price": "26.80",
            "revenue": 159495
        },
        "2019-06": {
            "month": "2019-06",
            "price": "27.29",
            "revenue": 817101
        },
        "2019-07": {
            "month": "2019-07",
            "price": "26.78",
            "revenue": 450558
        },
        "2019-08": {
            "month": "2019-08",
            "price": "27.19",
            "revenue": 991343
        },
        "2019-09": {
            "month": "2019-09",
            "price": "29.06",
            "revenue": 491293
        },
        "2019-10": {
            "month": "2019-10",
            "price": "29.31",
            "revenue": 530438
        },
        "2019-11": {
            "month": "2019-11",
            "price": "29.47",
            "revenue": 842973
        },
        "2019-12": {
            "month": "2019-12",
            "price": "29.51",
            "revenue": 2144245
        },
        "2020-01": {
            "month": "2020-01",
            "price": "30.45",
            "revenue": 630684
        },
        "2020-02": {
            "month": "2020-02",
            "price": "33.88",
            "revenue": 888932
        },
        "2020-03": {
            "month": "2020-03",
            "price": "30.66",
            "revenue": 1096775
        },
        "2020-04": {
            "month": "2020-04",
            "price": "31.68",
            "revenue": 641194
        },
        "2020-05": {
            "month": "2020-05",
            "price": "35.82",
            "revenue": 791496
        },
        "2020-06": {
            "month": "2020-06",
            "price": "38.05",
            "revenue": 860234
        },
        "2020-07": {
            "month": "2020-07",
            "price": "39.80",
            "revenue": 774384
        },
        "2020-08": {
            "month": "2020-08",
            "price": "38.59",
            "revenue": 705610
        },
        "2020-09": {
            "month": "2020-09",
            "price": "39.55",
            "revenue": 595607
        },
        "2020-10": {
            "month": "2020-10",
            "price": "37.89",
            "revenue": 782726
        },
        "2020-11": {
            "month": "2020-11",
            "price": "38.62",
            "revenue": 876472
        },
        "2020-12": {
            "month": "2020-12",
            "price": "38.58",
            "revenue": 626622
        },
        "2021-01": {
            "month": "2021-01",
            "price": "37.69",
            "revenue": 648287
        },
        "2021-02": {
            "month": "2021-02",
            "price": "37.30",
            "revenue": 567837
        },
        "2021-03": {
            "month": "2021-03",
            "price": "38.75",
            "revenue": 778638
        },
        "2021-04": {
            "month": "2021-04",
            "price": "39.02",
            "revenue": 574267
        },
        "2021-05": {
            "month": "2021-05",
            "price": "38.75",
            "revenue": 491758
        },
        "2021-06": {
            "month": "2021-06",
            "price": "38.70",
            "revenue": 289639
        },
        "2021-07": {
            "month": "2021-07",
            "price": "38.63",
            "revenue": 250799
        },
        "2021-08": {
            "month": "2021-08",
            "price": "37.97",
            "revenue": 424823
        },
        "2021-09": {
            "month": "2021-09",
            "price": "37.81",
            "revenue": 753043
        },
        "2021-10": {
            "month": "2021-10",
            "price": "38.59",
            "revenue": 428070
        },
        "2021-11": {
            "month": "2021-11",
            "price": "37.96",
            "revenue": 374520
        },
        "2021-12": {
            "month": "2021-12",
            "price": "37.68",
            "revenue": 829189
        },
        "2022-01": {
            "month": "2022-01",
            "price": "37.46",
            "revenue": 374137
        },
        "2022-02": {
            "month": "2022-02",
            "price": "37.39",
            "revenue": 260147
        },
        "2022-03": {
            "month": "2022-03",
            "price": "37.99",
            "revenue": 256244
        },
        "2022-04": {
            "month": "2022-04",
            "price": "37.62",
            "revenue": 404177
        },
        "2022-05": {
            "month": "2022-05",
            "price": "37.60",
            "revenue": 196243
        },
        "2022-06": {
            "month": "2022-06",
            "price": "37.64",
            "revenue": 370324
        },
        "2022-07": {
            "month": "2022-07",
            "price": "37.03",
            "revenue": 201629
        },
        "2022-08": {
            "month": "2022-08",
            "price": "37.67",
            "revenue": 273218
        },
        "2022-09": {
            "month": "2022-09",
            "price": "36.69",
            "revenue": 269744
        },
        "2022-10": {
            "month": "2022-10",
            "price": "30.50",
            "revenue": 337039
        },
        "2022-11": {
            "month": "2022-11",
            "price": "30.98",
            "revenue": 745633
        },
        "2022-12": {
            "month": "2022-12",
            "price": "32.34",
            "revenue": 981620
        },
        "2023-01": {
            "month": "2023-01",
            "price": "33.42",
            "revenue": 365041
        },
        "2023-02": {
            "month": "2023-02",
            "price": "35.91",
            "revenue": 337314
        },
        "2023-03": {
            "month": "2023-03",
            "price": "40.13",
            "revenue": 381857
        },
        "2023-04": {
            "month": "2023-04",
            "price": "46.89",
            "revenue": 389735
        },
        "2023-05": {
            "month": "2023-05",
            "price": "50.40",
            "revenue": 638492
        },
        "2023-06": {
            "month": "2023-06",
            "price": "53.16",
            "revenue": 447716
        },
        "2023-07": {
            "month": "2023-07",
            "price": "52.56",
            "revenue": 388434
        },
        "2023-08": {
            "month": "2023-08",
            "price": "44.74",
            "revenue": 325506
        },
        "2023-09": {
            "month": "2023-09",
            "price": "42.34",
            "revenue": 661153
        },
        "2023-10": {
            "month": "2023-10",
            "price": "40.02",
            "revenue": 325770
        },
        "2023-11": {
            "month": "2023-11",
            "price": "40.19",
            "revenue": 542578
        },
        "2023-12": {
            "month": "2023-12",
            "price": "40.10",
            "revenue": 544808
        }
    }
}
