{
    "summary": {
        "stock_name": "北基",
        "stock_id": "8927",
        "category": "油電燃氣",
        "main_business": "加油站供售汽.柴油<br>汽機車之潤滑與保養等週邊油品零售、洗車、車輛用液化石油氣<br>除許可業務外，得經營法令非禁止或限制之業務",
        "website_url": "http://www.nspco.com.tw",
        "ceo": "廖順慶",
        "pe_ratio": 100,
        "report_year_from": 2001,
        "report_year_to": 2023,
        "age": 23,
        "eps_negative_percentage": 13,
        "eps_growth_avg": {
            "last_all": -0.48,
            "last_2y": -13.83,
            "last_4y": 6.06,
            "last_8y": 9.02,
            "last_12y": -2.63,
            "last_16y": -8.18,
            "last_20y": -4.31,
            "at_2006_last_3y": 9.24,
            "at_2007_last_3y": 8.71,
            "at_2008_last_3y": -9.16,
            "at_2009_last_3y": 24,
            "at_2010_last_3y": -22.06,
            "at_2011_last_3y": 7.38,
            "at_2012_last_3y": 6.59,
            "at_2013_last_3y": -43.41,
            "at_2014_last_3y": -29.8,
            "at_2015_last_3y": -94.71,
            "at_2016_last_3y": -100,
            "at_2017_last_3y": 40,
            "at_2018_last_3y": 16.43,
            "at_2019_last_3y": 1.55,
            "at_2020_last_3y": 26.16,
            "at_2021_last_3y": 19.34,
            "at_2022_last_3y": 16.9,
            "at_2023_last_3y": 14.63,
            "at_2024_last_3y": 14.63,
            "at_2006_last_all": 21.07,
            "at_2007_last_all": 14.61,
            "at_2008_last_all": 0.19,
            "at_2009_last_all": 12.67,
            "at_2010_last_all": 1.91,
            "at_2011_last_all": 11.71,
            "at_2012_last_all": 2.52,
            "at_2013_last_all": -6.02,
            "at_2014_last_all": -6.02,
            "at_2015_last_all": -6.02,
            "at_2016_last_all": -6.02,
            "at_2017_last_all": -2.48,
            "at_2018_last_all": -2.81,
            "at_2019_last_all": -4.51,
            "at_2020_last_all": 2.02,
            "at_2021_last_all": 2.65,
            "at_2022_last_all": 1.57,
            "at_2023_last_all": -0.48,
            "at_2024_last_all": -0.48
        },
        "latest_eps": 0.29,
        "latest_price": 55.4,
        "latest_roe": 2.05,
        "latest_gross_margin": 16.81,
        "latest_equity": 7852799,
        "latest_revenue": 2104145,
        "latest_gross_profit": 353797,
        "latest_net_income": 86140,
        "latest_debt_ratio": 67.45,
        "latest_current_ratio": 39.84,
        "latest_account_receivable_turnover_ratio": 19.67,
        "latest_inventory_turnover_ratio": 1.77,
        "latest_reinvestment_rate": 1790.21,
        "latest_research_to_sale_ratio": null
    },
    "eps_dividends": {
        "1999": {
            "cash": 0.58,
            "stock": 0.58,
            "eps": 0
        },
        "2000": {
            "cash": 0.38,
            "stock": 0.38,
            "eps": 0
        },
        "2001": {
            "cash": 0,
            "stock": 0,
            "eps": 0.38
        },
        "2002": {
            "cash": 0.5,
            "stock": 0,
            "eps": 0.64
        },
        "2003": {
            "cash": 0.5,
            "stock": 0,
            "eps": 0.54
        },
        "2004": {
            "cash": 0.5,
            "stock": 0,
            "eps": 0.46
        },
        "2005": {
            "cash": 0.2,
            "stock": 0.3,
            "eps": 0.31
        },
        "2006": {
            "cash": 0.2,
            "stock": 0,
            "eps": 0.62
        },
        "2007": {
            "cash": 0.5,
            "stock": 0,
            "eps": 0.51
        },
        "2008": {
            "cash": 0.25,
            "stock": 0.25,
            "eps": 0.07
        },
        "2009": {
            "cash": 0,
            "stock": 0,
            "eps": 0.57
        },
        "2010": {
            "cash": 0.25,
            "stock": 0.25,
            "eps": 0.09
        },
        "2011": {
            "cash": 0.05,
            "stock": 0.25,
            "eps": 0.85
        },
        "2012": {
            "cash": 0.4,
            "stock": 0.6,
            "eps": 0.09
        },
        "2013": {
            "cash": 0.01,
            "stock": 0.19,
            "eps": -0.06
        },
        "2014": {
            "cash": 0,
            "stock": 0,
            "eps": -0.54
        },
        "2015": {
            "cash": 0,
            "stock": 0,
            "eps": -0.11
        },
        "2016": {
            "cash": 0,
            "stock": 0,
            "eps": 0.3
        },
        "2017": {
            "cash": 0,
            "stock": 0,
            "eps": 0.42
        },
        "2018": {
            "cash": 0.11,
            "stock": 0,
            "eps": 0.39
        },
        "2019": {
            "cash": 0.2,
            "stock": 0,
            "eps": 0.28
        },
        "2020": {
            "cash": 0.2,
            "stock": 0,
            "eps": 0.63
        },
        "2021": {
            "cash": 0.5,
            "stock": 0,
            "eps": 0.71
        },
        "2022": {
            "cash": 0.6,
            "stock": 0.87,
            "eps": 0.59
        },
        "2023": {
            "cash": 0.7,
            "stock": 1,
            "eps": 0.37
        },
        "2024": {
            "cash": 0.7,
            "stock": 1.3,
            "eps": 0
        }
    },
    "dividends": {
        "1999-06-27": {
            "cash": 0.58,
            "stock": 0.58
        },
        "2000-06-03": {
            "cash": 0.38,
            "stock": 0.38
        },
        "2002-06-24": {
            "cash": 0.5,
            "stock": 0
        },
        "2003-06-20": {
            "cash": 0.5,
            "stock": 0
        },
        "2004-02-26": {
            "cash": 0.5,
            "stock": 0
        },
        "2005-03-28": {
            "cash": 0.2,
            "stock": 0.3
        },
        "2006-04-06": {
            "cash": 0.2,
            "stock": 0
        },
        "2007-03-20": {
            "cash": 0.5,
            "stock": 0
        },
        "2008-03-10": {
            "cash": 0.25,
            "stock": 0.25
        },
        "2010-03-24": {
            "cash": 0.25,
            "stock": 0.25
        },
        "2011-03-22": {
            "cash": 0.05,
            "stock": 0.25
        },
        "2012-05-25": {
            "cash": 0.4,
            "stock": 0.6
        },
        "2013-06-17": {
            "cash": 0.01,
            "stock": 0.19
        },
        "2018-09-25": {
            "cash": 0.11,
            "stock": 0
        },
        "2019-09-25": {
            "cash": 0.2,
            "stock": 0
        },
        "2020-09-25": {
            "cash": 0.2,
            "stock": 0
        },
        "2021-09-30": {
            "cash": 0.5,
            "stock": 0
        },
        "2022-10-11": {
            "cash": 0.6,
            "stock": 0.87
        },
        "2023-09-28": {
            "cash": 0.7,
            "stock": 1
        },
        "2024-03-08": {
            "cash": 0.7,
            "stock": 1.3
        }
    },
    "prices": {
        "200101": "11.06",
        "200102": "12.30",
        "200103": "12.76",
        "200104": "13.74",
        "200105": "13.28",
        "200106": "12.00",
        "200107": "10.79",
        "200108": "9.17",
        "200109": "7.64",
        "200110": "7.65",
        "200111": "7.93",
        "200112": "8.82",
        "200201": "8.56",
        "200202": "8.07",
        "200203": "9.94",
        "200204": "10.13",
        "200205": "10.09",
        "200206": "10.49",
        "200207": "10.75",
        "200208": "11.70",
        "200209": "10.31",
        "200210": "10.05",
        "200211": "10.40",
        "200212": "10.34",
        "200301": "11.37",
        "200302": "12.37",
        "200303": "12.51",
        "200304": "12.67",
        "200305": "13.06",
        "200306": "13.63",
        "200307": "14.54",
        "200308": "14.41",
        "200309": "15.63",
        "200310": "16.56",
        "200311": "15.95",
        "200312": "16.02",
        "200401": "16.17",
        "200402": "16.56",
        "200403": "18.50",
        "200404": "16.30",
        "200405": "14.64",
        "200406": "15.38",
        "200407": "13.99",
        "200408": "13.79",
        "200409": "13.53",
        "200410": "13.33",
        "200411": "13.53",
        "200412": "13.58",
        "200501": "14.16",
        "200502": "13.70",
        "200503": "13.46",
        "200504": "12.91",
        "200505": "12.94",
        "200506": "13.54",
        "200507": "13.71",
        "200508": "14.00",
        "200509": "13.51",
        "200510": "12.55",
        "200511": "11.70",
        "200512": "11.38",
        "200601": "10.89",
        "200602": "11.92",
        "200603": "11.47",
        "200604": "12.03",
        "200605": "11.97",
        "200606": "11.89",
        "200607": "11.18",
        "200608": "11.04",
        "200609": "11.90",
        "200610": "11.00",
        "200611": "10.63",
        "200612": "10.62",
        "200701": "10.68",
        "200702": "11.07",
        "200703": "11.61",
        "200704": "11.61",
        "200705": "11.36",
        "200706": "11.36",
        "200707": "13.41",
        "200708": "12.58",
        "200709": "14.06",
        "200710": "14.48",
        "200711": "16.32",
        "200712": "16.99",
        "200801": "16.34",
        "200802": "15.95",
        "200803": "16.07",
        "200804": "16.63",
        "200805": "17.11",
        "200806": "17.44",
        "200807": "16.00",
        "200808": "14.95",
        "200809": "14.43",
        "200810": "13.31",
        "200811": "12.17",
        "200812": "11.77",
        "200901": "12.04",
        "200902": "11.87",
        "200903": "11.78",
        "200904": "12.13",
        "200905": "12.11",
        "200906": "14.57",
        "200907": "13.99",
        "200908": "12.92",
        "200909": "13.27",
        "200910": "13.44",
        "200911": "14.33",
        "200912": "14.25",
        "201001": "15.90",
        "201002": "15.52",
        "201003": "20.35",
        "201004": "19.16",
        "201005": "18.07",
        "201006": "18.72",
        "201007": "17.21",
        "201008": "17.22",
        "201009": "16.25",
        "201010": "16.25",
        "201011": "15.68",
        "201012": "15.14",
        "201101": "15.25",
        "201102": "15.15",
        "201103": "15.73",
        "201104": "17.28",
        "201105": "16.58",
        "201106": "15.29",
        "201107": "14.17",
        "201108": "14.06",
        "201109": "15.25",
        "201110": "14.82",
        "201111": "13.65",
        "201112": "13.15",
        "201201": "13.55",
        "201202": "13.90",
        "201203": "14.19",
        "201204": "14.10",
        "201205": "14.04",
        "201206": "13.69",
        "201207": "13.70",
        "201208": "13.45",
        "201209": "13.70",
        "201210": "13.44",
        "201211": "13.25",
        "201212": "13.29",
        "201301": "13.76",
        "201302": "13.83",
        "201303": "13.45",
        "201304": "13.28",
        "201305": "13.16",
        "201306": "13.26",
        "201307": "13.02",
        "201308": "13.05",
        "201309": "13.10",
        "201310": "12.98",
        "201311": "12.71",
        "201312": "12.25",
        "201401": "12.16",
        "201402": "11.89",
        "201403": "11.08",
        "201404": "11.83",
        "201405": "11.90",
        "201406": "13.88",
        "201407": "15.13",
        "201408": "13.59",
        "201409": "13.63",
        "201410": "13.29",
        "201411": "13.36",
        "201412": "12.90",
        "201501": "12.80",
        "201502": "12.32",
        "201503": "12.08",
        "201504": "12.05",
        "201505": "11.34",
        "201506": "10.11",
        "201507": "10.28",
        "201508": "10.02",
        "201509": "10.43",
        "201510": "10.01",
        "201511": "9.81",
        "201512": "9.84",
        "201601": "9.69",
        "201602": "9.87",
        "201603": "9.80",
        "201604": "9.63",
        "201605": "9.66",
        "201606": "9.79",
        "201607": "9.85",
        "201608": "9.71",
        "201609": "9.60",
        "201610": "9.94",
        "201611": "10.15",
        "201612": "9.84",
        "201701": "9.67",
        "201702": "9.85",
        "201703": "9.80",
        "201704": "8.94",
        "201705": "8.75",
        "201706": "8.82",
        "201707": "10.61",
        "201708": "11.43",
        "201709": "11.36",
        "201710": "11.31",
        "201711": "10.98",
        "201712": "10.90",
        "201801": "12.56",
        "201802": "13.03",
        "201803": "13.66",
        "201804": "13.70",
        "201805": "13.62",
        "201806": "13.93",
        "201807": "15.79",
        "201808": "15.31",
        "201809": "14.99",
        "201810": "15.35",
        "201811": "15.04",
        "201812": "16.35",
        "201901": "17.09",
        "201902": "17.21",
        "201903": "16.82",
        "201904": "16.75",
        "201905": "16.87",
        "201906": "16.88",
        "201907": "16.89",
        "201908": "16.96",
        "201909": "16.90",
        "201910": "16.94",
        "201911": "16.68",
        "201912": "16.55",
        "202001": "16.22",
        "202002": "15.37",
        "202003": "15.00",
        "202004": "15.22",
        "202005": "15.20",
        "202006": "15.21",
        "202007": "15.38",
        "202008": "15.47",
        "202009": "15.12",
        "202010": "14.99",
        "202011": "16.45",
        "202012": "18.74",
        "202101": "18.09",
        "202102": "18.90",
        "202103": "26.40",
        "202104": "35.02",
        "202105": "36.55",
        "202106": "37.76",
        "202107": "36.65",
        "202108": "34.89",
        "202109": "35.78",
        "202110": "33.97",
        "202111": "33.88",
        "202112": "30.97",
        "202201": "33.37",
        "202202": "35.25",
        "202203": "33.46",
        "202204": "37.41",
        "202205": "37.51",
        "202206": "36.76",
        "202207": "34.57",
        "202208": "37.93",
        "202209": "37.70",
        "202210": "34.86",
        "202211": "34.48",
        "202212": "35.83",
        "202301": "35.73",
        "202302": "38.13",
        "202303": "42.10",
        "202304": "43.31",
        "202305": "46.84",
        "202306": "49.18",
        "202307": "48.68",
        "202308": "53.20",
        "202309": "59.94",
        "202310": "58.30",
        "202311": "56.26",
        "202312": "51.90"
    },
    "quarters": {
        "20011": {
            "year_quarter": 20011,
            "year": 2001,
            "quarter": 1,
            "eps": 0.02,
            "eps_growth_year": -80,
            "eps_4q": 0.17,
            "eps_4q_growth_year": -60.16,
            "roe": 0.21,
            "roe_4q": 0.21,
            "gross_profit": 42433,
            "gross_margin": 13.14,
            "gross_margin_4q_avg": 13.14,
            "net_income": 1974,
            "net_income_4q": null,
            "revenue": 322814,
            "revenue_4q": null,
            "common_shares": 861540,
            "book_valuer_per_share": 10.94,
            "book_valuer_per_share_4q_avg": 10.94,
            "equity": 942684,
            "current_ratio": 44.09,
            "debt_ratio": 38.42,
            "inventory_turnover_ratio": 13.43,
            "account_receivable_turnover_ratio": null,
            "reinvestment_rate": null,
            "research_to_sale_ratio": null,
            "price_fair": 0,
            "eps_avg_yearly": 0,
            "eps_latest_yearly": 0,
            "eps_growth_yearly": 0
        },
        "20012": {
            "year_quarter": 20012,
            "year": 2001,
            "quarter": 2,
            "eps": 0.1,
            "eps_growth_year": 100,
            "eps_4q": 0.25,
            "eps_4q_growth_year": -23.59,
            "roe": 0.88,
            "roe_4q": 1.09,
            "gross_profit": 52631,
            "gross_margin": 13.97,
            "gross_margin_4q_avg": 13.56,
            "net_income": 8348,
            "net_income_4q": null,
            "revenue": 376645,
            "revenue_4q": null,
            "common_shares": 861540,
            "book_valuer_per_share": 11.04,
            "book_valuer_per_share_4q_avg": 10.99,
            "equity": 951032,
            "current_ratio": 64.29,
            "debt_ratio": 39.43,
            "inventory_turnover_ratio": 14.47,
            "account_receivable_turnover_ratio": null,
            "reinvestment_rate": null,
            "research_to_sale_ratio": null,
            "price_fair": 0,
            "eps_avg_yearly": 0,
            "eps_latest_yearly": 0,
            "eps_growth_yearly": 0
        },
        "20013": {
            "year_quarter": 20013,
            "year": 2001,
            "quarter": 3,
            "eps": 0.14,
            "eps_growth_year": 40,
            "eps_4q": 0.29,
            "eps_4q_growth_year": -10.31,
            "roe": 1.24,
            "roe_4q": 2.33,
            "gross_profit": 77007,
            "gross_margin": 14.46,
            "gross_margin_4q_avg": 13.86,
            "net_income": 11826,
            "net_income_4q": null,
            "revenue": 532448,
            "revenue_4q": null,
            "common_shares": 861540,
            "book_valuer_per_share": 11.18,
            "book_valuer_per_share_4q_avg": 11.05,
            "equity": 962858,
            "current_ratio": 67.06,
            "debt_ratio": 39.24,
            "inventory_turnover_ratio": 17.76,
            "account_receivable_turnover_ratio": null,
            "reinvestment_rate": null,
            "research_to_sale_ratio": null,
            "price_fair": 0,
            "eps_avg_yearly": 0,
            "eps_latest_yearly": 0,
            "eps_growth_yearly": 0
        },
        "20014": {
            "year_quarter": 20014,
            "year": 2001,
            "quarter": 4,
            "eps": 0.12,
            "eps_growth_year": 300,
            "eps_4q": 0.37,
            "eps_4q_growth_year": 38.06,
            "roe": 1.08,
            "roe_4q": 3.41,
            "gross_profit": 81208,
            "gross_margin": 14.92,
            "gross_margin_4q_avg": 14.12,
            "net_income": 10479,
            "net_income_4q": null,
            "revenue": 544394,
            "revenue_4q": null,
            "common_shares": 861540,
            "book_valuer_per_share": 11.3,
            "book_valuer_per_share_4q_avg": 11.12,
            "equity": 973337,
            "current_ratio": 37.72,
            "debt_ratio": 38.38,
            "inventory_turnover_ratio": 18.92,
            "account_receivable_turnover_ratio": null,
            "reinvestment_rate": null,
            "research_to_sale_ratio": null,
            "price_fair": 0,
            "eps_avg_yearly": 0,
            "eps_latest_yearly": 0,
            "eps_growth_yearly": 0
        },
        "20021": {
            "year_quarter": 20021,
            "year": 2002,
            "quarter": 1,
            "eps": 0.15,
            "eps_growth_year": 650,
            "eps_4q": 0.5,
            "eps_4q_growth_year": 189.22,
            "roe": 1.33,
            "roe_4q": 4.53,
            "gross_profit": 71185,
            "gross_margin": 16.06,
            "gross_margin_4q_avg": 14.85,
            "net_income": 13000,
            "net_income_4q": null,
            "revenue": 443240,
            "revenue_4q": null,
            "common_shares": 861540,
            "book_valuer_per_share": 11.45,
            "book_valuer_per_share_4q_avg": 11.24,
            "equity": 986337,
            "current_ratio": 42.6,
            "debt_ratio": 37.66,
            "inventory_turnover_ratio": 14.14,
            "account_receivable_turnover_ratio": null,
            "reinvestment_rate": null,
            "research_to_sale_ratio": null,
            "price_fair": 21,
            "eps_avg_yearly": 0.6,
            "eps_latest_yearly": 0.6,
            "eps_growth_yearly": 100
        },
        "20022": {
            "year_quarter": 20022,
            "year": 2002,
            "quarter": 2,
            "eps": 0.17,
            "eps_growth_year": 70,
            "eps_4q": 0.58,
            "eps_4q_growth_year": 129.96,
            "roe": 1.5,
            "roe_4q": 5.15,
            "gross_profit": 83812,
            "gross_margin": 17.17,
            "gross_margin_4q_avg": 15.65,
            "net_income": 14545,
            "net_income_4q": null,
            "revenue": 488232,
            "revenue_4q": null,
            "common_shares": 861540,
            "book_valuer_per_share": 11.12,
            "book_valuer_per_share_4q_avg": 11.26,
            "equity": 957805,
            "current_ratio": 35.6,
            "debt_ratio": 42.07,
            "inventory_turnover_ratio": 14.88,
            "account_receivable_turnover_ratio": null,
            "reinvestment_rate": null,
            "research_to_sale_ratio": null,
            "price_fair": 22.4,
            "eps_avg_yearly": 0.64,
            "eps_latest_yearly": 0.68,
            "eps_growth_yearly": 76.67
        },
        "20023": {
            "year_quarter": 20023,
            "year": 2002,
            "quarter": 3,
            "eps": 0.16,
            "eps_growth_year": 14.29,
            "eps_4q": 0.61,
            "eps_4q_growth_year": 108.79,
            "roe": 1.4,
            "roe_4q": 5.3100000000000005,
            "gross_profit": 111613,
            "gross_margin": 16.92,
            "gross_margin_4q_avg": 16.27,
            "net_income": 13485,
            "net_income_4q": null,
            "revenue": 659826,
            "revenue_4q": null,
            "common_shares": 861540,
            "book_valuer_per_share": 11.27,
            "book_valuer_per_share_4q_avg": 11.29,
            "equity": 971290,
            "current_ratio": 40.31,
            "debt_ratio": 43.57,
            "inventory_turnover_ratio": 18.87,
            "account_receivable_turnover_ratio": null,
            "reinvestment_rate": null,
            "research_to_sale_ratio": null,
            "price_fair": 22.4,
            "eps_avg_yearly": 0.64,
            "eps_latest_yearly": 0.64,
            "eps_growth_yearly": 43.27
        },
        "20024": {
            "year_quarter": 20024,
            "year": 2002,
            "quarter": 4,
            "eps": 0.16,
            "eps_growth_year": 33.33,
            "eps_4q": 0.65,
            "eps_4q_growth_year": 73.65,
            "roe": 1.37,
            "roe_4q": 5.6,
            "gross_profit": 119086,
            "gross_margin": 16.17,
            "gross_margin_4q_avg": 16.58,
            "net_income": 13430,
            "net_income_4q": null,
            "revenue": 736539,
            "revenue_4q": null,
            "common_shares": 861540,
            "book_valuer_per_share": 11.43,
            "book_valuer_per_share_4q_avg": 11.32,
            "equity": 984674,
            "current_ratio": 39.35,
            "debt_ratio": 42.47,
            "inventory_turnover_ratio": 17.78,
            "account_receivable_turnover_ratio": null,
            "reinvestment_rate": 272.62,
            "research_to_sale_ratio": null,
            "price_fair": 22.4,
            "eps_avg_yearly": 0.64,
            "eps_latest_yearly": 0.64,
            "eps_growth_yearly": 32.45
        },
        "20031": {
            "year_quarter": 20031,
            "year": 2003,
            "quarter": 1,
            "eps": 0.14,
            "eps_growth_year": -6.67,
            "eps_4q": 0.63,
            "eps_4q_growth_year": 25.42,
            "roe": 1.19,
            "roe_4q": 5.46,
            "gross_profit": 112227,
            "gross_margin": 15.68,
            "gross_margin_4q_avg": 16.49,
            "net_income": 11804,
            "net_income_4q": null,
            "revenue": 715882,
            "revenue_4q": null,
            "common_shares": 861540,
            "book_valuer_per_share": 11.57,
            "book_valuer_per_share_4q_avg": 11.35,
            "equity": 996478,
            "current_ratio": 34,
            "debt_ratio": 41.33,
            "inventory_turnover_ratio": 15.24,
            "account_receivable_turnover_ratio": null,
            "reinvestment_rate": 287.87,
            "research_to_sale_ratio": null,
            "price_fair": 16.2,
            "eps_avg_yearly": 0.62,
            "eps_latest_yearly": 0.56,
            "eps_growth_yearly": 15.96
        },
        "20032": {
            "year_quarter": 20032,
            "year": 2003,
            "quarter": 2,
            "eps": -0.04,
            "eps_growth_year": -123.53,
            "eps_4q": 0.41,
            "eps_4q_growth_year": -29.89,
            "roe": -0.36,
            "roe_4q": 3.6,
            "gross_profit": 101979,
            "gross_margin": 14.19,
            "gross_margin_4q_avg": 15.74,
            "net_income": -3525,
            "net_income_4q": null,
            "revenue": 718806,
            "revenue_4q": null,
            "common_shares": 861540,
            "book_valuer_per_share": 10.98,
            "book_valuer_per_share_4q_avg": 11.31,
            "equity": 945958,
            "current_ratio": 28.16,
            "debt_ratio": 44.38,
            "inventory_turnover_ratio": 15.06,
            "account_receivable_turnover_ratio": null,
            "reinvestment_rate": 256.47,
            "research_to_sale_ratio": null,
            "price_fair": 16.2,
            "eps_avg_yearly": 0.62,
            "eps_latest_yearly": 0.56,
            "eps_growth_yearly": 15.96
        },
        "20033": {
            "year_quarter": 20033,
            "year": 2003,
            "quarter": 3,
            "eps": 0.25,
            "eps_growth_year": 56.25,
            "eps_4q": 0.51,
            "eps_4q_growth_year": -17.19,
            "roe": 2.22,
            "roe_4q": 4.42,
            "gross_profit": 112474,
            "gross_margin": 14.83,
            "gross_margin_4q_avg": 15.22,
            "net_income": 21194,
            "net_income_4q": null,
            "revenue": 758553,
            "revenue_4q": null,
            "common_shares": 861540,
            "book_valuer_per_share": 11.22,
            "book_valuer_per_share_4q_avg": 11.3,
            "equity": 966757,
            "current_ratio": 26.41,
            "debt_ratio": 45.18,
            "inventory_turnover_ratio": 19.52,
            "account_receivable_turnover_ratio": null,
            "reinvestment_rate": 228.31,
            "research_to_sale_ratio": null,
            "price_fair": 16.2,
            "eps_avg_yearly": 0.62,
            "eps_latest_yearly": 0.56,
            "eps_growth_yearly": 15.96
        },
        "20034": {
            "year_quarter": 20034,
            "year": 2003,
            "quarter": 4,
            "eps": 0.19,
            "eps_growth_year": 18.75,
            "eps_4q": 0.53,
            "eps_4q_growth_year": -18.11,
            "roe": 1.67,
            "roe_4q": 4.720000000000001,
            "gross_profit": 115541,
            "gross_margin": 15.94,
            "gross_margin_4q_avg": 15.16,
            "net_income": 16408,
            "net_income_4q": null,
            "revenue": 724915,
            "revenue_4q": null,
            "common_shares": 861540,
            "book_valuer_per_share": 11.41,
            "book_valuer_per_share_4q_avg": 11.3,
            "equity": 1000811,
            "current_ratio": 30.4,
            "debt_ratio": 45.13,
            "inventory_turnover_ratio": 19.41,
            "account_receivable_turnover_ratio": null,
            "reinvestment_rate": 142.83,
            "research_to_sale_ratio": null,
            "price_fair": 1.94,
            "eps_avg_yearly": 0.65,
            "eps_latest_yearly": 0.76,
            "eps_growth_yearly": -2.7
        },
        "20041": {
            "year_quarter": 20041,
            "year": 2004,
            "quarter": 1,
            "eps": 0.19,
            "eps_growth_year": 35.71,
            "eps_4q": 0.58,
            "eps_4q_growth_year": -8.82,
            "roe": 1.68,
            "roe_4q": 5.21,
            "gross_profit": 118611,
            "gross_margin": 15.9,
            "gross_margin_4q_avg": 15.22,
            "net_income": 16774,
            "net_income_4q": null,
            "revenue": 745935,
            "revenue_4q": null,
            "common_shares": 861540,
            "book_valuer_per_share": 11.61,
            "book_valuer_per_share_4q_avg": 11.31,
            "equity": 999939,
            "current_ratio": 24.78,
            "debt_ratio": 46.23,
            "inventory_turnover_ratio": 16.42,
            "account_receivable_turnover_ratio": null,
            "reinvestment_rate": 203.67,
            "research_to_sale_ratio": null,
            "price_fair": 1.99,
            "eps_avg_yearly": 0.66,
            "eps_latest_yearly": 0.76,
            "eps_growth_yearly": -2.31
        },
        "20042": {
            "year_quarter": 20042,
            "year": 2004,
            "quarter": 2,
            "eps": 0.1,
            "eps_growth_year": null,
            "eps_4q": 0.7,
            "eps_4q_growth_year": 71.94,
            "roe": 0.92,
            "roe_4q": 6.49,
            "gross_profit": 111486,
            "gross_margin": 13.97,
            "gross_margin_4q_avg": 15.16,
            "net_income": 9027,
            "net_income_4q": null,
            "revenue": 798047,
            "revenue_4q": null,
            "common_shares": 861540,
            "book_valuer_per_share": 11.17,
            "book_valuer_per_share_4q_avg": 11.35,
            "equity": 962613,
            "current_ratio": 23.46,
            "debt_ratio": 48.39,
            "inventory_turnover_ratio": 15.37,
            "account_receivable_turnover_ratio": null,
            "reinvestment_rate": 197.31,
            "research_to_sale_ratio": null,
            "price_fair": 1.89,
            "eps_avg_yearly": 0.63,
            "eps_latest_yearly": 0.4,
            "eps_growth_yearly": -25.71
        },
        "20043": {
            "year_quarter": 20043,
            "year": 2004,
            "quarter": 3,
            "eps": 0.13,
            "eps_growth_year": -48,
            "eps_4q": 0.63,
            "eps_4q_growth_year": 23.67,
            "roe": 1.14,
            "roe_4q": 5.41,
            "gross_profit": 116153,
            "gross_margin": 14.03,
            "gross_margin_4q_avg": 14.96,
            "net_income": 11066,
            "net_income_4q": null,
            "revenue": 827614,
            "revenue_4q": null,
            "common_shares": 861540,
            "book_valuer_per_share": 11.3,
            "book_valuer_per_share_4q_avg": 11.37,
            "equity": 973679,
            "current_ratio": 27.12,
            "debt_ratio": 48.35,
            "inventory_turnover_ratio": 15.64,
            "account_receivable_turnover_ratio": null,
            "reinvestment_rate": 184.7,
            "research_to_sale_ratio": null,
            "price_fair": 1.85,
            "eps_avg_yearly": 0.62,
            "eps_latest_yearly": 0.52,
            "eps_growth_yearly": -9.52
        },
        "20044": {
            "year_quarter": 20044,
            "year": 2004,
            "quarter": 4,
            "eps": 0.04,
            "eps_growth_year": -78.95,
            "eps_4q": 0.45,
            "eps_4q_growth_year": -14.59,
            "roe": 0.36,
            "roe_4q": 4.1,
            "gross_profit": 105586,
            "gross_margin": 13.54,
            "gross_margin_4q_avg": 14.36,
            "net_income": 3564,
            "net_income_4q": null,
            "revenue": 779909,
            "revenue_4q": null,
            "common_shares": 861540,
            "book_valuer_per_share": 11.34,
            "book_valuer_per_share_4q_avg": 11.36,
            "equity": 993884,
            "current_ratio": 33.19,
            "debt_ratio": 48.44,
            "inventory_turnover_ratio": 15.22,
            "account_receivable_turnover_ratio": null,
            "reinvestment_rate": 89.56,
            "research_to_sale_ratio": null,
            "price_fair": 1.72,
            "eps_avg_yearly": 0.57,
            "eps_latest_yearly": 0.16,
            "eps_growth_yearly": -36.26
        },
        "20051": {
            "year_quarter": 20051,
            "year": 2005,
            "quarter": 1,
            "eps": 0.09,
            "eps_growth_year": -52.63,
            "eps_4q": 0.36,
            "eps_4q_growth_year": -37.67,
            "roe": 0.8,
            "roe_4q": 3.2199999999999998,
            "gross_profit": 108638,
            "gross_margin": 14.05,
            "gross_margin_4q_avg": 13.9,
            "net_income": 7915,
            "net_income_4q": null,
            "revenue": 773105,
            "revenue_4q": null,
            "common_shares": 861540,
            "book_valuer_per_share": 11.43,
            "book_valuer_per_share_4q_avg": 11.31,
            "equity": 985159,
            "current_ratio": 28.76,
            "debt_ratio": 50.84,
            "inventory_turnover_ratio": 13.52,
            "account_receivable_turnover_ratio": null,
            "reinvestment_rate": 102.4,
            "research_to_sale_ratio": null,
            "price_fair": 12.43,
            "eps_avg_yearly": 0.55,
            "eps_latest_yearly": 0.36,
            "eps_growth_yearly": 12.49
        },
        "20052": {
            "year_quarter": 20052,
            "year": 2005,
            "quarter": 2,
            "eps": 0.14,
            "eps_growth_year": 40,
            "eps_4q": 0.41,
            "eps_4q_growth_year": -41.54,
            "roe": 1.19,
            "roe_4q": 3.49,
            "gross_profit": 121690,
            "gross_margin": 13.09,
            "gross_margin_4q_avg": 13.68,
            "net_income": 11664,
            "net_income_4q": null,
            "revenue": 929865,
            "revenue_4q": null,
            "common_shares": 861540,
            "book_valuer_per_share": 11.34,
            "book_valuer_per_share_4q_avg": 11.35,
            "equity": 976680,
            "current_ratio": 32.42,
            "debt_ratio": 52.49,
            "inventory_turnover_ratio": 13.6,
            "account_receivable_turnover_ratio": null,
            "reinvestment_rate": 98.86,
            "research_to_sale_ratio": null,
            "price_fair": 19.37,
            "eps_avg_yearly": 0.55,
            "eps_latest_yearly": 0.56,
            "eps_growth_yearly": 29.97
        },
        "20053": {
            "year_quarter": 20053,
            "year": 2005,
            "quarter": 3,
            "eps": 0.09,
            "eps_growth_year": -30.77,
            "eps_4q": 0.36,
            "eps_4q_growth_year": -41.9,
            "roe": 0.78,
            "roe_4q": 3.13,
            "gross_profit": 141653,
            "gross_margin": 13.7,
            "gross_margin_4q_avg": 13.6,
            "net_income": 7613,
            "net_income_4q": null,
            "revenue": 1033608,
            "revenue_4q": null,
            "common_shares": 887386,
            "book_valuer_per_share": 11.09,
            "book_valuer_per_share_4q_avg": 11.3,
            "equity": 984294,
            "current_ratio": 35.31,
            "debt_ratio": 52.56,
            "inventory_turnover_ratio": 12.84,
            "account_receivable_turnover_ratio": null,
            "reinvestment_rate": 98.01,
            "research_to_sale_ratio": null,
            "price_fair": 14.36,
            "eps_avg_yearly": 0.54,
            "eps_latest_yearly": 0.36,
            "eps_growth_yearly": 16.67
        },
        "20054": {
            "year_quarter": 20054,
            "year": 2005,
            "quarter": 4,
            "eps": -0.01,
            "eps_growth_year": -125,
            "eps_4q": 0.3,
            "eps_4q_growth_year": -32.87,
            "roe": -0.07,
            "roe_4q": 2.7,
            "gross_profit": 103855,
            "gross_margin": 11.85,
            "gross_margin_4q_avg": 13.17,
            "net_income": -686,
            "net_income_4q": null,
            "revenue": 876541,
            "revenue_4q": null,
            "common_shares": 887386,
            "book_valuer_per_share": 11.08,
            "book_valuer_per_share_4q_avg": 11.24,
            "equity": 999847,
            "current_ratio": 42.22,
            "debt_ratio": 54.08,
            "inventory_turnover_ratio": 11.18,
            "account_receivable_turnover_ratio": null,
            "reinvestment_rate": 123.62,
            "research_to_sale_ratio": null,
            "price_fair": 14.36,
            "eps_avg_yearly": 0.54,
            "eps_latest_yearly": 0.36,
            "eps_growth_yearly": 16.67
        },
        "20061": {
            "year_quarter": 20061,
            "year": 2006,
            "quarter": 1,
            "eps": 0.12,
            "eps_growth_year": 33.33,
            "eps_4q": 0.34,
            "eps_4q_growth_year": -6.01,
            "roe": 1.03,
            "roe_4q": 2.9299999999999997,
            "gross_profit": 110009,
            "gross_margin": 12.95,
            "gross_margin_4q_avg": 12.9,
            "net_income": 10261,
            "net_income_4q": null,
            "revenue": 849428,
            "revenue_4q": null,
            "common_shares": 887386,
            "book_valuer_per_share": 11.2,
            "book_valuer_per_share_4q_avg": 11.18,
            "equity": 993868,
            "current_ratio": 33.49,
            "debt_ratio": 51.96,
            "inventory_turnover_ratio": 11.09,
            "account_receivable_turnover_ratio": null,
            "reinvestment_rate": 85.04,
            "research_to_sale_ratio": null,
            "price_fair": 10.52,
            "eps_avg_yearly": 0.53,
            "eps_latest_yearly": 0.36,
            "eps_growth_yearly": 9.73
        },
        "20062": {
            "year_quarter": 20062,
            "year": 2006,
            "quarter": 2,
            "eps": 0.16,
            "eps_growth_year": 14.29,
            "eps_4q": 0.36,
            "eps_4q_growth_year": -13.26,
            "roe": 1.41,
            "roe_4q": 3.1500000000000004,
            "gross_profit": 117353,
            "gross_margin": 13.04,
            "gross_margin_4q_avg": 12.89,
            "net_income": 14019,
            "net_income_4q": null,
            "revenue": 900291,
            "revenue_4q": null,
            "common_shares": 887386,
            "book_valuer_per_share": 11.14,
            "book_valuer_per_share_4q_avg": 11.13,
            "equity": 988232,
            "current_ratio": 38.97,
            "debt_ratio": 53.23,
            "inventory_turnover_ratio": 10.79,
            "account_receivable_turnover_ratio": null,
            "reinvestment_rate": 80.56,
            "research_to_sale_ratio": null,
            "price_fair": 13.99,
            "eps_avg_yearly": 0.53,
            "eps_latest_yearly": 0.64,
            "eps_growth_yearly": 16.4
        },
        "20063": {
            "year_quarter": 20063,
            "year": 2006,
            "quarter": 3,
            "eps": 0.08,
            "eps_growth_year": -11.11,
            "eps_4q": 0.33,
            "eps_4q_growth_year": -9.08,
            "roe": 0.76,
            "roe_4q": 3.1300000000000003,
            "gross_profit": 106904,
            "gross_margin": 11.77,
            "gross_margin_4q_avg": 12.4,
            "net_income": 7533,
            "net_income_4q": null,
            "revenue": 908474,
            "revenue_4q": null,
            "common_shares": 887386,
            "book_valuer_per_share": 11.22,
            "book_valuer_per_share_4q_avg": 11.16,
            "equity": 995764,
            "current_ratio": 35.94,
            "debt_ratio": 52.8,
            "inventory_turnover_ratio": 11.71,
            "account_receivable_turnover_ratio": null,
            "reinvestment_rate": 76.6,
            "research_to_sale_ratio": null,
            "price_fair": 5.88,
            "eps_avg_yearly": 0.5,
            "eps_latest_yearly": 0.32,
            "eps_growth_yearly": 1.69
        },
        "20064": {
            "year_quarter": 20064,
            "year": 2006,
            "quarter": 4,
            "eps": 0.26,
            "eps_growth_year": null,
            "eps_4q": 0.62,
            "eps_4q_growth_year": 104.44,
            "roe": 2.25,
            "roe_4q": 5.45,
            "gross_profit": 101969,
            "gross_margin": 12.05,
            "gross_margin_4q_avg": 12.45,
            "net_income": 22803,
            "net_income_4q": null,
            "revenue": 845999,
            "revenue_4q": null,
            "common_shares": 887386,
            "book_valuer_per_share": 11.48,
            "book_valuer_per_share_4q_avg": 11.26,
            "equity": 1034521,
            "current_ratio": 38.81,
            "debt_ratio": 51.07,
            "inventory_turnover_ratio": 14.58,
            "account_receivable_turnover_ratio": null,
            "reinvestment_rate": 84.84,
            "research_to_sale_ratio": null,
            "price_fair": 18.78,
            "eps_avg_yearly": 0.54,
            "eps_latest_yearly": 1.04,
            "eps_growth_yearly": 76.69
        },
        "20071": {
            "year_quarter": 20071,
            "year": 2007,
            "quarter": 1,
            "eps": 0.14,
            "eps_growth_year": 16.67,
            "eps_4q": 0.64,
            "eps_4q_growth_year": 90.69,
            "roe": 1.19,
            "roe_4q": 5.61,
            "gross_profit": 100617,
            "gross_margin": 12.45,
            "gross_margin_4q_avg": 12.33,
            "net_income": 12335,
            "net_income_4q": null,
            "revenue": 807974,
            "revenue_4q": null,
            "common_shares": 887386,
            "book_valuer_per_share": 11.62,
            "book_valuer_per_share_4q_avg": 11.37,
            "equity": 1030903,
            "current_ratio": 30.97,
            "debt_ratio": 50.21,
            "inventory_turnover_ratio": 14.16,
            "account_receivable_turnover_ratio": null,
            "reinvestment_rate": 78.76,
            "research_to_sale_ratio": null,
            "price_fair": 18.78,
            "eps_avg_yearly": 0.54,
            "eps_latest_yearly": 0.56,
            "eps_growth_yearly": 65.47
        },
        "20072": {
            "year_quarter": 20072,
            "year": 2007,
            "quarter": 2,
            "eps": 0.14,
            "eps_growth_year": -12.5,
            "eps_4q": 0.61,
            "eps_4q_growth_year": 71.01,
            "roe": 1.26,
            "roe_4q": 5.46,
            "gross_profit": 100529,
            "gross_margin": 11.01,
            "gross_margin_4q_avg": 11.82,
            "net_income": 12735,
            "net_income_4q": null,
            "revenue": 912901,
            "revenue_4q": null,
            "common_shares": 887386,
            "book_valuer_per_share": 11.22,
            "book_valuer_per_share_4q_avg": 11.39,
            "equity": 995337,
            "current_ratio": 28.54,
            "debt_ratio": 52.84,
            "inventory_turnover_ratio": 15.73,
            "account_receivable_turnover_ratio": null,
            "reinvestment_rate": 73.36,
            "research_to_sale_ratio": null,
            "price_fair": 18.85,
            "eps_avg_yearly": 0.54,
            "eps_latest_yearly": 0.56,
            "eps_growth_yearly": 60.44
        },
        "20073": {
            "year_quarter": 20073,
            "year": 2007,
            "quarter": 3,
            "eps": 0.12,
            "eps_growth_year": 50,
            "eps_4q": 0.68,
            "eps_4q_growth_year": 104.34,
            "roe": 1.03,
            "roe_4q": 5.73,
            "gross_profit": 107408,
            "gross_margin": 10,
            "gross_margin_4q_avg": 11.38,
            "net_income": 10342,
            "net_income_4q": null,
            "revenue": 1074115,
            "revenue_4q": null,
            "common_shares": 887386,
            "book_valuer_per_share": 11.33,
            "book_valuer_per_share_4q_avg": 11.41,
            "equity": 1005678,
            "current_ratio": 32.37,
            "debt_ratio": 53.75,
            "inventory_turnover_ratio": 13.58,
            "account_receivable_turnover_ratio": null,
            "reinvestment_rate": 71.82,
            "research_to_sale_ratio": null,
            "price_fair": 18.7,
            "eps_avg_yearly": 0.53,
            "eps_latest_yearly": 0.48,
            "eps_growth_yearly": 52.04
        },
        "20074": {
            "year_quarter": 20074,
            "year": 2007,
            "quarter": 4,
            "eps": 0.11,
            "eps_growth_year": -57.69,
            "eps_4q": 0.52,
            "eps_4q_growth_year": -17.03,
            "roe": 0.94,
            "roe_4q": 4.42,
            "gross_profit": 113347,
            "gross_margin": 10.66,
            "gross_margin_4q_avg": 11.03,
            "net_income": 9579,
            "net_income_4q": null,
            "revenue": 1063461,
            "revenue_4q": null,
            "common_shares": 887386,
            "book_valuer_per_share": 11.44,
            "book_valuer_per_share_4q_avg": 11.4,
            "equity": 1031031,
            "current_ratio": 34.38,
            "debt_ratio": 51.9,
            "inventory_turnover_ratio": 12.31,
            "account_receivable_turnover_ratio": null,
            "reinvestment_rate": 61.67,
            "research_to_sale_ratio": null,
            "price_fair": 17.9,
            "eps_avg_yearly": 0.51,
            "eps_latest_yearly": 0.44,
            "eps_growth_yearly": 56.52
        },
        "20081": {
            "year_quarter": 20081,
            "year": 2008,
            "quarter": 1,
            "eps": 0.07,
            "eps_growth_year": -50,
            "eps_4q": 0.46,
            "eps_4q_growth_year": -27.87,
            "roe": 0.56,
            "roe_4q": 3.79,
            "gross_profit": 110412,
            "gross_margin": 9.65,
            "gross_margin_4q_avg": 10.33,
            "net_income": 5805,
            "net_income_4q": null,
            "revenue": 1144078,
            "revenue_4q": null,
            "common_shares": 887386,
            "book_valuer_per_share": 11.5,
            "book_valuer_per_share_4q_avg": 11.37,
            "equity": 1036961,
            "current_ratio": 48.41,
            "debt_ratio": 54.29,
            "inventory_turnover_ratio": 10.9,
            "account_receivable_turnover_ratio": null,
            "reinvestment_rate": 72.5,
            "research_to_sale_ratio": null,
            "price_fair": 16.7,
            "eps_avg_yearly": 0.48,
            "eps_latest_yearly": 0.28,
            "eps_growth_yearly": 46.13
        },
        "20082": {
            "year_quarter": 20082,
            "year": 2008,
            "quarter": 2,
            "eps": 0.2,
            "eps_growth_year": 42.86,
            "eps_4q": 0.48,
            "eps_4q_growth_year": -21.51,
            "roe": 1.79,
            "roe_4q": 4.32,
            "gross_profit": 143710,
            "gross_margin": 9.96,
            "gross_margin_4q_avg": 10.07,
            "net_income": 18502,
            "net_income_4q": null,
            "revenue": 1442611,
            "revenue_4q": null,
            "common_shares": 887386,
            "book_valuer_per_share": 11.43,
            "book_valuer_per_share_4q_avg": 11.43,
            "equity": 1029914,
            "current_ratio": 55.37,
            "debt_ratio": 56.99,
            "inventory_turnover_ratio": 8.76,
            "account_receivable_turnover_ratio": null,
            "reinvestment_rate": 58.67,
            "research_to_sale_ratio": null,
            "price_fair": 17.7,
            "eps_avg_yearly": 0.51,
            "eps_latest_yearly": 0.8,
            "eps_growth_yearly": 112.72
        },
        "20083": {
            "year_quarter": 20083,
            "year": 2008,
            "quarter": 3,
            "eps": -0.06,
            "eps_growth_year": -150,
            "eps_4q": 0.31,
            "eps_4q_growth_year": -54,
            "roe": -0.55,
            "roe_4q": 2.74,
            "gross_profit": 110308,
            "gross_margin": 7.87,
            "gross_margin_4q_avg": 9.54,
            "net_income": -5630,
            "net_income_4q": null,
            "revenue": 1400779,
            "revenue_4q": null,
            "common_shares": 909571,
            "book_valuer_per_share": 11.09,
            "book_valuer_per_share_4q_avg": 11.37,
            "equity": 1024284,
            "current_ratio": 47.73,
            "debt_ratio": 54.46,
            "inventory_turnover_ratio": 10.76,
            "account_receivable_turnover_ratio": null,
            "reinvestment_rate": 56.28,
            "research_to_sale_ratio": null,
            "price_fair": 17.66,
            "eps_avg_yearly": 0.5,
            "eps_latest_yearly": 0.8,
            "eps_growth_yearly": 112.16
        },
        "20084": {
            "year_quarter": 20084,
            "year": 2008,
            "quarter": 4,
            "eps": -0.14,
            "eps_growth_year": -227.27,
            "eps_4q": 0.07,
            "eps_4q_growth_year": -86.32,
            "roe": -1.22,
            "roe_4q": 0.5800000000000001,
            "gross_profit": 94377,
            "gross_margin": 9.72,
            "gross_margin_4q_avg": 9.3,
            "net_income": -12423,
            "net_income_4q": null,
            "revenue": 970719,
            "revenue_4q": null,
            "common_shares": 909571,
            "book_valuer_per_share": 10.95,
            "book_valuer_per_share_4q_avg": 11.24,
            "equity": 1011861,
            "current_ratio": 33.54,
            "debt_ratio": 52.26,
            "inventory_turnover_ratio": 15.6,
            "account_receivable_turnover_ratio": 42.05,
            "reinvestment_rate": 53,
            "research_to_sale_ratio": null,
            "price_fair": 18.67,
            "eps_avg_yearly": 0.53,
            "eps_latest_yearly": 0.8,
            "eps_growth_yearly": 144.58
        },
        "20091": {
            "year_quarter": 20091,
            "year": 2009,
            "quarter": 1,
            "eps": 0.16,
            "eps_growth_year": 128.57,
            "eps_4q": 0.16,
            "eps_4q_growth_year": -64.48,
            "roe": 1.42,
            "roe_4q": 1.44,
            "gross_profit": 127436,
            "gross_margin": 14.43,
            "gross_margin_4q_avg": 10.5,
            "net_income": 14432,
            "net_income_4q": null,
            "revenue": 883352,
            "revenue_4q": null,
            "common_shares": 909571,
            "book_valuer_per_share": 11.11,
            "book_valuer_per_share_4q_avg": 11.15,
            "equity": 1026293,
            "current_ratio": 36.96,
            "debt_ratio": 52.34,
            "inventory_turnover_ratio": 11.56,
            "account_receivable_turnover_ratio": 21.06,
            "reinvestment_rate": -1.21,
            "research_to_sale_ratio": null,
            "price_fair": 19.22,
            "eps_avg_yearly": 0.55,
            "eps_latest_yearly": 0.8,
            "eps_growth_yearly": 112.27
        },
        "20092": {
            "year_quarter": 20092,
            "year": 2009,
            "quarter": 2,
            "eps": 0.17,
            "eps_growth_year": -15,
            "eps_4q": 0.13,
            "eps_4q_growth_year": -72.74,
            "roe": 1.51,
            "roe_4q": 1.1599999999999997,
            "gross_profit": 138805,
            "gross_margin": 11.44,
            "gross_margin_4q_avg": 10.87,
            "net_income": 15606,
            "net_income_4q": null,
            "revenue": 1213127,
            "revenue_4q": null,
            "common_shares": 909571,
            "book_valuer_per_share": 11.28,
            "book_valuer_per_share_4q_avg": 11.11,
            "equity": 1041899,
            "current_ratio": 42.16,
            "debt_ratio": 52.59,
            "inventory_turnover_ratio": 10.26,
            "account_receivable_turnover_ratio": 31.58,
            "reinvestment_rate": -0.15,
            "research_to_sale_ratio": null,
            "price_fair": 19.6,
            "eps_avg_yearly": 0.56,
            "eps_latest_yearly": 0.68,
            "eps_growth_yearly": 94.34
        },
        "20093": {
            "year_quarter": 20093,
            "year": 2009,
            "quarter": 3,
            "eps": 0.12,
            "eps_growth_year": null,
            "eps_4q": 0.31,
            "eps_4q_growth_year": -1.17,
            "roe": 1.08,
            "roe_4q": 2.79,
            "gross_profit": 130778,
            "gross_margin": 9.66,
            "gross_margin_4q_avg": 11.31,
            "net_income": 11279,
            "net_income_4q": null,
            "revenue": 1354456,
            "revenue_4q": null,
            "common_shares": 909571,
            "book_valuer_per_share": 11.41,
            "book_valuer_per_share_4q_avg": 11.19,
            "equity": 1053177,
            "current_ratio": 38.23,
            "debt_ratio": 50.79,
            "inventory_turnover_ratio": 13.86,
            "account_receivable_turnover_ratio": 33.09,
            "reinvestment_rate": -6.61,
            "research_to_sale_ratio": null,
            "price_fair": 19.98,
            "eps_avg_yearly": 0.57,
            "eps_latest_yearly": 0.48,
            "eps_growth_yearly": 96.64
        },
        "20094": {
            "year_quarter": 20094,
            "year": 2009,
            "quarter": 4,
            "eps": 0.12,
            "eps_growth_year": null,
            "eps_4q": 0.52,
            "eps_4q_growth_year": 629.79,
            "roe": 0.96,
            "roe_4q": 4.97,
            "gross_profit": 135815,
            "gross_margin": 9.78,
            "gross_margin_4q_avg": 11.33,
            "net_income": 10836,
            "net_income_4q": null,
            "revenue": 1388868,
            "revenue_4q": null,
            "common_shares": 909571,
            "book_valuer_per_share": 12.97,
            "book_valuer_per_share_4q_avg": 11.69,
            "equity": 1195874,
            "current_ratio": 47.95,
            "debt_ratio": 45.4,
            "inventory_turnover_ratio": 13.64,
            "account_receivable_turnover_ratio": 61.85,
            "reinvestment_rate": 59.64,
            "research_to_sale_ratio": null,
            "price_fair": 19.72,
            "eps_avg_yearly": 0.56,
            "eps_latest_yearly": 0.48,
            "eps_growth_yearly": 88.58
        },
        "20101": {
            "year_quarter": 20101,
            "year": 2010,
            "quarter": 1,
            "eps": 0.05,
            "eps_growth_year": -70.23,
            "eps_4q": 0.41,
            "eps_4q_growth_year": 147,
            "roe": 0.41,
            "roe_4q": 3.96,
            "gross_profit": 126361,
            "gross_margin": 9.63,
            "gross_margin_4q_avg": 10.13,
            "net_income": 5023,
            "net_income_4q": null,
            "revenue": 1312829,
            "revenue_4q": null,
            "common_shares": 1009320,
            "book_valuer_per_share": 12.13,
            "book_valuer_per_share_4q_avg": 11.95,
            "equity": 1239955,
            "current_ratio": 46.27,
            "debt_ratio": 40.7,
            "inventory_turnover_ratio": 12.44,
            "account_receivable_turnover_ratio": 32.88,
            "reinvestment_rate": 101.53,
            "research_to_sale_ratio": null,
            "price_fair": 18.74,
            "eps_avg_yearly": 0.54,
            "eps_latest_yearly": 0.2,
            "eps_growth_yearly": 63.82
        },
        "20102": {
            "year_quarter": 20102,
            "year": 2010,
            "quarter": 2,
            "eps": 0.1,
            "eps_growth_year": -41.37,
            "eps_4q": 0.35,
            "eps_4q_growth_year": 168.03,
            "roe": 0.85,
            "roe_4q": 3.3,
            "gross_profit": 122285,
            "gross_margin": 9.71,
            "gross_margin_4q_avg": 9.7,
            "net_income": 10835,
            "net_income_4q": null,
            "revenue": 1259920,
            "revenue_4q": null,
            "common_shares": 1047487,
            "book_valuer_per_share": 11.62,
            "book_valuer_per_share_4q_avg": 12.03,
            "equity": 1319313,
            "current_ratio": 48.76,
            "debt_ratio": 36.88,
            "inventory_turnover_ratio": 16.28,
            "account_receivable_turnover_ratio": 39.15,
            "reinvestment_rate": 44.71,
            "research_to_sale_ratio": null,
            "price_fair": 18.09,
            "eps_avg_yearly": 0.52,
            "eps_latest_yearly": 0.4,
            "eps_growth_yearly": 84.33
        },
        "20103": {
            "year_quarter": 20103,
            "year": 2010,
            "quarter": 3,
            "eps": 0.11,
            "eps_growth_year": -8.71,
            "eps_4q": 0.35,
            "eps_4q_growth_year": 15.44,
            "roe": 0.93,
            "roe_4q": 3.15,
            "gross_profit": 112306,
            "gross_margin": 9.56,
            "gross_margin_4q_avg": 9.67,
            "net_income": 11898,
            "net_income_4q": null,
            "revenue": 1175146,
            "revenue_4q": null,
            "common_shares": 1084559,
            "book_valuer_per_share": 11.39,
            "book_valuer_per_share_4q_avg": 12.03,
            "equity": 1235365,
            "current_ratio": 90.9,
            "debt_ratio": 48.04,
            "inventory_turnover_ratio": 14.92,
            "account_receivable_turnover_ratio": 35.72,
            "reinvestment_rate": 40.21,
            "research_to_sale_ratio": null,
            "price_fair": 18.42,
            "eps_avg_yearly": 0.53,
            "eps_latest_yearly": 0.44,
            "eps_growth_yearly": 102.79
        },
        "20104": {
            "year_quarter": 20104,
            "year": 2010,
            "quarter": 4,
            "eps": -0.17,
            "eps_growth_year": -244.23,
            "eps_4q": 0.08,
            "eps_4q_growth_year": -84.84,
            "roe": -1.54,
            "roe_4q": 0.6499999999999999,
            "gross_profit": 117460,
            "gross_margin": 10.07,
            "gross_margin_4q_avg": 9.74,
            "net_income": -19074,
            "net_income_4q": null,
            "revenue": 1166342,
            "revenue_4q": null,
            "common_shares": 1086090,
            "book_valuer_per_share": 11.43,
            "book_valuer_per_share_4q_avg": 11.64,
            "equity": 1241685,
            "current_ratio": 90.51,
            "debt_ratio": 44.33,
            "inventory_turnover_ratio": 10.61,
            "account_receivable_turnover_ratio": 29.62,
            "reinvestment_rate": 44.46,
            "research_to_sale_ratio": null,
            "price_fair": 16.92,
            "eps_avg_yearly": 0.48,
            "eps_latest_yearly": 0.44,
            "eps_growth_yearly": 36.36
        },
        "20111": {
            "year_quarter": 20111,
            "year": 2011,
            "quarter": 1,
            "eps": 0.06,
            "eps_growth_year": 25.95,
            "eps_4q": 0.11,
            "eps_4q_growth_year": -73.6,
            "roe": 0.66,
            "roe_4q": 0.9,
            "gross_profit": 114117,
            "gross_margin": 9.45,
            "gross_margin_4q_avg": 9.7,
            "net_income": 8123,
            "net_income_4q": null,
            "revenue": 1207818,
            "revenue_4q": null,
            "common_shares": 1102269,
            "book_valuer_per_share": 11.29,
            "book_valuer_per_share_4q_avg": 11.43,
            "equity": 1234913,
            "current_ratio": 90.72,
            "debt_ratio": 43.59,
            "inventory_turnover_ratio": 9.28,
            "account_receivable_turnover_ratio": 29.69,
            "reinvestment_rate": 53.25,
            "research_to_sale_ratio": null,
            "price_fair": 16.67,
            "eps_avg_yearly": 0.48,
            "eps_latest_yearly": 0.44,
            "eps_growth_yearly": 56.45
        },
        "20112": {
            "year_quarter": 20112,
            "year": 2011,
            "quarter": 2,
            "eps": -0.02,
            "eps_growth_year": -118.63,
            "eps_4q": -0.01,
            "eps_4q_growth_year": -102.82,
            "roe": -0.17,
            "roe_4q": -0.12,
            "gross_profit": 98520,
            "gross_margin": 7.73,
            "gross_margin_4q_avg": 9.2,
            "net_income": -2006,
            "net_income_4q": null,
            "revenue": 1274560,
            "revenue_4q": null,
            "common_shares": 1102269,
            "book_valuer_per_share": 11,
            "book_valuer_per_share_4q_avg": 11.28,
            "equity": 1158168,
            "current_ratio": 76.03,
            "debt_ratio": 47.65,
            "inventory_turnover_ratio": 13.11,
            "account_receivable_turnover_ratio": 31.79,
            "reinvestment_rate": -35.49,
            "research_to_sale_ratio": null,
            "price_fair": 16.38,
            "eps_avg_yearly": 0.47,
            "eps_latest_yearly": 0.44,
            "eps_growth_yearly": 62.09
        },
        "20113": {
            "year_quarter": 20113,
            "year": 2011,
            "quarter": 3,
            "eps": 0.09,
            "eps_growth_year": -18.29,
            "eps_4q": -0.03,
            "eps_4q_growth_year": -108.59,
            "roe": 0.83,
            "roe_4q": -0.2200000000000002,
            "gross_profit": 106422,
            "gross_margin": 8.49,
            "gross_margin_4q_avg": 8.94,
            "net_income": 9672,
            "net_income_4q": null,
            "revenue": 1252906,
            "revenue_4q": null,
            "common_shares": 1129826,
            "book_valuer_per_share": 10.81,
            "book_valuer_per_share_4q_avg": 11.13,
            "equity": 1167838,
            "current_ratio": 107.13,
            "debt_ratio": 46.29,
            "inventory_turnover_ratio": 17.22,
            "account_receivable_turnover_ratio": 30.25,
            "reinvestment_rate": -234.82,
            "research_to_sale_ratio": null,
            "price_fair": 16.33,
            "eps_avg_yearly": 0.47,
            "eps_latest_yearly": 0.44,
            "eps_growth_yearly": 75.34
        },
        "20114": {
            "year_quarter": 20114,
            "year": 2011,
            "quarter": 4,
            "eps": 0.72,
            "eps_growth_year": null,
            "eps_4q": 0.87,
            "eps_4q_growth_year": 1008.07,
            "roe": 6.45,
            "roe_4q": 7.7700000000000005,
            "gross_profit": 101199,
            "gross_margin": 8.62,
            "gross_margin_4q_avg": 8.57,
            "net_income": 77835,
            "net_income_4q": null,
            "revenue": 1174513,
            "revenue_4q": null,
            "common_shares": 1129826,
            "book_valuer_per_share": 11.53,
            "book_valuer_per_share_4q_avg": 11.16,
            "equity": 1245675,
            "current_ratio": 66.74,
            "debt_ratio": 42.64,
            "inventory_turnover_ratio": 18.07,
            "account_receivable_turnover_ratio": 36.69,
            "reinvestment_rate": -65.77,
            "research_to_sale_ratio": null,
            "price_fair": 25.82,
            "eps_avg_yearly": 0.74,
            "eps_latest_yearly": 2.88,
            "eps_growth_yearly": 390.16
        },
        "20121": {
            "year_quarter": 20121,
            "year": 2012,
            "quarter": 1,
            "eps": 0.11,
            "eps_growth_year": 83.33,
            "eps_4q": 0.9,
            "eps_4q_growth_year": 741.88,
            "roe": 0.99,
            "roe_4q": 8.1,
            "gross_profit": 108017,
            "gross_margin": 9.69,
            "gross_margin_4q_avg": 8.63,
            "net_income": 12364,
            "net_income_4q": null,
            "revenue": 1114879,
            "revenue_4q": null,
            "common_shares": 1129826,
            "book_valuer_per_share": 11.66,
            "book_valuer_per_share_4q_avg": 11.25,
            "equity": 1259516,
            "current_ratio": 73.63,
            "debt_ratio": 44.59,
            "inventory_turnover_ratio": 9.44,
            "account_receivable_turnover_ratio": 48.2,
            "reinvestment_rate": -62.09,
            "research_to_sale_ratio": null,
            "price_fair": 26.44,
            "eps_avg_yearly": 0.76,
            "eps_latest_yearly": 0.44,
            "eps_growth_yearly": 368.67
        },
        "20122": {
            "year_quarter": 20122,
            "year": 2012,
            "quarter": 2,
            "eps": 0.07,
            "eps_growth_year": null,
            "eps_4q": 0.96,
            "eps_4q_growth_year": null,
            "roe": 0.64,
            "roe_4q": 8.91,
            "gross_profit": 94620,
            "gross_margin": 8.61,
            "gross_margin_4q_avg": 8.85,
            "net_income": 7941,
            "net_income_4q": null,
            "revenue": 1099232,
            "revenue_4q": null,
            "common_shares": 1130784,
            "book_valuer_per_share": 11.3,
            "book_valuer_per_share_4q_avg": 11.33,
            "equity": 1222264,
            "current_ratio": 72.6,
            "debt_ratio": 39.81,
            "inventory_turnover_ratio": 9.86,
            "account_receivable_turnover_ratio": 19.41,
            "reinvestment_rate": -56.08,
            "research_to_sale_ratio": null,
            "price_fair": 24.42,
            "eps_avg_yearly": 0.7,
            "eps_latest_yearly": 0.28,
            "eps_growth_yearly": 269.96
        },
        "20123": {
            "year_quarter": 20123,
            "year": 2012,
            "quarter": 3,
            "eps": -0.02,
            "eps_growth_year": -127.06,
            "eps_4q": 0.85,
            "eps_4q_growth_year": null,
            "roe": -0.22,
            "roe_4q": 7.86,
            "gross_profit": 97209,
            "gross_margin": 9.24,
            "gross_margin_4q_avg": 9.04,
            "net_income": -2721,
            "net_income_4q": null,
            "revenue": 1051612,
            "revenue_4q": null,
            "common_shares": 1172587,
            "book_valuer_per_share": 10.86,
            "book_valuer_per_share_4q_avg": 11.34,
            "equity": 1219541,
            "current_ratio": 50.04,
            "debt_ratio": 39.95,
            "inventory_turnover_ratio": 15.65,
            "account_receivable_turnover_ratio": 12.2,
            "reinvestment_rate": -52.11,
            "research_to_sale_ratio": null,
            "price_fair": 24.42,
            "eps_avg_yearly": 0.7,
            "eps_latest_yearly": 0.28,
            "eps_growth_yearly": 269.96
        },
        "20124": {
            "year_quarter": 20124,
            "year": 2012,
            "quarter": 4,
            "eps": -0.07,
            "eps_growth_year": -109.18,
            "eps_4q": 0.09,
            "eps_4q_growth_year": -89.56,
            "roe": -0.61,
            "roe_4q": 0.8,
            "gross_profit": 76590,
            "gross_margin": 7.75,
            "gross_margin_4q_avg": 8.82,
            "net_income": -7424,
            "net_income_4q": null,
            "revenue": 988778,
            "revenue_4q": null,
            "common_shares": 1172587,
            "book_valuer_per_share": 10.92,
            "book_valuer_per_share_4q_avg": 11.19,
            "equity": 1226338,
            "current_ratio": 82.79,
            "debt_ratio": 52.07,
            "inventory_turnover_ratio": 10.39,
            "account_receivable_turnover_ratio": 18.56,
            "reinvestment_rate": 30.18,
            "research_to_sale_ratio": null,
            "price_fair": 24.42,
            "eps_avg_yearly": 0.7,
            "eps_latest_yearly": 0.28,
            "eps_growth_yearly": 269.96
        },
        "20131": {
            "year_quarter": 20131,
            "year": 2013,
            "quarter": 1,
            "eps": 0.15,
            "eps_growth_year": 36.36,
            "eps_4q": 0.13,
            "eps_4q_growth_year": -85.64,
            "roe": 1.36,
            "roe_4q": 1.1700000000000002,
            "gross_profit": 106730,
            "gross_margin": 9.64,
            "gross_margin_4q_avg": 8.81,
            "net_income": 16804,
            "net_income_4q": null,
            "revenue": 1107225,
            "revenue_4q": null,
            "common_shares": 1172587,
            "book_valuer_per_share": 11.08,
            "book_valuer_per_share_4q_avg": 11.04,
            "equity": 1244627,
            "current_ratio": 95.69,
            "debt_ratio": 48.69,
            "inventory_turnover_ratio": 8.99,
            "account_receivable_turnover_ratio": 11.63,
            "reinvestment_rate": -70.26,
            "research_to_sale_ratio": null,
            "price_fair": 24.42,
            "eps_avg_yearly": 0.7,
            "eps_latest_yearly": 0.28,
            "eps_growth_yearly": 269.96
        },
        "20132": {
            "year_quarter": 20132,
            "year": 2013,
            "quarter": 2,
            "eps": -0.05,
            "eps_growth_year": -170.73,
            "eps_4q": 0.01,
            "eps_4q_growth_year": -98.67,
            "roe": -0.42,
            "roe_4q": 0.11000000000000018,
            "gross_profit": 83159,
            "gross_margin": 8.3,
            "gross_margin_4q_avg": 8.73,
            "net_income": -5200,
            "net_income_4q": null,
            "revenue": 1002471,
            "revenue_4q": null,
            "common_shares": 1172587,
            "book_valuer_per_share": 11.02,
            "book_valuer_per_share_4q_avg": 10.97,
            "equity": 1238255,
            "current_ratio": 82.62,
            "debt_ratio": 48.72,
            "inventory_turnover_ratio": 8.56,
            "account_receivable_turnover_ratio": 6.83,
            "reinvestment_rate": -89.1,
            "research_to_sale_ratio": null,
            "price_fair": 24.5,
            "eps_avg_yearly": 0.7,
            "eps_latest_yearly": 0.28,
            "eps_growth_yearly": 300.58
        },
        "20133": {
            "year_quarter": 20133,
            "year": 2013,
            "quarter": 3,
            "eps": -0.05,
            "eps_growth_year": null,
            "eps_4q": -0.02,
            "eps_4q_growth_year": -102.05,
            "roe": -0.5,
            "roe_4q": -0.16999999999999982,
            "gross_profit": 92973,
            "gross_margin": 8.47,
            "gross_margin_4q_avg": 8.54,
            "net_income": -6177,
            "net_income_4q": null,
            "revenue": 1097697,
            "revenue_4q": null,
            "common_shares": 1194867,
            "book_valuer_per_share": 10.75,
            "book_valuer_per_share_4q_avg": 10.94,
            "equity": 1232078,
            "current_ratio": 78.71,
            "debt_ratio": 44.83,
            "inventory_turnover_ratio": 11.6,
            "account_receivable_turnover_ratio": 8.19,
            "reinvestment_rate": -25.58,
            "research_to_sale_ratio": null,
            "price_fair": 25.6,
            "eps_avg_yearly": 0.73,
            "eps_latest_yearly": 0.28,
            "eps_growth_yearly": 360.33
        },
        "20134": {
            "year_quarter": 20134,
            "year": 2013,
            "quarter": 4,
            "eps": -0.11,
            "eps_growth_year": null,
            "eps_4q": -0.06,
            "eps_4q_growth_year": -164.32,
            "roe": -0.99,
            "roe_4q": -0.5499999999999998,
            "gross_profit": 87641,
            "gross_margin": 8.42,
            "gross_margin_4q_avg": 8.71,
            "net_income": -12092,
            "net_income_4q": null,
            "revenue": 1040534,
            "revenue_4q": null,
            "common_shares": 1194867,
            "book_valuer_per_share": 10.67,
            "book_valuer_per_share_4q_avg": 10.88,
            "equity": 1222283,
            "current_ratio": 52.35,
            "debt_ratio": 47.7,
            "inventory_turnover_ratio": 8.76,
            "account_receivable_turnover_ratio": 7.35,
            "reinvestment_rate": -163.31,
            "research_to_sale_ratio": null,
            "price_fair": 27.07,
            "eps_avg_yearly": 0.77,
            "eps_latest_yearly": 0.28,
            "eps_growth_yearly": 420.39
        },
        "20141": {
            "year_quarter": 20141,
            "year": 2014,
            "quarter": 1,
            "eps": -0.08,
            "eps_growth_year": -153.33,
            "eps_4q": -0.29,
            "eps_4q_growth_year": -319.78,
            "roe": -0.76,
            "roe_4q": -2.67,
            "gross_profit": 87484,
            "gross_margin": 8.9,
            "gross_margin_4q_avg": 8.52,
            "net_income": -9255,
            "net_income_4q": null,
            "revenue": 983197,
            "revenue_4q": null,
            "common_shares": 1194867,
            "book_valuer_per_share": 10.59,
            "book_valuer_per_share_4q_avg": 10.76,
            "equity": 1213028,
            "current_ratio": 48.05,
            "debt_ratio": 46.45,
            "inventory_turnover_ratio": 7.07,
            "account_receivable_turnover_ratio": 12.34,
            "reinvestment_rate": -189.03,
            "research_to_sale_ratio": null,
            "price_fair": 31.08,
            "eps_avg_yearly": 0.89,
            "eps_latest_yearly": 0.28,
            "eps_growth_yearly": 551.13
        },
        "20142": {
            "year_quarter": 20142,
            "year": 2014,
            "quarter": 2,
            "eps": -0.06,
            "eps_growth_year": null,
            "eps_4q": -0.3,
            "eps_4q_growth_year": -2443.59,
            "roe": -0.55,
            "roe_4q": -2.8,
            "gross_profit": 87120,
            "gross_margin": 8.64,
            "gross_margin_4q_avg": 8.61,
            "net_income": -6670,
            "net_income_4q": null,
            "revenue": 1007912,
            "revenue_4q": null,
            "common_shares": 1145607,
            "book_valuer_per_share": 10.53,
            "book_valuer_per_share_4q_avg": 10.64,
            "equity": 1206358,
            "current_ratio": 30.65,
            "debt_ratio": 47.77,
            "inventory_turnover_ratio": 7.57,
            "account_receivable_turnover_ratio": 57.99,
            "reinvestment_rate": 255,
            "research_to_sale_ratio": null,
            "price_fair": 35.35,
            "eps_avg_yearly": 1.01,
            "eps_latest_yearly": 0.28,
            "eps_growth_yearly": 588.91
        },
        "20143": {
            "year_quarter": 20143,
            "year": 2014,
            "quarter": 3,
            "eps": -0.18,
            "eps_growth_year": null,
            "eps_4q": -0.37,
            "eps_4q_growth_year": null,
            "roe": -1.57,
            "roe_4q": -3.87,
            "gross_profit": 79754,
            "gross_margin": 7.62,
            "gross_margin_4q_avg": 8.4,
            "net_income": -20576,
            "net_income_4q": null,
            "revenue": 1047260,
            "revenue_4q": null,
            "common_shares": 1318332,
            "book_valuer_per_share": 10.73,
            "book_valuer_per_share_4q_avg": 10.63,
            "equity": 1414224,
            "current_ratio": 52.49,
            "debt_ratio": 41.56,
            "inventory_turnover_ratio": 10.35,
            "account_receivable_turnover_ratio": 63.5,
            "reinvestment_rate": 453.03,
            "research_to_sale_ratio": null,
            "price_fair": 42,
            "eps_avg_yearly": 1.2,
            "eps_latest_yearly": 0.28,
            "eps_growth_yearly": 771.89
        },
        "20144": {
            "year_quarter": 20144,
            "year": 2014,
            "quarter": 4,
            "eps": -0.22,
            "eps_growth_year": null,
            "eps_4q": -0.49,
            "eps_4q_growth_year": null,
            "roe": -2.03,
            "roe_4q": -4.909999999999999,
            "gross_profit": 74585,
            "gross_margin": 8.73,
            "gross_margin_4q_avg": 8.47,
            "net_income": -28375,
            "net_income_4q": null,
            "revenue": 854335,
            "revenue_4q": null,
            "common_shares": 1318332,
            "book_valuer_per_share": 10.51,
            "book_valuer_per_share_4q_avg": 10.59,
            "equity": 1385638,
            "current_ratio": 64.76,
            "debt_ratio": 43.56,
            "inventory_turnover_ratio": 14.61,
            "account_receivable_turnover_ratio": 15.44,
            "reinvestment_rate": 541.45,
            "research_to_sale_ratio": null,
            "price_fair": 42,
            "eps_avg_yearly": 1.2,
            "eps_latest_yearly": 0.28,
            "eps_growth_yearly": 771.89
        },
        "20151": {
            "year_quarter": 20151,
            "year": 2015,
            "quarter": 1,
            "eps": -0.02,
            "eps_growth_year": null,
            "eps_4q": -0.44,
            "eps_4q_growth_year": null,
            "roe": -0.18,
            "roe_4q": -4.33,
            "gross_profit": 94707,
            "gross_margin": 13.07,
            "gross_margin_4q_avg": 9.52,
            "net_income": -2535,
            "net_income_4q": null,
            "revenue": 724379,
            "revenue_4q": null,
            "common_shares": 1318332,
            "book_valuer_per_share": 10.49,
            "book_valuer_per_share_4q_avg": 10.57,
            "equity": 1393214,
            "current_ratio": 48.59,
            "debt_ratio": 50.02,
            "inventory_turnover_ratio": 12.34,
            "account_receivable_turnover_ratio": 8.63,
            "reinvestment_rate": 2219.41,
            "research_to_sale_ratio": null,
            "price_fair": 42,
            "eps_avg_yearly": 1.2,
            "eps_latest_yearly": 0.28,
            "eps_growth_yearly": 771.89
        },
        "20152": {
            "year_quarter": 20152,
            "year": 2015,
            "quarter": 2,
            "eps": 0,
            "eps_growth_year": null,
            "eps_4q": -0.32,
            "eps_4q_growth_year": null,
            "roe": 0.04,
            "roe_4q": -3.74,
            "gross_profit": 101707,
            "gross_margin": 11.81,
            "gross_margin_4q_avg": 10.31,
            "net_income": 692,
            "net_income_4q": null,
            "revenue": 861299,
            "revenue_4q": null,
            "common_shares": 1618332,
            "book_valuer_per_share": 10.4,
            "book_valuer_per_share_4q_avg": 10.53,
            "equity": 1693906,
            "current_ratio": 73.87,
            "debt_ratio": 43.94,
            "inventory_turnover_ratio": 14.24,
            "account_receivable_turnover_ratio": 14.26,
            "reinvestment_rate": 2649.06,
            "research_to_sale_ratio": null,
            "price_fair": 42,
            "eps_avg_yearly": 1.2,
            "eps_latest_yearly": 0.28,
            "eps_growth_yearly": 771.89
        },
        "20153": {
            "year_quarter": 20153,
            "year": 2015,
            "quarter": 3,
            "eps": -0.15,
            "eps_growth_year": null,
            "eps_4q": -0.34,
            "eps_4q_growth_year": null,
            "roe": -1.47,
            "roe_4q": -3.6399999999999997,
            "gross_profit": 86787,
            "gross_margin": 9.52,
            "gross_margin_4q_avg": 10.78,
            "net_income": -24671,
            "net_income_4q": null,
            "revenue": 911391,
            "revenue_4q": null,
            "common_shares": 1618332,
            "book_valuer_per_share": 10.25,
            "book_valuer_per_share_4q_avg": 10.41,
            "equity": 1669236,
            "current_ratio": 49.42,
            "debt_ratio": 37.95,
            "inventory_turnover_ratio": 15.96,
            "account_receivable_turnover_ratio": 22.78,
            "reinvestment_rate": null,
            "research_to_sale_ratio": null,
            "price_fair": 42,
            "eps_avg_yearly": 1.2,
            "eps_latest_yearly": 0.28,
            "eps_growth_yearly": 771.89
        },
        "20154": {
            "year_quarter": 20154,
            "year": 2015,
            "quarter": 4,
            "eps": 0.06,
            "eps_growth_year": null,
            "eps_4q": -0.08,
            "eps_4q_growth_year": null,
            "roe": 0.59,
            "roe_4q": -1.02,
            "gross_profit": 106877,
            "gross_margin": 12.09,
            "gross_margin_4q_avg": 11.62,
            "net_income": 10810,
            "net_income_4q": null,
            "revenue": 884336,
            "revenue_4q": null,
            "common_shares": 1918332,
            "book_valuer_per_share": 10.27,
            "book_valuer_per_share_4q_avg": 10.35,
            "equity": 1983467,
            "current_ratio": 30.67,
            "debt_ratio": 39.87,
            "inventory_turnover_ratio": 17.28,
            "account_receivable_turnover_ratio": 35.6,
            "reinvestment_rate": null,
            "research_to_sale_ratio": null,
            "price_fair": 1.08,
            "eps_avg_yearly": 0.36,
            "eps_latest_yearly": 0.28,
            "eps_growth_yearly": -242.17
        },
        "20161": {
            "year_quarter": 20161,
            "year": 2016,
            "quarter": 1,
            "eps": 0.11,
            "eps_growth_year": null,
            "eps_4q": 0.04,
            "eps_4q_growth_year": null,
            "roe": 1.08,
            "roe_4q": 0.23999999999999996,
            "gross_profit": 128892,
            "gross_margin": 16.78,
            "gross_margin_4q_avg": 12.55,
            "net_income": 21594,
            "net_income_4q": null,
            "revenue": 768106,
            "revenue_4q": null,
            "common_shares": 1918332,
            "book_valuer_per_share": 10.38,
            "book_valuer_per_share_4q_avg": 10.33,
            "equity": 2005061,
            "current_ratio": 32.14,
            "debt_ratio": 39.07,
            "inventory_turnover_ratio": 13.52,
            "account_receivable_turnover_ratio": 45.3,
            "reinvestment_rate": null,
            "research_to_sale_ratio": null,
            "price_fair": 12.6,
            "eps_avg_yearly": 0.36,
            "eps_latest_yearly": 0.44,
            "eps_growth_yearly": 93.94
        },
        "20162": {
            "year_quarter": 20162,
            "year": 2016,
            "quarter": 2,
            "eps": 0.16,
            "eps_growth_year": null,
            "eps_4q": 0.19,
            "eps_4q_growth_year": null,
            "roe": 1.49,
            "roe_4q": 1.6900000000000002,
            "gross_profit": 139977,
            "gross_margin": 15.29,
            "gross_margin_4q_avg": 13.42,
            "net_income": 30178,
            "net_income_4q": null,
            "revenue": 915734,
            "revenue_4q": null,
            "common_shares": 1918332,
            "book_valuer_per_share": 10.53,
            "book_valuer_per_share_4q_avg": 10.36,
            "equity": 2035239,
            "current_ratio": 34.63,
            "debt_ratio": 38.71,
            "inventory_turnover_ratio": 13.88,
            "account_receivable_turnover_ratio": 52.26,
            "reinvestment_rate": null,
            "research_to_sale_ratio": null,
            "price_fair": 18.9,
            "eps_avg_yearly": 0.54,
            "eps_latest_yearly": 0.64,
            "eps_growth_yearly": 257.58
        },
        "20163": {
            "year_quarter": 20163,
            "year": 2016,
            "quarter": 3,
            "eps": -0.1,
            "eps_growth_year": null,
            "eps_4q": 0.22,
            "eps_4q_growth_year": null,
            "roe": -0.92,
            "roe_4q": 2.2399999999999998,
            "gross_profit": 132713,
            "gross_margin": 13.96,
            "gross_margin_4q_avg": 14.53,
            "net_income": -18733,
            "net_income_4q": null,
            "revenue": 950383,
            "revenue_4q": null,
            "common_shares": 1918332,
            "book_valuer_per_share": 10.44,
            "book_valuer_per_share_4q_avg": 10.41,
            "equity": 2016503,
            "current_ratio": 25.22,
            "debt_ratio": 40.98,
            "inventory_turnover_ratio": 16.56,
            "account_receivable_turnover_ratio": 52.72,
            "reinvestment_rate": null,
            "research_to_sale_ratio": null,
            "price_fair": 18.9,
            "eps_avg_yearly": 0.54,
            "eps_latest_yearly": 0.64,
            "eps_growth_yearly": 257.58
        },
        "20164": {
            "year_quarter": 20164,
            "year": 2016,
            "quarter": 4,
            "eps": 0.13,
            "eps_growth_year": 131.6,
            "eps_4q": 0.3,
            "eps_4q_growth_year": null,
            "roe": 1.27,
            "roe_4q": 2.92,
            "gross_profit": 145322,
            "gross_margin": 14.79,
            "gross_margin_4q_avg": 15.21,
            "net_income": 25728,
            "net_income_4q": null,
            "revenue": 982276,
            "revenue_4q": null,
            "common_shares": 1918332,
            "book_valuer_per_share": 10.56,
            "book_valuer_per_share_4q_avg": 10.48,
            "equity": 2037266,
            "current_ratio": 27.48,
            "debt_ratio": 43.06,
            "inventory_turnover_ratio": 12.65,
            "account_receivable_turnover_ratio": 49.99,
            "reinvestment_rate": null,
            "research_to_sale_ratio": null,
            "price_fair": 18.9,
            "eps_avg_yearly": 0.54,
            "eps_latest_yearly": 0.64,
            "eps_growth_yearly": 257.58
        },
        "20171": {
            "year_quarter": 20171,
            "year": 2017,
            "quarter": 1,
            "eps": 0.06,
            "eps_growth_year": -45.45,
            "eps_4q": 0.25,
            "eps_4q_growth_year": 506.81,
            "roe": 0.59,
            "roe_4q": 2.4299999999999997,
            "gross_profit": 133451,
            "gross_margin": 13.49,
            "gross_margin_4q_avg": 14.38,
            "net_income": 12004,
            "net_income_4q": null,
            "revenue": 989330,
            "revenue_4q": null,
            "common_shares": 1918332,
            "book_valuer_per_share": 10.63,
            "book_valuer_per_share_4q_avg": 10.54,
            "equity": 2049270,
            "current_ratio": 26.91,
            "debt_ratio": 43.42,
            "inventory_turnover_ratio": 12.78,
            "account_receivable_turnover_ratio": 50.74,
            "reinvestment_rate": null,
            "research_to_sale_ratio": null,
            "price_fair": 15.4,
            "eps_avg_yearly": 0.44,
            "eps_latest_yearly": 0.24,
            "eps_growth_yearly": 99.92
        },
        "20172": {
            "year_quarter": 20172,
            "year": 2017,
            "quarter": 2,
            "eps": 0.07,
            "eps_growth_year": -56.25,
            "eps_4q": 0.16,
            "eps_4q_growth_year": -15.77,
            "roe": 0.65,
            "roe_4q": 1.5899999999999999,
            "gross_profit": 134392,
            "gross_margin": 13.69,
            "gross_margin_4q_avg": 13.98,
            "net_income": 13429,
            "net_income_4q": null,
            "revenue": 981916,
            "revenue_4q": null,
            "common_shares": 1918332,
            "book_valuer_per_share": 10.7,
            "book_valuer_per_share_4q_avg": 10.58,
            "equity": 2061856,
            "current_ratio": 35.65,
            "debt_ratio": 43.38,
            "inventory_turnover_ratio": 16.44,
            "account_receivable_turnover_ratio": 55.48,
            "reinvestment_rate": null,
            "research_to_sale_ratio": null,
            "price_fair": 14,
            "eps_avg_yearly": 0.4,
            "eps_latest_yearly": 0.28,
            "eps_growth_yearly": 91.61
        },
        "20173": {
            "year_quarter": 20173,
            "year": 2017,
            "quarter": 3,
            "eps": 0.16,
            "eps_growth_year": null,
            "eps_4q": 0.42,
            "eps_4q_growth_year": 88.65,
            "roe": 1.49,
            "roe_4q": 4,
            "gross_profit": 165333,
            "gross_margin": 14.96,
            "gross_margin_4q_avg": 14.23,
            "net_income": 30926,
            "net_income_4q": null,
            "revenue": 1105168,
            "revenue_4q": null,
            "common_shares": 1918332,
            "book_valuer_per_share": 10.86,
            "book_valuer_per_share_4q_avg": 10.69,
            "equity": 2090295,
            "current_ratio": 38.33,
            "debt_ratio": 43.3,
            "inventory_turnover_ratio": 11.19,
            "account_receivable_turnover_ratio": 61.38,
            "reinvestment_rate": 8456.77,
            "research_to_sale_ratio": null,
            "price_fair": 15.68,
            "eps_avg_yearly": 0.45,
            "eps_latest_yearly": 0.64,
            "eps_growth_yearly": 176.14
        },
        "20174": {
            "year_quarter": 20174,
            "year": 2017,
            "quarter": 4,
            "eps": 0.13,
            "eps_growth_year": -0.73,
            "eps_4q": 0.42,
            "eps_4q_growth_year": 41.1,
            "roe": 1.2,
            "roe_4q": 3.9299999999999997,
            "gross_profit": 166015,
            "gross_margin": 13.94,
            "gross_margin_4q_avg": 14.02,
            "net_income": 25252,
            "net_income_4q": null,
            "revenue": 1190773,
            "revenue_4q": null,
            "common_shares": 1918332,
            "book_valuer_per_share": 10.98,
            "book_valuer_per_share_4q_avg": 10.79,
            "equity": 2113371,
            "current_ratio": 59.8,
            "debt_ratio": 42.9,
            "inventory_turnover_ratio": 8.98,
            "account_receivable_turnover_ratio": 48.83,
            "reinvestment_rate": 3007.11,
            "research_to_sale_ratio": null,
            "price_fair": 16.1,
            "eps_avg_yearly": 0.46,
            "eps_latest_yearly": 0.52,
            "eps_growth_yearly": 134.29
        },
        "20181": {
            "year_quarter": 20181,
            "year": 2018,
            "quarter": 1,
            "eps": 0.15,
            "eps_growth_year": 150,
            "eps_4q": 0.51,
            "eps_4q_growth_year": 103.84,
            "roe": 1.36,
            "roe_4q": 4.7,
            "gross_profit": 167620,
            "gross_margin": 13.85,
            "gross_margin_4q_avg": 14.11,
            "net_income": 29029,
            "net_income_4q": null,
            "revenue": 1209877,
            "revenue_4q": null,
            "common_shares": 1918332,
            "book_valuer_per_share": 11.12,
            "book_valuer_per_share_4q_avg": 10.92,
            "equity": 2140890,
            "current_ratio": 54.75,
            "debt_ratio": 44.08,
            "inventory_turnover_ratio": 8.58,
            "account_receivable_turnover_ratio": 48.46,
            "reinvestment_rate": 1896.36,
            "research_to_sale_ratio": null,
            "price_fair": 16.8,
            "eps_avg_yearly": 0.48,
            "eps_latest_yearly": 0.6,
            "eps_growth_yearly": 123.89
        },
        "20182": {
            "year_quarter": 20182,
            "year": 2018,
            "quarter": 2,
            "eps": 0.16,
            "eps_growth_year": 128.57,
            "eps_4q": 0.61,
            "eps_4q_growth_year": 269.54,
            "roe": 1.48,
            "roe_4q": 5.53,
            "gross_profit": 177926,
            "gross_margin": 13.34,
            "gross_margin_4q_avg": 14.02,
            "net_income": 31749,
            "net_income_4q": null,
            "revenue": 1333439,
            "revenue_4q": null,
            "common_shares": 1918332,
            "book_valuer_per_share": 11.17,
            "book_valuer_per_share_4q_avg": 11.03,
            "equity": 2150884,
            "current_ratio": 53.85,
            "debt_ratio": 44.15,
            "inventory_turnover_ratio": 9.29,
            "account_receivable_turnover_ratio": 55.32,
            "reinvestment_rate": 1189.54,
            "research_to_sale_ratio": null,
            "price_fair": 17.5,
            "eps_avg_yearly": 0.5,
            "eps_latest_yearly": 0.64,
            "eps_growth_yearly": 111.74
        },
        "20183": {
            "year_quarter": 20183,
            "year": 2018,
            "quarter": 3,
            "eps": 0.07,
            "eps_growth_year": -56.25,
            "eps_4q": 0.52,
            "eps_4q_growth_year": 22.46,
            "roe": 0.65,
            "roe_4q": 4.69,
            "gross_profit": 162113,
            "gross_margin": 11.86,
            "gross_margin_4q_avg": 13.25,
            "net_income": 14107,
            "net_income_4q": null,
            "revenue": 1367027,
            "revenue_4q": null,
            "common_shares": 1918332,
            "book_valuer_per_share": 11.24,
            "book_valuer_per_share_4q_avg": 11.13,
            "equity": 2164991,
            "current_ratio": 62.46,
            "debt_ratio": 44.68,
            "inventory_turnover_ratio": 7.82,
            "account_receivable_turnover_ratio": 41.6,
            "reinvestment_rate": 949.58,
            "research_to_sale_ratio": null,
            "price_fair": 16.64,
            "eps_avg_yearly": 0.48,
            "eps_latest_yearly": 0.28,
            "eps_growth_yearly": 74.32
        },
        "20184": {
            "year_quarter": 20184,
            "year": 2018,
            "quarter": 4,
            "eps": 0.01,
            "eps_growth_year": -91.58,
            "eps_4q": 0.4,
            "eps_4q_growth_year": -5.65,
            "roe": 0.1,
            "roe_4q": 3.59,
            "gross_profit": 155733,
            "gross_margin": 11.61,
            "gross_margin_4q_avg": 12.67,
            "net_income": 2185,
            "net_income_4q": null,
            "revenue": 1341705,
            "revenue_4q": null,
            "common_shares": 1918332,
            "book_valuer_per_share": 11.26,
            "book_valuer_per_share_4q_avg": 11.2,
            "equity": 2167176,
            "current_ratio": 80.65,
            "debt_ratio": 47.13,
            "inventory_turnover_ratio": 4.26,
            "account_receivable_turnover_ratio": 36.28,
            "reinvestment_rate": 796.06,
            "research_to_sale_ratio": null,
            "price_fair": 15.12,
            "eps_avg_yearly": 0.43,
            "eps_latest_yearly": 0.04,
            "eps_growth_yearly": 32.61
        },
        "20191": {
            "year_quarter": 20191,
            "year": 2019,
            "quarter": 1,
            "eps": 0.13,
            "eps_growth_year": -13.33,
            "eps_4q": 0.38,
            "eps_4q_growth_year": -26.53,
            "roe": 1.12,
            "roe_4q": 3.35,
            "gross_profit": 183246,
            "gross_margin": 15.17,
            "gross_margin_4q_avg": 13,
            "net_income": 24467,
            "net_income_4q": null,
            "revenue": 1207900,
            "revenue_4q": null,
            "common_shares": 1918332,
            "book_valuer_per_share": 11.38,
            "book_valuer_per_share_4q_avg": 11.26,
            "equity": 2191593,
            "current_ratio": 73.42,
            "debt_ratio": 51.27,
            "inventory_turnover_ratio": 2.49,
            "account_receivable_turnover_ratio": 35.81,
            "reinvestment_rate": 594.85,
            "research_to_sale_ratio": null,
            "price_fair": 15.4,
            "eps_avg_yearly": 0.44,
            "eps_latest_yearly": 0.52,
            "eps_growth_yearly": 466.01
        },
        "20192": {
            "year_quarter": 20192,
            "year": 2019,
            "quarter": 2,
            "eps": 0.11,
            "eps_growth_year": -31.25,
            "eps_4q": 0.32,
            "eps_4q_growth_year": -46.45,
            "roe": 1,
            "roe_4q": 2.87,
            "gross_profit": 166051,
            "gross_margin": 12.79,
            "gross_margin_4q_avg": 12.86,
            "net_income": 21892,
            "net_income_4q": null,
            "revenue": 1297960,
            "revenue_4q": null,
            "common_shares": 1918332,
            "book_valuer_per_share": 11.32,
            "book_valuer_per_share_4q_avg": 11.3,
            "equity": 2170831,
            "current_ratio": 63.93,
            "debt_ratio": 55.21,
            "inventory_turnover_ratio": 2.47,
            "account_receivable_turnover_ratio": 40.68,
            "reinvestment_rate": 515.86,
            "research_to_sale_ratio": null,
            "price_fair": 15.4,
            "eps_avg_yearly": 0.44,
            "eps_latest_yearly": 0.44,
            "eps_growth_yearly": 422.04
        },
        "20193": {
            "year_quarter": 20193,
            "year": 2019,
            "quarter": 3,
            "eps": 0.03,
            "eps_growth_year": -57.14,
            "eps_4q": 0.28,
            "eps_4q_growth_year": -45.99,
            "roe": 0.11,
            "roe_4q": 2.3300000000000005,
            "gross_profit": 168580,
            "gross_margin": 12.71,
            "gross_margin_4q_avg": 13.07,
            "net_income": 2471,
            "net_income_4q": null,
            "revenue": 1326164,
            "revenue_4q": null,
            "common_shares": 1918332,
            "book_valuer_per_share": 11.34,
            "book_valuer_per_share_4q_avg": 11.33,
            "equity": 2197802,
            "current_ratio": 73.46,
            "debt_ratio": 57.72,
            "inventory_turnover_ratio": 2.54,
            "account_receivable_turnover_ratio": 39.03,
            "reinvestment_rate": 437.53,
            "research_to_sale_ratio": null,
            "price_fair": 14.54,
            "eps_avg_yearly": 0.42,
            "eps_latest_yearly": 0.12,
            "eps_growth_yearly": 367.2
        },
        "20194": {
            "year_quarter": 20194,
            "year": 2019,
            "quarter": 4,
            "eps": 0.01,
            "eps_growth_year": -38,
            "eps_4q": 0.28,
            "eps_4q_growth_year": -30.79,
            "roe": -0.06,
            "roe_4q": 2.17,
            "gross_profit": 177623,
            "gross_margin": 13.48,
            "gross_margin_4q_avg": 13.54,
            "net_income": -1241,
            "net_income_4q": null,
            "revenue": 1317596,
            "revenue_4q": null,
            "common_shares": 1918332,
            "book_valuer_per_share": 11.35,
            "book_valuer_per_share_4q_avg": 11.35,
            "equity": 2196511,
            "current_ratio": 83.13,
            "debt_ratio": 56.92,
            "inventory_turnover_ratio": 2.55,
            "account_receivable_turnover_ratio": 46.25,
            "reinvestment_rate": 221.46,
            "research_to_sale_ratio": null,
            "price_fair": 13.6,
            "eps_avg_yearly": 0.39,
            "eps_latest_yearly": 0.04,
            "eps_growth_yearly": 321.93
        },
        "20201": {
            "year_quarter": 20201,
            "year": 2020,
            "quarter": 1,
            "eps": -0.01,
            "eps_growth_year": -107.69,
            "eps_4q": 0.14,
            "eps_4q_growth_year": -63.59,
            "roe": -0.22,
            "roe_4q": 0.83,
            "gross_profit": 156467,
            "gross_margin": 13.43,
            "gross_margin_4q_avg": 13.1,
            "net_income": -4865,
            "net_income_4q": null,
            "revenue": 1165191,
            "revenue_4q": null,
            "common_shares": 1918332,
            "book_valuer_per_share": 11.34,
            "book_valuer_per_share_4q_avg": 11.34,
            "equity": 2191646,
            "current_ratio": 70.45,
            "debt_ratio": 56.44,
            "inventory_turnover_ratio": 2.42,
            "account_receivable_turnover_ratio": 61.75,
            "reinvestment_rate": 239.87,
            "research_to_sale_ratio": null,
            "price_fair": 13.46,
            "eps_avg_yearly": 0.38,
            "eps_latest_yearly": 0.04,
            "eps_growth_yearly": 321.05
        },
        "20202": {
            "year_quarter": 20202,
            "year": 2020,
            "quarter": 2,
            "eps": 0.23,
            "eps_growth_year": 109.09,
            "eps_4q": 0.25,
            "eps_4q_growth_year": -23.02,
            "roe": 1.93,
            "roe_4q": 1.76,
            "gross_profit": 207729,
            "gross_margin": 22.5,
            "gross_margin_4q_avg": 15.53,
            "net_income": 42297,
            "net_income_4q": null,
            "revenue": 923406,
            "revenue_4q": null,
            "common_shares": 1918332,
            "book_valuer_per_share": 11.37,
            "book_valuer_per_share_4q_avg": 11.35,
            "equity": 2195574,
            "current_ratio": 70.77,
            "debt_ratio": 56.22,
            "inventory_turnover_ratio": 1.71,
            "account_receivable_turnover_ratio": 58.46,
            "reinvestment_rate": 226.51,
            "research_to_sale_ratio": null,
            "price_fair": 12.72,
            "eps_avg_yearly": 0.36,
            "eps_latest_yearly": 0.04,
            "eps_growth_yearly": 332.65
        },
        "20203": {
            "year_quarter": 20203,
            "year": 2020,
            "quarter": 3,
            "eps": 0.14,
            "eps_growth_year": 366.67,
            "eps_4q": 0.36,
            "eps_4q_growth_year": 30,
            "roe": 1.27,
            "roe_4q": 2.92,
            "gross_profit": 187167,
            "gross_margin": 16.07,
            "gross_margin_4q_avg": 16.37,
            "net_income": 28661,
            "net_income_4q": null,
            "revenue": 1164691,
            "revenue_4q": null,
            "common_shares": 1918332,
            "book_valuer_per_share": 11.51,
            "book_valuer_per_share_4q_avg": 11.39,
            "equity": 2304475,
            "current_ratio": 85.34,
            "debt_ratio": 59.13,
            "inventory_turnover_ratio": 2.26,
            "account_receivable_turnover_ratio": 61.96,
            "reinvestment_rate": 145.07,
            "research_to_sale_ratio": null,
            "price_fair": 13.25,
            "eps_avg_yearly": 0.38,
            "eps_latest_yearly": 0.56,
            "eps_growth_yearly": 295.02
        },
        "20204": {
            "year_quarter": 20204,
            "year": 2020,
            "quarter": 4,
            "eps": 0.27,
            "eps_growth_year": 3866.63,
            "eps_4q": 0.63,
            "eps_4q_growth_year": 127.73,
            "roe": 2.07,
            "roe_4q": 5.05,
            "gross_profit": 202224,
            "gross_margin": 17.41,
            "gross_margin_4q_avg": 17.35,
            "net_income": 48572,
            "net_income_4q": null,
            "revenue": 1161734,
            "revenue_4q": null,
            "common_shares": 1918332,
            "book_valuer_per_share": 11.92,
            "book_valuer_per_share_4q_avg": 11.54,
            "equity": 2381346,
            "current_ratio": 52.14,
            "debt_ratio": 64.43,
            "inventory_turnover_ratio": 2.17,
            "account_receivable_turnover_ratio": 55.83,
            "reinvestment_rate": 306.51,
            "research_to_sale_ratio": null,
            "price_fair": 15,
            "eps_avg_yearly": 0.43,
            "eps_latest_yearly": 1.08,
            "eps_growth_yearly": 300.48
        },
        "20211": {
            "year_quarter": 20211,
            "year": 2021,
            "quarter": 1,
            "eps": 0.24,
            "eps_growth_year": null,
            "eps_4q": 0.88,
            "eps_4q_growth_year": 544.49,
            "roe": 1.76,
            "roe_4q": 7.029999999999999,
            "gross_profit": 216218,
            "gross_margin": 16.87,
            "gross_margin_4q_avg": 18.21,
            "net_income": 43084,
            "net_income_4q": null,
            "revenue": 1281423,
            "revenue_4q": null,
            "common_shares": 1919267,
            "book_valuer_per_share": 12.17,
            "book_valuer_per_share_4q_avg": 11.74,
            "equity": 2511822,
            "current_ratio": 62,
            "debt_ratio": 66.3,
            "inventory_turnover_ratio": 2.2,
            "account_receivable_turnover_ratio": 60.12,
            "reinvestment_rate": 270.63,
            "research_to_sale_ratio": null,
            "price_fair": 16.8,
            "eps_avg_yearly": 0.48,
            "eps_latest_yearly": 0.96,
            "eps_growth_yearly": 312.69
        },
        "20212": {
            "year_quarter": 20212,
            "year": 2021,
            "quarter": 2,
            "eps": 0.12,
            "eps_growth_year": -47.83,
            "eps_4q": 0.73,
            "eps_4q_growth_year": 193.19,
            "roe": 0.71,
            "roe_4q": 5.809999999999999,
            "gross_profit": 169430,
            "gross_margin": 14,
            "gross_margin_4q_avg": 16.09,
            "net_income": 18405,
            "net_income_4q": null,
            "revenue": 1210429,
            "revenue_4q": null,
            "common_shares": 1979662,
            "book_valuer_per_share": 12.79,
            "book_valuer_per_share_4q_avg": 12.1,
            "equity": 2704910,
            "current_ratio": 55.1,
            "debt_ratio": 64.61,
            "inventory_turnover_ratio": 1.98,
            "account_receivable_turnover_ratio": 54.7,
            "reinvestment_rate": 264.97,
            "research_to_sale_ratio": null,
            "price_fair": 17.3,
            "eps_avg_yearly": 0.49,
            "eps_latest_yearly": 0.48,
            "eps_growth_yearly": 293.64
        },
        "20213": {
            "year_quarter": 20213,
            "year": 2021,
            "quarter": 3,
            "eps": 0.32,
            "eps_growth_year": 128.57,
            "eps_4q": 0.89,
            "eps_4q_growth_year": 145.44,
            "roe": 2.31,
            "roe_4q": 6.85,
            "gross_profit": 196407,
            "gross_margin": 13.85,
            "gross_margin_4q_avg": 15.53,
            "net_income": 62918,
            "net_income_4q": null,
            "revenue": 1417876,
            "revenue_4q": null,
            "common_shares": 2062377,
            "book_valuer_per_share": 12.49,
            "book_valuer_per_share_4q_avg": 12.34,
            "equity": 2748247,
            "current_ratio": 59.56,
            "debt_ratio": 66.27,
            "inventory_turnover_ratio": 2.27,
            "account_receivable_turnover_ratio": 56.73,
            "reinvestment_rate": 219.43,
            "research_to_sale_ratio": null,
            "price_fair": 18.9,
            "eps_avg_yearly": 0.54,
            "eps_latest_yearly": 1.28,
            "eps_growth_yearly": 304.53
        },
        "20214": {
            "year_quarter": 20214,
            "year": 2021,
            "quarter": 4,
            "eps": 0.03,
            "eps_growth_year": -88.35,
            "eps_4q": 0.57,
            "eps_4q_growth_year": -9.45,
            "roe": 0.36,
            "roe_4q": 5.14,
            "gross_profit": 226834,
            "gross_margin": 13.99,
            "gross_margin_4q_avg": 14.68,
            "net_income": 11855,
            "net_income_4q": null,
            "revenue": 1621305,
            "revenue_4q": null,
            "common_shares": 2462493,
            "book_valuer_per_share": 14.65,
            "book_valuer_per_share_4q_avg": 13.03,
            "equity": 3783915,
            "current_ratio": 106.22,
            "debt_ratio": 59.14,
            "inventory_turnover_ratio": 2.54,
            "account_receivable_turnover_ratio": 49.78,
            "reinvestment_rate": 308.62,
            "research_to_sale_ratio": null,
            "price_fair": 17.9,
            "eps_avg_yearly": 0.51,
            "eps_latest_yearly": 0.12,
            "eps_growth_yearly": 283.99
        },
        "20221": {
            "year_quarter": 20221,
            "year": 2022,
            "quarter": 1,
            "eps": 0.08,
            "eps_growth_year": -66.67,
            "eps_4q": 0.46,
            "eps_4q_growth_year": -48,
            "roe": 0.55,
            "roe_4q": 3.93,
            "gross_profit": 237344,
            "gross_margin": 14.8,
            "gross_margin_4q_avg": 14.16,
            "net_income": 20913,
            "net_income_4q": null,
            "revenue": 1603944,
            "revenue_4q": null,
            "common_shares": 2469357,
            "book_valuer_per_share": 14.73,
            "book_valuer_per_share_4q_avg": 13.67,
            "equity": 3816282,
            "current_ratio": 77.45,
            "debt_ratio": 63.03,
            "inventory_turnover_ratio": 2.35,
            "account_receivable_turnover_ratio": 46.69,
            "reinvestment_rate": 331.04,
            "research_to_sale_ratio": null,
            "price_fair": 17.2,
            "eps_avg_yearly": 0.49,
            "eps_latest_yearly": 0.32,
            "eps_growth_yearly": 327.21
        },
        "20222": {
            "year_quarter": 20222,
            "year": 2022,
            "quarter": 2,
            "eps": 0.46,
            "eps_growth_year": 283.33,
            "eps_4q": 0.81,
            "eps_4q_growth_year": 11.27,
            "roe": 3.02,
            "roe_4q": 6.24,
            "gross_profit": 192743,
            "gross_margin": 11.96,
            "gross_margin_4q_avg": 13.65,
            "net_income": 115824,
            "net_income_4q": null,
            "revenue": 1611468,
            "revenue_4q": null,
            "common_shares": 2507659,
            "book_valuer_per_share": 14.63,
            "book_valuer_per_share_4q_avg": 14.13,
            "equity": 3849409,
            "current_ratio": 66.99,
            "debt_ratio": 67.19,
            "inventory_turnover_ratio": 2.25,
            "account_receivable_turnover_ratio": 51.41,
            "reinvestment_rate": 304.83,
            "research_to_sale_ratio": null,
            "price_fair": 20.2,
            "eps_avg_yearly": 0.58,
            "eps_latest_yearly": 1.84,
            "eps_growth_yearly": 461.02
        },
        "20223": {
            "year_quarter": 20223,
            "year": 2022,
            "quarter": 3,
            "eps": 0.1,
            "eps_growth_year": -68.75,
            "eps_4q": 0.66,
            "eps_4q_growth_year": -26.12,
            "roe": 0.84,
            "roe_4q": 4.7700000000000005,
            "gross_profit": 228583,
            "gross_margin": 12.85,
            "gross_margin_4q_avg": 13.4,
            "net_income": 32735,
            "net_income_4q": null,
            "revenue": 1779423,
            "revenue_4q": null,
            "common_shares": 2534970,
            "book_valuer_per_share": 14.85,
            "book_valuer_per_share_4q_avg": 14.72,
            "equity": 3949408,
            "current_ratio": 85.95,
            "debt_ratio": 70.62,
            "inventory_turnover_ratio": 2.24,
            "account_receivable_turnover_ratio": 45.41,
            "reinvestment_rate": 419.6,
            "research_to_sale_ratio": null,
            "price_fair": 20.5,
            "eps_avg_yearly": 0.59,
            "eps_latest_yearly": 0.4,
            "eps_growth_yearly": 454.73
        },
        "20224": {
            "year_quarter": 20224,
            "year": 2022,
            "quarter": 4,
            "eps": -0.05,
            "eps_growth_year": -269.02,
            "eps_4q": 0.52,
            "eps_4q_growth_year": -8.8,
            "roe": -0.35,
            "roe_4q": 4.06,
            "gross_profit": 212236,
            "gross_margin": 12.06,
            "gross_margin_4q_avg": 12.92,
            "net_income": -13977,
            "net_income_4q": null,
            "revenue": 1759601,
            "revenue_4q": null,
            "common_shares": 2789307,
            "book_valuer_per_share": 13.75,
            "book_valuer_per_share_4q_avg": 14.49,
            "equity": 4020331,
            "current_ratio": 72.84,
            "debt_ratio": 73.16,
            "inventory_turnover_ratio": 2.02,
            "account_receivable_turnover_ratio": 19.99,
            "reinvestment_rate": 591.15,
            "research_to_sale_ratio": null,
            "price_fair": 21.97,
            "eps_avg_yearly": 0.63,
            "eps_latest_yearly": 0.4,
            "eps_growth_yearly": 516.09
        },
        "20231": {
            "year_quarter": 20231,
            "year": 2023,
            "quarter": 1,
            "eps": 0.07,
            "eps_growth_year": -12.5,
            "eps_4q": 0.5,
            "eps_4q_growth_year": 9.69,
            "roe": 0.33,
            "roe_4q": 3.84,
            "gross_profit": 253000,
            "gross_margin": 14.53,
            "gross_margin_4q_avg": 12.85,
            "net_income": 17764,
            "net_income_4q": null,
            "revenue": 1740914,
            "revenue_4q": null,
            "common_shares": 2870978,
            "book_valuer_per_share": 16.92,
            "book_valuer_per_share_4q_avg": 15.04,
            "equity": 6815847,
            "current_ratio": 109.35,
            "debt_ratio": 59.97,
            "inventory_turnover_ratio": 1.75,
            "account_receivable_turnover_ratio": 12.71,
            "reinvestment_rate": 1177.11,
            "research_to_sale_ratio": null,
            "price_fair": 22.28,
            "eps_avg_yearly": 0.64,
            "eps_latest_yearly": 0.4,
            "eps_growth_yearly": 159.09
        },
        "20232": {
            "year_quarter": 20232,
            "year": 2023,
            "quarter": 2,
            "eps": 0.11,
            "eps_growth_year": -76.09,
            "eps_4q": 0.19,
            "eps_4q_growth_year": -76.06,
            "roe": 0.46,
            "roe_4q": 1.28,
            "gross_profit": 281698,
            "gross_margin": 15.48,
            "gross_margin_4q_avg": 13.73,
            "net_income": 31191,
            "net_income_4q": null,
            "revenue": 1819783,
            "revenue_4q": null,
            "common_shares": 3177520,
            "book_valuer_per_share": 15,
            "book_valuer_per_share_4q_avg": 15.13,
            "equity": 6847693,
            "current_ratio": 72.21,
            "debt_ratio": 64.59,
            "inventory_turnover_ratio": 1.66,
            "account_receivable_turnover_ratio": 13.98,
            "reinvestment_rate": 1494.27,
            "research_to_sale_ratio": null,
            "price_fair": 22.28,
            "eps_avg_yearly": 0.64,
            "eps_latest_yearly": 0.44,
            "eps_growth_yearly": 183.27
        },
        "20233": {
            "year_quarter": 20233,
            "year": 2023,
            "quarter": 3,
            "eps": 0.19,
            "eps_growth_year": 90,
            "eps_4q": 0.29,
            "eps_4q_growth_year": -55.58,
            "roe": 1.17,
            "roe_4q": 1.6099999999999999,
            "gross_profit": 353797,
            "gross_margin": 16.81,
            "gross_margin_4q_avg": 14.72,
            "net_income": 86140,
            "net_income_4q": null,
            "revenue": 2104145,
            "revenue_4q": null,
            "common_shares": 3261370,
            "book_valuer_per_share": 16.33,
            "book_valuer_per_share_4q_avg": 15.5,
            "equity": 7852799,
            "current_ratio": 39.84,
            "debt_ratio": 67.45,
            "inventory_turnover_ratio": 1.77,
            "account_receivable_turnover_ratio": 19.67,
            "reinvestment_rate": 1790.21,
            "research_to_sale_ratio": null,
            "price_fair": 24.15,
            "eps_avg_yearly": 0.69,
            "eps_latest_yearly": 0.76,
            "eps_growth_yearly": 231.76
        }
    },
    "months": {
        "2001-06": {
            "month": "2001-06",
            "price": "12.00",
            "revenue": 146909
        },
        "2001-07": {
            "month": "2001-07",
            "price": "10.79",
            "revenue": 169542
        },
        "2001-08": {
            "month": "2001-08",
            "price": "9.17",
            "revenue": 183424
        },
        "2001-09": {
            "month": "2001-09",
            "price": "7.64",
            "revenue": 179795
        },
        "2001-10": {
            "month": "2001-10",
            "price": "7.65",
            "revenue": 193795
        },
        "2001-11": {
            "month": "2001-11",
            "price": "7.93",
            "revenue": 183034
        },
        "2001-12": {
            "month": "2001-12",
            "price": "8.82",
            "revenue": 167568
        },
        "2002-01": {
            "month": "2002-01",
            "price": "8.56",
            "revenue": 158165
        },
        "2002-02": {
            "month": "2002-02",
            "price": "8.07",
            "revenue": 134514
        },
        "2002-03": {
            "month": "2002-03",
            "price": "9.94",
            "revenue": 150561
        },
        "2002-04": {
            "month": "2002-04",
            "price": "10.13",
            "revenue": 158771
        },
        "2002-05": {
            "month": "2002-05",
            "price": "10.09",
            "revenue": 172161
        },
        "2002-06": {
            "month": "2002-06",
            "price": "10.49",
            "revenue": 157299
        },
        "2002-07": {
            "month": "2002-07",
            "price": "10.75",
            "revenue": 190340
        },
        "2002-08": {
            "month": "2002-08",
            "price": "11.70",
            "revenue": 230477
        },
        "2002-09": {
            "month": "2002-09",
            "price": "10.31",
            "revenue": 238827
        },
        "2002-10": {
            "month": "2002-10",
            "price": "10.05",
            "revenue": 252196
        },
        "2002-11": {
            "month": "2002-11",
            "price": "10.40",
            "revenue": 239620
        },
        "2002-12": {
            "month": "2002-12",
            "price": "10.34",
            "revenue": 244820
        },
        "2003-01": {
            "month": "2003-01",
            "price": "11.37",
            "revenue": 251947
        },
        "2003-02": {
            "month": "2003-02",
            "price": "12.37",
            "revenue": 210235
        },
        "2003-03": {
            "month": "2003-03",
            "price": "12.51",
            "revenue": 253700
        },
        "2003-04": {
            "month": "2003-04",
            "price": "12.67",
            "revenue": 239138
        },
        "2003-05": {
            "month": "2003-05",
            "price": "13.06",
            "revenue": 236469
        },
        "2003-06": {
            "month": "2003-06",
            "price": "13.63",
            "revenue": 243224
        },
        "2003-07": {
            "month": "2003-07",
            "price": "14.54",
            "revenue": 252243
        },
        "2003-08": {
            "month": "2003-08",
            "price": "14.41",
            "revenue": 256515
        },
        "2003-09": {
            "month": "2003-09",
            "price": "15.63",
            "revenue": 249799
        },
        "2003-10": {
            "month": "2003-10",
            "price": "16.56",
            "revenue": 247163
        },
        "2003-11": {
            "month": "2003-11",
            "price": "15.95",
            "revenue": 230324
        },
        "2003-12": {
            "month": "2003-12",
            "price": "16.02",
            "revenue": 247428
        },
        "2004-01": {
            "month": "2004-01",
            "price": "16.17",
            "revenue": 251204
        },
        "2004-02": {
            "month": "2004-02",
            "price": "16.56",
            "revenue": 240157
        },
        "2004-03": {
            "month": "2004-03",
            "price": "18.50",
            "revenue": 254574
        },
        "2004-04": {
            "month": "2004-04",
            "price": "16.30",
            "revenue": 255763
        },
        "2004-05": {
            "month": "2004-05",
            "price": "14.64",
            "revenue": 278534
        },
        "2004-06": {
            "month": "2004-06",
            "price": "15.38",
            "revenue": 263750
        },
        "2004-07": {
            "month": "2004-07",
            "price": "13.99",
            "revenue": 282237
        },
        "2004-08": {
            "month": "2004-08",
            "price": "13.79",
            "revenue": 278481
        },
        "2004-09": {
            "month": "2004-09",
            "price": "13.53",
            "revenue": 266895
        },
        "2004-10": {
            "month": "2004-10",
            "price": "13.33",
            "revenue": 264292
        },
        "2004-11": {
            "month": "2004-11",
            "price": "13.53",
            "revenue": 256316
        },
        "2004-12": {
            "month": "2004-12",
            "price": "13.58",
            "revenue": 259303
        },
        "2005-01": {
            "month": "2005-01",
            "price": "14.16",
            "revenue": 257089
        },
        "2005-02": {
            "month": "2005-02",
            "price": "13.70",
            "revenue": 232952
        },
        "2005-03": {
            "month": "2005-03",
            "price": "13.46",
            "revenue": 283064
        },
        "2005-04": {
            "month": "2005-04",
            "price": "12.91",
            "revenue": 288966
        },
        "2005-05": {
            "month": "2005-05",
            "price": "12.94",
            "revenue": 314504
        },
        "2005-06": {
            "month": "2005-06",
            "price": "13.54",
            "revenue": 326399
        },
        "2005-07": {
            "month": "2005-07",
            "price": "13.71",
            "revenue": 328690
        },
        "2005-08": {
            "month": "2005-08",
            "price": "14.00",
            "revenue": 363210
        },
        "2005-09": {
            "month": "2005-09",
            "price": "13.51",
            "revenue": 341708
        },
        "2005-10": {
            "month": "2005-10",
            "price": "12.55",
            "revenue": 297710
        },
        "2005-11": {
            "month": "2005-11",
            "price": "11.70",
            "revenue": 284730
        },
        "2005-12": {
            "month": "2005-12",
            "price": "11.38",
            "revenue": 294094
        },
        "2006-01": {
            "month": "2006-01",
            "price": "10.89",
            "revenue": 296359
        },
        "2006-02": {
            "month": "2006-02",
            "price": "11.92",
            "revenue": 251863
        },
        "2006-03": {
            "month": "2006-03",
            "price": "11.47",
            "revenue": 301205
        },
        "2006-04": {
            "month": "2006-04",
            "price": "12.03",
            "revenue": 293872
        },
        "2006-05": {
            "month": "2006-05",
            "price": "11.97",
            "revenue": 310536
        },
        "2006-06": {
            "month": "2006-06",
            "price": "11.89",
            "revenue": 295884
        },
        "2006-07": {
            "month": "2006-07",
            "price": "11.18",
            "revenue": 310873
        },
        "2006-08": {
            "month": "2006-08",
            "price": "11.04",
            "revenue": 312611
        },
        "2006-09": {
            "month": "2006-09",
            "price": "11.90",
            "revenue": 284990
        },
        "2006-10": {
            "month": "2006-10",
            "price": "11.00",
            "revenue": 287484
        },
        "2006-11": {
            "month": "2006-11",
            "price": "10.63",
            "revenue": 270636
        },
        "2006-12": {
            "month": "2006-12",
            "price": "10.62",
            "revenue": 287880
        },
        "2007-01": {
            "month": "2007-01",
            "price": "10.68",
            "revenue": 278142
        },
        "2007-02": {
            "month": "2007-02",
            "price": "11.07",
            "revenue": 247880
        },
        "2007-03": {
            "month": "2007-03",
            "price": "11.61",
            "revenue": 281951
        },
        "2007-04": {
            "month": "2007-04",
            "price": "11.61",
            "revenue": 278891
        },
        "2007-05": {
            "month": "2007-05",
            "price": "11.36",
            "revenue": 320369
        },
        "2007-06": {
            "month": "2007-06",
            "price": "11.36",
            "revenue": 303872
        },
        "2007-07": {
            "month": "2007-07",
            "price": "13.41",
            "revenue": 388116
        },
        "2007-08": {
            "month": "2007-08",
            "price": "12.58",
            "revenue": 356996
        },
        "2007-09": {
            "month": "2007-09",
            "price": "14.06",
            "revenue": 338772
        },
        "2007-10": {
            "month": "2007-10",
            "price": "14.48",
            "revenue": 364852
        },
        "2007-11": {
            "month": "2007-11",
            "price": "16.32",
            "revenue": 347809
        },
        "2007-12": {
            "month": "2007-12",
            "price": "16.99",
            "revenue": 350799
        },
        "2008-01": {
            "month": "2008-01",
            "price": "16.34",
            "revenue": 366171
        },
        "2008-02": {
            "month": "2008-02",
            "price": "15.95",
            "revenue": 332049
        },
        "2008-03": {
            "month": "2008-03",
            "price": "16.07",
            "revenue": 376155
        },
        "2008-04": {
            "month": "2008-04",
            "price": "16.63",
            "revenue": 444642
        },
        "2008-05": {
            "month": "2008-05",
            "price": "17.11",
            "revenue": 484941
        },
        "2008-06": {
            "month": "2008-06",
            "price": "17.44",
            "revenue": 439791
        },
        "2008-07": {
            "month": "2008-07",
            "price": "16.00",
            "revenue": 472980
        },
        "2008-08": {
            "month": "2008-08",
            "price": "14.95",
            "revenue": 457402
        },
        "2008-09": {
            "month": "2008-09",
            "price": "14.43",
            "revenue": 396762
        },
        "2008-10": {
            "month": "2008-10",
            "price": "13.31",
            "revenue": 350181
        },
        "2008-11": {
            "month": "2008-11",
            "price": "12.17",
            "revenue": 292699
        },
        "2008-12": {
            "month": "2008-12",
            "price": "11.77",
            "revenue": 276949
        },
        "2009-01": {
            "month": "2009-01",
            "price": "12.04",
            "revenue": 272293
        },
        "2009-02": {
            "month": "2009-02",
            "price": "11.87",
            "revenue": 250705
        },
        "2009-03": {
            "month": "2009-03",
            "price": "11.78",
            "revenue": 305420
        },
        "2009-04": {
            "month": "2009-04",
            "price": "12.13",
            "revenue": 344334
        },
        "2009-05": {
            "month": "2009-05",
            "price": "12.11",
            "revenue": 389977
        },
        "2009-06": {
            "month": "2009-06",
            "price": "14.57",
            "revenue": 419438
        },
        "2009-07": {
            "month": "2009-07",
            "price": "13.99",
            "revenue": 431713
        },
        "2009-08": {
            "month": "2009-08",
            "price": "12.92",
            "revenue": 420569
        },
        "2009-09": {
            "month": "2009-09",
            "price": "13.27",
            "revenue": 431470
        },
        "2009-10": {
            "month": "2009-10",
            "price": "13.44",
            "revenue": 424544
        },
        "2009-11": {
            "month": "2009-11",
            "price": "14.33",
            "revenue": 425908
        },
        "2009-12": {
            "month": "2009-12",
            "price": "14.25",
            "revenue": 464245
        },
        "2010-01": {
            "month": "2010-01",
            "price": "15.90",
            "revenue": 441759
        },
        "2010-02": {
            "month": "2010-02",
            "price": "15.52",
            "revenue": 375323
        },
        "2010-03": {
            "month": "2010-03",
            "price": "20.35",
            "revenue": 414210
        },
        "2010-04": {
            "month": "2010-04",
            "price": "19.16",
            "revenue": 397865
        },
        "2010-05": {
            "month": "2010-05",
            "price": "18.07",
            "revenue": 400259
        },
        "2010-06": {
            "month": "2010-06",
            "price": "18.72",
            "revenue": 385136
        },
        "2010-07": {
            "month": "2010-07",
            "price": "17.21",
            "revenue": 403770
        },
        "2010-08": {
            "month": "2010-08",
            "price": "17.22",
            "revenue": 404249
        },
        "2010-09": {
            "month": "2010-09",
            "price": "16.25",
            "revenue": 367127
        },
        "2010-10": {
            "month": "2010-10",
            "price": "16.25",
            "revenue": 383043
        },
        "2010-11": {
            "month": "2010-11",
            "price": "15.68",
            "revenue": 382497
        },
        "2010-12": {
            "month": "2010-12",
            "price": "15.14",
            "revenue": 400807
        },
        "2011-01": {
            "month": "2011-01",
            "price": "15.25",
            "revenue": 418550
        },
        "2011-02": {
            "month": "2011-02",
            "price": "15.15",
            "revenue": 363882
        },
        "2011-03": {
            "month": "2011-03",
            "price": "15.73",
            "revenue": 425392
        },
        "2011-04": {
            "month": "2011-04",
            "price": "17.28",
            "revenue": 416808
        },
        "2011-05": {
            "month": "2011-05",
            "price": "16.58",
            "revenue": 440063
        },
        "2011-06": {
            "month": "2011-06",
            "price": "15.29",
            "revenue": 417689
        },
        "2011-07": {
            "month": "2011-07",
            "price": "14.17",
            "revenue": 422532
        },
        "2011-08": {
            "month": "2011-08",
            "price": "14.06",
            "revenue": 413312
        },
        "2011-09": {
            "month": "2011-09",
            "price": "15.25",
            "revenue": 417063
        },
        "2011-10": {
            "month": "2011-10",
            "price": "14.82",
            "revenue": 398518
        },
        "2011-11": {
            "month": "2011-11",
            "price": "13.65",
            "revenue": 388230
        },
        "2011-12": {
            "month": "2011-12",
            "price": "13.15",
            "revenue": 381312
        },
        "2012-01": {
            "month": "2012-01",
            "price": "13.55",
            "revenue": 380571
        },
        "2012-02": {
            "month": "2012-02",
            "price": "13.90",
            "revenue": 349211
        },
        "2012-03": {
            "month": "2012-03",
            "price": "14.19",
            "revenue": 404171
        },
        "2012-04": {
            "month": "2012-04",
            "price": "14.10",
            "revenue": 376488
        },
        "2012-05": {
            "month": "2012-05",
            "price": "14.04",
            "revenue": 379058
        },
        "2012-06": {
            "month": "2012-06",
            "price": "13.69",
            "revenue": 343686
        },
        "2012-07": {
            "month": "2012-07",
            "price": "13.70",
            "revenue": 364798
        },
        "2012-08": {
            "month": "2012-08",
            "price": "13.45",
            "revenue": 343362
        },
        "2012-09": {
            "month": "2012-09",
            "price": "13.70",
            "revenue": 341295
        },
        "2012-10": {
            "month": "2012-10",
            "price": "13.44",
            "revenue": 343051
        },
        "2012-11": {
            "month": "2012-11",
            "price": "13.25",
            "revenue": 313610
        },
        "2012-12": {
            "month": "2012-12",
            "price": "13.29",
            "revenue": 332116
        },
        "2013-01": {
            "month": "2013-01",
            "price": "13.76",
            "revenue": 333624
        },
        "2013-02": {
            "month": "2013-02",
            "price": "13.83",
            "revenue": 294549
        },
        "2013-03": {
            "month": "2013-03",
            "price": "13.45",
            "revenue": 322172
        },
        "2013-04": {
            "month": "2013-04",
            "price": "13.28",
            "revenue": 309508
        },
        "2013-05": {
            "month": "2013-05",
            "price": "13.16",
            "revenue": 368838
        },
        "2013-06": {
            "month": "2013-06",
            "price": "13.26",
            "revenue": 320334
        },
        "2013-07": {
            "month": "2013-07",
            "price": "13.02",
            "revenue": 381481
        },
        "2013-08": {
            "month": "2013-08",
            "price": "13.05",
            "revenue": 360881
        },
        "2013-09": {
            "month": "2013-09",
            "price": "13.10",
            "revenue": 349400
        },
        "2013-10": {
            "month": "2013-10",
            "price": "12.98",
            "revenue": 318683
        },
        "2013-11": {
            "month": "2013-11",
            "price": "12.71",
            "revenue": 333481
        },
        "2013-12": {
            "month": "2013-12",
            "price": "12.25",
            "revenue": 364180
        },
        "2014-01": {
            "month": "2014-01",
            "price": "12.16",
            "revenue": 355300
        },
        "2014-02": {
            "month": "2014-02",
            "price": "11.89",
            "revenue": 295159
        },
        "2014-03": {
            "month": "2014-03",
            "price": "11.08",
            "revenue": 331247
        },
        "2014-04": {
            "month": "2014-04",
            "price": "11.83",
            "revenue": 326147
        },
        "2014-05": {
            "month": "2014-05",
            "price": "11.90",
            "revenue": 339340
        },
        "2014-06": {
            "month": "2014-06",
            "price": "13.88",
            "revenue": 342424
        },
        "2014-07": {
            "month": "2014-07",
            "price": "15.13",
            "revenue": 369399
        },
        "2014-08": {
            "month": "2014-08",
            "price": "13.59",
            "revenue": 352375
        },
        "2014-09": {
            "month": "2014-09",
            "price": "13.63",
            "revenue": 325486
        },
        "2014-10": {
            "month": "2014-10",
            "price": "13.29",
            "revenue": 306966
        },
        "2014-11": {
            "month": "2014-11",
            "price": "13.36",
            "revenue": 279113
        },
        "2014-12": {
            "month": "2014-12",
            "price": "12.90",
            "revenue": 265390
        },
        "2015-01": {
            "month": "2015-01",
            "price": "12.80",
            "revenue": 221924
        },
        "2015-02": {
            "month": "2015-02",
            "price": "12.32",
            "revenue": 236788
        },
        "2015-03": {
            "month": "2015-03",
            "price": "12.08",
            "revenue": 265115
        },
        "2015-04": {
            "month": "2015-04",
            "price": "12.05",
            "revenue": 258952
        },
        "2015-05": {
            "month": "2015-05",
            "price": "11.34",
            "revenue": 286940
        },
        "2015-06": {
            "month": "2015-06",
            "price": "10.11",
            "revenue": 301440
        },
        "2015-07": {
            "month": "2015-07",
            "price": "10.28",
            "revenue": 314878
        },
        "2015-08": {
            "month": "2015-08",
            "price": "10.02",
            "revenue": 296576
        },
        "2015-09": {
            "month": "2015-09",
            "price": "10.43",
            "revenue": 303654
        },
        "2015-10": {
            "month": "2015-10",
            "price": "10.01",
            "revenue": 309888
        },
        "2015-11": {
            "month": "2015-11",
            "price": "9.81",
            "revenue": 291609
        },
        "2015-12": {
            "month": "2015-12",
            "price": "9.84",
            "revenue": 283618
        },
        "2016-01": {
            "month": "2016-01",
            "price": "9.69",
            "revenue": 257350
        },
        "2016-02": {
            "month": "2016-02",
            "price": "9.87",
            "revenue": 240542
        },
        "2016-03": {
            "month": "2016-03",
            "price": "9.80",
            "revenue": 269866
        },
        "2016-04": {
            "month": "2016-04",
            "price": "9.63",
            "revenue": 276968
        },
        "2016-05": {
            "month": "2016-05",
            "price": "9.66",
            "revenue": 319320
        },
        "2016-06": {
            "month": "2016-06",
            "price": "9.79",
            "revenue": 316263
        },
        "2016-07": {
            "month": "2016-07",
            "price": "9.85",
            "revenue": 321833
        },
        "2016-08": {
            "month": "2016-08",
            "price": "9.71",
            "revenue": 325495
        },
        "2016-09": {
            "month": "2016-09",
            "price": "9.60",
            "revenue": 302445
        },
        "2016-10": {
            "month": "2016-10",
            "price": "9.94",
            "revenue": 333621
        },
        "2016-11": {
            "month": "2016-11",
            "price": "10.15",
            "revenue": 313492
        },
        "2016-12": {
            "month": "2016-12",
            "price": "9.84",
            "revenue": 338527
        },
        "2017-01": {
            "month": "2017-01",
            "price": "9.67",
            "revenue": 353827
        },
        "2017-02": {
            "month": "2017-02",
            "price": "9.85",
            "revenue": 300075
        },
        "2017-03": {
            "month": "2017-03",
            "price": "9.80",
            "revenue": 334128
        },
        "2017-04": {
            "month": "2017-04",
            "price": "8.94",
            "revenue": 329890
        },
        "2017-05": {
            "month": "2017-05",
            "price": "8.75",
            "revenue": 335034
        },
        "2017-06": {
            "month": "2017-06",
            "price": "8.82",
            "revenue": 318760
        },
        "2017-07": {
            "month": "2017-07",
            "price": "10.61",
            "revenue": 354265
        },
        "2017-08": {
            "month": "2017-08",
            "price": "11.43",
            "revenue": 382099
        },
        "2017-09": {
            "month": "2017-09",
            "price": "11.36",
            "revenue": 368813
        },
        "2017-10": {
            "month": "2017-10",
            "price": "11.31",
            "revenue": 386759
        },
        "2017-11": {
            "month": "2017-11",
            "price": "10.98",
            "revenue": 386878
        },
        "2017-12": {
            "month": "2017-12",
            "price": "10.90",
            "revenue": 417142
        },
        "2018-01": {
            "month": "2018-01",
            "price": "12.56",
            "revenue": 411935
        },
        "2018-02": {
            "month": "2018-02",
            "price": "13.03",
            "revenue": 384003
        },
        "2018-03": {
            "month": "2018-03",
            "price": "13.66",
            "revenue": 411757
        },
        "2018-04": {
            "month": "2018-04",
            "price": "13.70",
            "revenue": 419053
        },
        "2018-05": {
            "month": "2018-05",
            "price": "13.62",
            "revenue": 464504
        },
        "2018-06": {
            "month": "2018-06",
            "price": "13.93",
            "revenue": 449893
        },
        "2018-07": {
            "month": "2018-07",
            "price": "15.79",
            "revenue": 444231
        },
        "2018-08": {
            "month": "2018-08",
            "price": "15.31",
            "revenue": 450587
        },
        "2018-09": {
            "month": "2018-09",
            "price": "14.99",
            "revenue": 472217
        },
        "2018-10": {
            "month": "2018-10",
            "price": "15.35",
            "revenue": 474398
        },
        "2018-11": {
            "month": "2018-11",
            "price": "15.04",
            "revenue": 441928
        },
        "2018-12": {
            "month": "2018-12",
            "price": "16.35",
            "revenue": 427570
        },
        "2019-01": {
            "month": "2019-01",
            "price": "17.09",
            "revenue": 419613
        },
        "2019-02": {
            "month": "2019-02",
            "price": "17.21",
            "revenue": 373477
        },
        "2019-03": {
            "month": "2019-03",
            "price": "16.82",
            "revenue": 414817
        },
        "2019-04": {
            "month": "2019-04",
            "price": "16.75",
            "revenue": 421463
        },
        "2019-05": {
            "month": "2019-05",
            "price": "16.87",
            "revenue": 442895
        },
        "2019-06": {
            "month": "2019-06",
            "price": "16.88",
            "revenue": 433607
        },
        "2019-07": {
            "month": "2019-07",
            "price": "16.89",
            "revenue": 458582
        },
        "2019-08": {
            "month": "2019-08",
            "price": "16.96",
            "revenue": 439241
        },
        "2019-09": {
            "month": "2019-09",
            "price": "16.90",
            "revenue": 428328
        },
        "2019-10": {
            "month": "2019-10",
            "price": "16.94",
            "revenue": 446319
        },
        "2019-11": {
            "month": "2019-11",
            "price": "16.68",
            "revenue": 424676
        },
        "2019-12": {
            "month": "2019-12",
            "price": "16.55",
            "revenue": 447811
        },
        "2020-01": {
            "month": "2020-01",
            "price": "16.22",
            "revenue": 452725
        },
        "2020-02": {
            "month": "2020-02",
            "price": "15.37",
            "revenue": 369058
        },
        "2020-03": {
            "month": "2020-03",
            "price": "15.00",
            "revenue": 343397
        },
        "2020-04": {
            "month": "2020-04",
            "price": "15.22",
            "revenue": 264523
        },
        "2020-05": {
            "month": "2020-05",
            "price": "15.20",
            "revenue": 303873
        },
        "2020-06": {
            "month": "2020-06",
            "price": "15.21",
            "revenue": 354952
        },
        "2020-07": {
            "month": "2020-07",
            "price": "15.38",
            "revenue": 389828
        },
        "2020-08": {
            "month": "2020-08",
            "price": "15.47",
            "revenue": 394539
        },
        "2020-09": {
            "month": "2020-09",
            "price": "15.12",
            "revenue": 380306
        },
        "2020-10": {
            "month": "2020-10",
            "price": "14.99",
            "revenue": 385042
        },
        "2020-11": {
            "month": "2020-11",
            "price": "16.45",
            "revenue": 367361
        },
        "2020-12": {
            "month": "2020-12",
            "price": "18.74",
            "revenue": 395529
        },
        "2021-01": {
            "month": "2021-01",
            "price": "18.09",
            "revenue": 430809
        },
        "2021-02": {
            "month": "2021-02",
            "price": "18.90",
            "revenue": 397891
        },
        "2021-03": {
            "month": "2021-03",
            "price": "26.40",
            "revenue": 453580
        },
        "2021-04": {
            "month": "2021-04",
            "price": "35.02",
            "revenue": 454316
        },
        "2021-05": {
            "month": "2021-05",
            "price": "36.55",
            "revenue": 403226
        },
        "2021-06": {
            "month": "2021-06",
            "price": "37.76",
            "revenue": 352020
        },
        "2021-07": {
            "month": "2021-07",
            "price": "36.65",
            "revenue": 434920
        },
        "2021-08": {
            "month": "2021-08",
            "price": "34.89",
            "revenue": 484482
        },
        "2021-09": {
            "month": "2021-09",
            "price": "35.78",
            "revenue": 498478
        },
        "2021-10": {
            "month": "2021-10",
            "price": "33.97",
            "revenue": 541276
        },
        "2021-11": {
            "month": "2021-11",
            "price": "33.88",
            "revenue": 543333
        },
        "2021-12": {
            "month": "2021-12",
            "price": "30.97",
            "revenue": 536696
        },
        "2022-01": {
            "month": "2022-01",
            "price": "33.37",
            "revenue": 539419
        },
        "2022-02": {
            "month": "2022-02",
            "price": "35.25",
            "revenue": 479712
        },
        "2022-03": {
            "month": "2022-03",
            "price": "33.46",
            "revenue": 584817
        },
        "2022-04": {
            "month": "2022-04",
            "price": "37.41",
            "revenue": 557019
        },
        "2022-05": {
            "month": "2022-05",
            "price": "37.51",
            "revenue": 513399
        },
        "2022-06": {
            "month": "2022-06",
            "price": "36.76",
            "revenue": 541175
        },
        "2022-07": {
            "month": "2022-07",
            "price": "34.57",
            "revenue": 607901
        },
        "2022-08": {
            "month": "2022-08",
            "price": "37.93",
            "revenue": 605324
        },
        "2022-09": {
            "month": "2022-09",
            "price": "37.70",
            "revenue": 566163
        },
        "2022-10": {
            "month": "2022-10",
            "price": "34.86",
            "revenue": 588220
        },
        "2022-11": {
            "month": "2022-11",
            "price": "34.48",
            "revenue": 570430
        },
        "2022-12": {
            "month": "2022-12",
            "price": "35.83",
            "revenue": 596458
        },
        "2023-01": {
            "month": "2023-01",
            "price": "35.73",
            "revenue": 597571
        },
        "2023-02": {
            "month": "2023-02",
            "price": "38.13",
            "revenue": 538987
        },
        "2023-03": {
            "month": "2023-03",
            "price": "42.10",
            "revenue": 602284
        },
        "2023-04": {
            "month": "2023-04",
            "price": "43.31",
            "revenue": 592640
        },
        "2023-05": {
            "month": "2023-05",
            "price": "46.84",
            "revenue": 611636
        },
        "2023-06": {
            "month": "2023-06",
            "price": "49.18",
            "revenue": 616730
        },
        "2023-07": {
            "month": "2023-07",
            "price": "48.68",
            "revenue": 670467
        },
        "2023-08": {
            "month": "2023-08",
            "price": "53.20",
            "revenue": 711796
        },
        "2023-09": {
            "month": "2023-09",
            "price": "59.94",
            "revenue": 672764
        },
        "2023-10": {
            "month": "2023-10",
            "price": "58.30",
            "revenue": 687823
        },
        "2023-11": {
            "month": "2023-11",
            "price": "56.26",
            "revenue": 673332
        },
        "2023-12": {
            "month": "2023-12",
            "price": "51.90",
            "revenue": 685840
        }
    }
}
