{
    "summary": {
        "stock_name": "鉅明",
        "stock_id": "8928",
        "category": "運動休閒",
        "main_business": "高爾夫球桿頭",
        "website_url": "http://www.dynamic.com.tw",
        "ceo": "蔡昌均",
        "pe_ratio": -42,
        "report_year_from": 2001,
        "report_year_to": 2023,
        "age": 23,
        "eps_negative_percentage": 22,
        "eps_growth_avg": {
            "last_all": -24.31,
            "last_2y": 2.6,
            "last_4y": 16.71,
            "last_8y": 2.52,
            "last_12y": 2.06,
            "last_16y": -15.04,
            "last_20y": -23.91,
            "at_2006_last_3y": -65.32,
            "at_2007_last_3y": -100,
            "at_2008_last_3y": -67.11,
            "at_2009_last_3y": -77.74,
            "at_2010_last_3y": -77.74,
            "at_2011_last_3y": -77.74,
            "at_2012_last_3y": -99.67,
            "at_2013_last_3y": -100,
            "at_2014_last_3y": 0,
            "at_2015_last_3y": 0.42,
            "at_2016_last_3y": 14.42,
            "at_2017_last_3y": 12.3,
            "at_2018_last_3y": -15.22,
            "at_2019_last_3y": 9.46,
            "at_2020_last_3y": 17.9,
            "at_2021_last_3y": 38.41,
            "at_2022_last_3y": 45.89,
            "at_2023_last_3y": -4.11,
            "at_2024_last_3y": -4.11,
            "at_2006_last_all": -56.78,
            "at_2007_last_all": -56.78,
            "at_2008_last_all": -52.26,
            "at_2009_last_all": -60.05,
            "at_2010_last_all": -65.76,
            "at_2011_last_all": -65.76,
            "at_2012_last_all": -70.04,
            "at_2013_last_all": -70.04,
            "at_2014_last_all": -51.15,
            "at_2015_last_all": -45.91,
            "at_2016_last_all": -47,
            "at_2017_last_all": -42.59,
            "at_2018_last_all": -40.09,
            "at_2019_last_all": -30.09,
            "at_2020_last_all": -29.7,
            "at_2021_last_all": -22.34,
            "at_2022_last_all": -19.86,
            "at_2023_last_all": -24.31,
            "at_2024_last_all": -24.31
        },
        "latest_eps": -0.71,
        "latest_price": 29.65,
        "latest_roe": -3.4,
        "latest_gross_margin": 3.26,
        "latest_equity": 982111,
        "latest_revenue": 938029,
        "latest_gross_profit": 30584,
        "latest_net_income": -42944,
        "latest_debt_ratio": 69.57,
        "latest_current_ratio": 91.95,
        "latest_account_receivable_turnover_ratio": 1.44,
        "latest_inventory_turnover_ratio": 1.49,
        "latest_reinvestment_rate": 120.59,
        "latest_research_to_sale_ratio": 2.12
    },
    "eps_dividends": {
        "2001": {
            "cash": 0.5,
            "stock": 1,
            "eps": 2.15
        },
        "2002": {
            "cash": 0,
            "stock": 0,
            "eps": 1.48
        },
        "2003": {
            "cash": 1,
            "stock": 0.3,
            "eps": 1.54
        },
        "2004": {
            "cash": 1.2,
            "stock": 0.3,
            "eps": -1.92
        },
        "2005": {
            "cash": 0,
            "stock": 0,
            "eps": 1.02
        },
        "2006": {
            "cash": 0.6,
            "stock": 0,
            "eps": -0.42
        },
        "2007": {
            "cash": 0,
            "stock": 0,
            "eps": 1.52
        },
        "2008": {
            "cash": 1.1,
            "stock": 0,
            "eps": 1
        },
        "2009": {
            "cash": 0.8,
            "stock": 0,
            "eps": 0.01
        },
        "2010": {
            "cash": 0.5,
            "stock": 0,
            "eps": -2.55
        },
        "2011": {
            "cash": 0,
            "stock": 0,
            "eps": 0.17
        },
        "2012": {
            "cash": 0,
            "stock": 0,
            "eps": -1.93
        },
        "2013": {
            "cash": 0,
            "stock": 0,
            "eps": 0.21
        },
        "2014": {
            "cash": 0,
            "stock": 0,
            "eps": 3.95
        },
        "2015": {
            "cash": 2,
            "stock": 0,
            "eps": 4
        },
        "2016": {
            "cash": 2.5,
            "stock": 0,
            "eps": 1.68
        },
        "2017": {
            "cash": 1.5,
            "stock": 0,
            "eps": 1.78
        },
        "2018": {
            "cash": 1.5,
            "stock": 0,
            "eps": 1.6
        },
        "2019": {
            "cash": 1.5,
            "stock": 0,
            "eps": 3.3
        },
        "2020": {
            "cash": 2,
            "stock": 0,
            "eps": 2.5
        },
        "2021": {
            "cash": 1.6,
            "stock": 0,
            "eps": 4.7
        },
        "2022": {
            "cash": 2.5,
            "stock": 0,
            "eps": 5.63
        },
        "2023": {
            "cash": 2.6,
            "stock": 0,
            "eps": -0.7
        },
        "2024": {
            "cash": 0.7,
            "stock": 0,
            "eps": 0
        }
    },
    "dividends": {
        "2001-05-04": {
            "cash": 0.5,
            "stock": 1
        },
        "2003-06-06": {
            "cash": 1,
            "stock": 0.3
        },
        "2004-04-20": {
            "cash": 1.2,
            "stock": 0.3
        },
        "2006-04-12": {
            "cash": 0.6,
            "stock": 0
        },
        "2008-04-01": {
            "cash": 1.1,
            "stock": 0
        },
        "2009-03-26": {
            "cash": 0.8,
            "stock": 0
        },
        "2010-04-29": {
            "cash": 0.5,
            "stock": 0
        },
        "2015-08-07": {
            "cash": 2,
            "stock": 0
        },
        "2016-09-08": {
            "cash": 2.5,
            "stock": 0
        },
        "2017-08-09": {
            "cash": 1.5,
            "stock": 0
        },
        "2018-08-09": {
            "cash": 1.5,
            "stock": 0
        },
        "2019-08-23": {
            "cash": 1.5,
            "stock": 0
        },
        "2020-09-17": {
            "cash": 2,
            "stock": 0
        },
        "2021-09-17": {
            "cash": 1.6,
            "stock": 0
        },
        "2022-09-01": {
            "cash": 2.5,
            "stock": 0
        },
        "2023-09-08": {
            "cash": 2.6,
            "stock": 0
        },
        "2024-03-07": {
            "cash": 0.7,
            "stock": 0
        }
    },
    "prices": {
        "200101": "無",
        "200102": "20.90",
        "200103": "41.98",
        "200104": "47.50",
        "200105": "34.26",
        "200106": "29.22",
        "200107": "23.10",
        "200108": "24.37",
        "200109": "23.43",
        "200110": "15.37",
        "200111": "19.45",
        "200112": "24.50",
        "200201": "30.94",
        "200202": "34.64",
        "200203": "35.71",
        "200204": "31.73",
        "200205": "27.46",
        "200206": "27.78",
        "200207": "24.20",
        "200208": "23.74",
        "200209": "23.24",
        "200210": "20.45",
        "200211": "23.14",
        "200212": "24.65",
        "200301": "24.88",
        "200302": "20.22",
        "200303": "17.53",
        "200304": "16.69",
        "200305": "16.84",
        "200306": "19.64",
        "200307": "20.62",
        "200308": "21.45",
        "200309": "20.90",
        "200310": "20.19",
        "200311": "20.16",
        "200312": "20.30",
        "200401": "20.97",
        "200402": "22.02",
        "200403": "20.11",
        "200404": "21.07",
        "200405": "17.71",
        "200406": "16.54",
        "200407": "15.14",
        "200408": "12.28",
        "200409": "9.60",
        "200410": "7.87",
        "200411": "6.81",
        "200412": "7.72",
        "200501": "7.85",
        "200502": "7.65",
        "200503": "7.34",
        "200504": "7.56",
        "200505": "7.74",
        "200506": "8.10",
        "200507": "10.12",
        "200508": "9.57",
        "200509": "11.08",
        "200510": "10.57",
        "200511": "11.11",
        "200512": "12.77",
        "200601": "15.25",
        "200602": "20.68",
        "200603": "22.81",
        "200604": "23.50",
        "200605": "27.16",
        "200606": "21.45",
        "200607": "17.91",
        "200608": "15.41",
        "200609": "13.56",
        "200610": "15.10",
        "200611": "13.65",
        "200612": "13.90",
        "200701": "14.05",
        "200702": "14.42",
        "200703": "15.13",
        "200704": "17.59",
        "200705": "16.80",
        "200706": "17.86",
        "200707": "21.05",
        "200708": "19.09",
        "200709": "18.42",
        "200710": "18.06",
        "200711": "17.73",
        "200712": "16.29",
        "200801": "15.54",
        "200802": "14.70",
        "200803": "14.90",
        "200804": "14.99",
        "200805": "14.59",
        "200806": "13.14",
        "200807": "10.90",
        "200808": "10.93",
        "200809": "10.13",
        "200810": "9.45",
        "200811": "9.30",
        "200812": "8.78",
        "200901": "8.26",
        "200902": "8.16",
        "200903": "9.55",
        "200904": "12.09",
        "200905": "12.96",
        "200906": "12.35",
        "200907": "12.14",
        "200908": "11.10",
        "200909": "11.03",
        "200910": "11.76",
        "200911": "11.51",
        "200912": "11.93",
        "201001": "13.39",
        "201002": "13.25",
        "201003": "13.25",
        "201004": "13.95",
        "201005": "13.19",
        "201006": "12.30",
        "201007": "12.58",
        "201008": "12.44",
        "201009": "11.00",
        "201010": "11.07",
        "201011": "9.37",
        "201012": "9.98",
        "201101": "10.22",
        "201102": "10.16",
        "201103": "10.16",
        "201104": "9.93",
        "201105": "10.15",
        "201106": "9.25",
        "201107": "8.28",
        "201108": "7.73",
        "201109": "7.28",
        "201110": "7.19",
        "201111": "6.92",
        "201112": "6.85",
        "201201": "7.08",
        "201202": "8.44",
        "201203": "8.91",
        "201204": "9.09",
        "201205": "9.48",
        "201206": "8.72",
        "201207": "8.50",
        "201208": "8.79",
        "201209": "7.01",
        "201210": "6.56",
        "201211": "6.50",
        "201212": "6.94",
        "201301": "6.85",
        "201302": "6.66",
        "201303": "6.45",
        "201304": "6.47",
        "201305": "6.44",
        "201306": "6.52",
        "201307": "6.55",
        "201308": "7.24",
        "201309": "7.68",
        "201310": "7.48",
        "201311": "8.43",
        "201312": "10.28",
        "201401": "16.42",
        "201402": "18.26",
        "201403": "17.49",
        "201404": "22.35",
        "201405": "29.94",
        "201406": "31.28",
        "201407": "26.82",
        "201408": "28.26",
        "201409": "32.54",
        "201410": "33.89",
        "201411": "35.20",
        "201412": "37.48",
        "201501": "37.74",
        "201502": "37.80",
        "201503": "42.02",
        "201504": "51.69",
        "201505": "44.46",
        "201506": "46.13",
        "201507": "48.60",
        "201508": "44.38",
        "201509": "48.65",
        "201510": "45.85",
        "201511": "41.26",
        "201512": "40.25",
        "201601": "36.88",
        "201602": "39.02",
        "201603": "39.16",
        "201604": "35.72",
        "201605": "31.80",
        "201606": "32.70",
        "201607": "34.94",
        "201608": "33.36",
        "201609": "33.08",
        "201610": "27.99",
        "201611": "24.82",
        "201612": "24.42",
        "201701": "25.70",
        "201702": "24.75",
        "201703": "21.92",
        "201704": "19.96",
        "201705": "20.31",
        "201706": "21.07",
        "201707": "23.59",
        "201708": "23.14",
        "201709": "25.30",
        "201710": "26.73",
        "201711": "24.67",
        "201712": "22.99",
        "201801": "23.49",
        "201802": "22.87",
        "201803": "24.06",
        "201804": "25.34",
        "201805": "27.19",
        "201806": "26.47",
        "201807": "24.92",
        "201808": "26.07",
        "201809": "25.02",
        "201810": "23.18",
        "201811": "21.23",
        "201812": "21.23",
        "201901": "23.81",
        "201902": "24.51",
        "201903": "24.96",
        "201904": "27.16",
        "201905": "31.78",
        "201906": "31.03",
        "201907": "33.54",
        "201908": "33.40",
        "201909": "39.69",
        "201910": "39.48",
        "201911": "38.63",
        "201912": "38.54",
        "202001": "34.63",
        "202002": "34.93",
        "202003": "26.35",
        "202004": "25.28",
        "202005": "27.06",
        "202006": "29.12",
        "202007": "28.95",
        "202008": "28.00",
        "202009": "29.85",
        "202010": "29.34",
        "202011": "29.03",
        "202012": "28.54",
        "202101": "28.62",
        "202102": "29.48",
        "202103": "33.13",
        "202104": "36.04",
        "202105": "33.48",
        "202106": "36.22",
        "202107": "35.60",
        "202108": "35.08",
        "202109": "32.68",
        "202110": "33.54",
        "202111": "34.79",
        "202112": "34.70",
        "202201": "35.06",
        "202202": "36.08",
        "202203": "36.90",
        "202204": "37.48",
        "202205": "46.64",
        "202206": "45.56",
        "202207": "43.68",
        "202208": "41.23",
        "202209": "39.49",
        "202210": "33.78",
        "202211": "36.00",
        "202212": "39.07",
        "202301": "40.95",
        "202302": "42.11",
        "202303": "40.25",
        "202304": "38.18",
        "202305": "36.71",
        "202306": "37.22",
        "202307": "37.15",
        "202308": "34.01",
        "202309": "34.18",
        "202310": "33.59",
        "202311": "32.05",
        "202312": "31.89"
    },
    "quarters": {
        "20011": {
            "year_quarter": 20011,
            "year": 2001,
            "quarter": 1,
            "eps": 1.23,
            "eps_growth_year": 73.24,
            "eps_4q": 2.45,
            "eps_4q_growth_year": null,
            "roe": 8.12,
            "roe_4q": 8.12,
            "gross_profit": 130181,
            "gross_margin": 36.1,
            "gross_margin_4q_avg": 36.1,
            "net_income": 60014,
            "net_income_4q": null,
            "revenue": 360629,
            "revenue_4q": null,
            "common_shares": 488134,
            "book_valuer_per_share": 15.67,
            "book_valuer_per_share_4q_avg": 15.67,
            "equity": 764724,
            "current_ratio": 196.43,
            "debt_ratio": 28.28,
            "inventory_turnover_ratio": 1.02,
            "account_receivable_turnover_ratio": null,
            "reinvestment_rate": null,
            "research_to_sale_ratio": null,
            "price_fair": 0,
            "eps_avg_yearly": 0,
            "eps_latest_yearly": 0,
            "eps_growth_yearly": 0
        },
        "20012": {
            "year_quarter": 20012,
            "year": 2001,
            "quarter": 2,
            "eps": 0.59,
            "eps_growth_year": 126.92,
            "eps_4q": 2.8,
            "eps_4q_growth_year": null,
            "roe": 3.74,
            "roe_4q": 11.86,
            "gross_profit": 71145,
            "gross_margin": 27.93,
            "gross_margin_4q_avg": 32.02,
            "net_income": 28845,
            "net_income_4q": null,
            "revenue": 254745,
            "revenue_4q": null,
            "common_shares": 488134,
            "book_valuer_per_share": 15.96,
            "book_valuer_per_share_4q_avg": 15.82,
            "equity": 779067,
            "current_ratio": 228.25,
            "debt_ratio": 22.73,
            "inventory_turnover_ratio": 1.19,
            "account_receivable_turnover_ratio": null,
            "reinvestment_rate": null,
            "research_to_sale_ratio": null,
            "price_fair": 0,
            "eps_avg_yearly": 0,
            "eps_latest_yearly": 0,
            "eps_growth_yearly": 0
        },
        "20013": {
            "year_quarter": 20013,
            "year": 2001,
            "quarter": 3,
            "eps": -0.14,
            "eps_growth_year": -193.33,
            "eps_4q": 2.27,
            "eps_4q_growth_year": null,
            "roe": -0.98,
            "roe_4q": 10.879999999999999,
            "gross_profit": 26135,
            "gross_margin": 24.22,
            "gross_margin_4q_avg": 29.42,
            "net_income": -7657,
            "net_income_4q": null,
            "revenue": 107906,
            "revenue_4q": null,
            "common_shares": 539235,
            "book_valuer_per_share": 14.51,
            "book_valuer_per_share_4q_avg": 15.38,
            "equity": 782674,
            "current_ratio": 281.08,
            "debt_ratio": 16.42,
            "inventory_turnover_ratio": 0.54,
            "account_receivable_turnover_ratio": null,
            "reinvestment_rate": null,
            "research_to_sale_ratio": null,
            "price_fair": 0,
            "eps_avg_yearly": 0,
            "eps_latest_yearly": 0,
            "eps_growth_yearly": 0
        },
        "20014": {
            "year_quarter": 20014,
            "year": 2001,
            "quarter": 4,
            "eps": 0.47,
            "eps_growth_year": -44.05,
            "eps_4q": 1.98,
            "eps_4q_growth_year": 6.59,
            "roe": 3.19,
            "roe_4q": 14.07,
            "gross_profit": 61453,
            "gross_margin": 26.8,
            "gross_margin_4q_avg": 28.76,
            "net_income": 25258,
            "net_income_4q": null,
            "revenue": 229327,
            "revenue_4q": null,
            "common_shares": 539235,
            "book_valuer_per_share": 14.82,
            "book_valuer_per_share_4q_avg": 15.24,
            "equity": 799272,
            "current_ratio": 169.31,
            "debt_ratio": 32.46,
            "inventory_turnover_ratio": 0.73,
            "account_receivable_turnover_ratio": null,
            "reinvestment_rate": null,
            "research_to_sale_ratio": null,
            "price_fair": 0,
            "eps_avg_yearly": 0,
            "eps_latest_yearly": 0,
            "eps_growth_yearly": 0
        },
        "20021": {
            "year_quarter": 20021,
            "year": 2002,
            "quarter": 1,
            "eps": 0.77,
            "eps_growth_year": -37.4,
            "eps_4q": 1.63,
            "eps_4q_growth_year": -33.7,
            "roe": 5.09,
            "roe_4q": 11.04,
            "gross_profit": 99750,
            "gross_margin": 26.37,
            "gross_margin_4q_avg": 26.33,
            "net_income": 41713,
            "net_income_4q": null,
            "revenue": 378293,
            "revenue_4q": null,
            "common_shares": 539235,
            "book_valuer_per_share": 15.59,
            "book_valuer_per_share_4q_avg": 15.22,
            "equity": 840584,
            "current_ratio": 270.07,
            "debt_ratio": 28.06,
            "inventory_turnover_ratio": 1.15,
            "account_receivable_turnover_ratio": null,
            "reinvestment_rate": null,
            "research_to_sale_ratio": null,
            "price_fair": 107.8,
            "eps_avg_yearly": 3.08,
            "eps_latest_yearly": 3.08,
            "eps_growth_yearly": 255.32
        },
        "20022": {
            "year_quarter": 20022,
            "year": 2002,
            "quarter": 2,
            "eps": 0.07,
            "eps_growth_year": -88.14,
            "eps_4q": 1.16,
            "eps_4q_growth_year": -58.65,
            "roe": 0.47,
            "roe_4q": 7.77,
            "gross_profit": 66314,
            "gross_margin": 24.98,
            "gross_margin_4q_avg": 25.59,
            "net_income": 3810,
            "net_income_4q": null,
            "revenue": 265432,
            "revenue_4q": null,
            "common_shares": 539235,
            "book_valuer_per_share": 14.54,
            "book_valuer_per_share_4q_avg": 14.87,
            "equity": 784102,
            "current_ratio": 209.95,
            "debt_ratio": 34.42,
            "inventory_turnover_ratio": 1.11,
            "account_receivable_turnover_ratio": null,
            "reinvestment_rate": null,
            "research_to_sale_ratio": null,
            "price_fair": 5.04,
            "eps_avg_yearly": 1.68,
            "eps_latest_yearly": 0.28,
            "eps_growth_yearly": -54.16
        },
        "20023": {
            "year_quarter": 20023,
            "year": 2002,
            "quarter": 3,
            "eps": 0.25,
            "eps_growth_year": null,
            "eps_4q": 1.48,
            "eps_4q_growth_year": -34.9,
            "roe": 1.81,
            "roe_4q": 10.56,
            "gross_profit": 61835,
            "gross_margin": 24.38,
            "gross_margin_4q_avg": 25.63,
            "net_income": 14425,
            "net_income_4q": null,
            "revenue": 253661,
            "revenue_4q": null,
            "common_shares": 570593,
            "book_valuer_per_share": 14.18,
            "book_valuer_per_share_4q_avg": 14.78,
            "equity": 809352,
            "current_ratio": 249.93,
            "debt_ratio": 26.42,
            "inventory_turnover_ratio": 1.03,
            "account_receivable_turnover_ratio": null,
            "reinvestment_rate": null,
            "research_to_sale_ratio": null,
            "price_fair": 50.87,
            "eps_avg_yearly": 1.45,
            "eps_latest_yearly": 1,
            "eps_growth_yearly": 306.75
        },
        "20024": {
            "year_quarter": 20024,
            "year": 2002,
            "quarter": 4,
            "eps": 0.39,
            "eps_growth_year": -17.02,
            "eps_4q": 1.45,
            "eps_4q_growth_year": -26.89,
            "roe": 2.71,
            "roe_4q": 10.079999999999998,
            "gross_profit": 87853,
            "gross_margin": 25.87,
            "gross_margin_4q_avg": 25.4,
            "net_income": 22093,
            "net_income_4q": null,
            "revenue": 339609,
            "revenue_4q": null,
            "common_shares": 570593,
            "book_valuer_per_share": 14.36,
            "book_valuer_per_share_4q_avg": 14.67,
            "equity": 819595,
            "current_ratio": 162.78,
            "debt_ratio": 40.54,
            "inventory_turnover_ratio": 0.88,
            "account_receivable_turnover_ratio": null,
            "reinvestment_rate": null,
            "research_to_sale_ratio": null,
            "price_fair": 51.8,
            "eps_avg_yearly": 1.48,
            "eps_latest_yearly": 1.56,
            "eps_growth_yearly": 286.06
        },
        "20031": {
            "year_quarter": 20031,
            "year": 2003,
            "quarter": 1,
            "eps": 0.54,
            "eps_growth_year": -29.87,
            "eps_4q": 1.25,
            "eps_4q_growth_year": -23.04,
            "roe": 3.66,
            "roe_4q": 8.65,
            "gross_profit": 81516,
            "gross_margin": 24.58,
            "gross_margin_4q_avg": 24.95,
            "net_income": 30570,
            "net_income_4q": null,
            "revenue": 331671,
            "revenue_4q": null,
            "common_shares": 570593,
            "book_valuer_per_share": 14.92,
            "book_valuer_per_share_4q_avg": 14.5,
            "equity": 851165,
            "current_ratio": 261.26,
            "debt_ratio": 25.67,
            "inventory_turnover_ratio": 0.9,
            "account_receivable_turnover_ratio": null,
            "reinvestment_rate": null,
            "research_to_sale_ratio": null,
            "price_fair": 56.56,
            "eps_avg_yearly": 1.62,
            "eps_latest_yearly": 2.16,
            "eps_growth_yearly": 259.62
        },
        "20032": {
            "year_quarter": 20032,
            "year": 2003,
            "quarter": 2,
            "eps": 0.33,
            "eps_growth_year": 371.43,
            "eps_4q": 1.45,
            "eps_4q_growth_year": 25.32,
            "roe": 2.37,
            "roe_4q": 10.55,
            "gross_profit": 82852,
            "gross_margin": 26.28,
            "gross_margin_4q_avg": 25.28,
            "net_income": 19706,
            "net_income_4q": null,
            "revenue": 315303,
            "revenue_4q": null,
            "common_shares": 570593,
            "book_valuer_per_share": 14.23,
            "book_valuer_per_share_4q_avg": 14.42,
            "equity": 811707,
            "current_ratio": 203.85,
            "debt_ratio": 29.66,
            "inventory_turnover_ratio": 1.48,
            "account_receivable_turnover_ratio": null,
            "reinvestment_rate": null,
            "research_to_sale_ratio": null,
            "price_fair": 54.83,
            "eps_avg_yearly": 1.57,
            "eps_latest_yearly": 1.32,
            "eps_growth_yearly": 190.42
        },
        "20033": {
            "year_quarter": 20033,
            "year": 2003,
            "quarter": 3,
            "eps": 0.46,
            "eps_growth_year": 84,
            "eps_4q": 1.67,
            "eps_4q_growth_year": 13.24,
            "roe": 3.32,
            "roe_4q": 12.059999999999999,
            "gross_profit": 77259,
            "gross_margin": 26.61,
            "gross_margin_4q_avg": 25.84,
            "net_income": 27461,
            "net_income_4q": null,
            "revenue": 290392,
            "revenue_4q": null,
            "common_shares": 591742,
            "book_valuer_per_share": 14.24,
            "book_valuer_per_share_4q_avg": 14.44,
            "equity": 842874,
            "current_ratio": 263.91,
            "debt_ratio": 22.66,
            "inventory_turnover_ratio": 1.71,
            "account_receivable_turnover_ratio": null,
            "reinvestment_rate": null,
            "research_to_sale_ratio": null,
            "price_fair": 56.2,
            "eps_avg_yearly": 1.61,
            "eps_latest_yearly": 1.84,
            "eps_growth_yearly": 185.73
        },
        "20034": {
            "year_quarter": 20034,
            "year": 2003,
            "quarter": 4,
            "eps": 0.21,
            "eps_growth_year": -46.15,
            "eps_4q": 1.53,
            "eps_4q_growth_year": 5.97,
            "roe": 1.45,
            "roe_4q": 10.8,
            "gross_profit": 72839,
            "gross_margin": 24.76,
            "gross_margin_4q_avg": 25.56,
            "net_income": 12323,
            "net_income_4q": null,
            "revenue": 294199,
            "revenue_4q": null,
            "common_shares": 591742,
            "book_valuer_per_share": 14.48,
            "book_valuer_per_share_4q_avg": 14.47,
            "equity": 856663,
            "current_ratio": 182.3,
            "debt_ratio": 33.56,
            "inventory_turnover_ratio": 1.15,
            "account_receivable_turnover_ratio": null,
            "reinvestment_rate": 12.67,
            "research_to_sale_ratio": null,
            "price_fair": 52.85,
            "eps_avg_yearly": 1.51,
            "eps_latest_yearly": 0.84,
            "eps_growth_yearly": 135.34
        },
        "20041": {
            "year_quarter": 20041,
            "year": 2004,
            "quarter": 1,
            "eps": 0.4,
            "eps_growth_year": -25.93,
            "eps_4q": 1.42,
            "eps_4q_growth_year": 13.09,
            "roe": 2.7,
            "roe_4q": 9.84,
            "gross_profit": 65188,
            "gross_margin": 21.92,
            "gross_margin_4q_avg": 24.89,
            "net_income": 23415,
            "net_income_4q": null,
            "revenue": 297406,
            "revenue_4q": null,
            "common_shares": 591742,
            "book_valuer_per_share": 14.79,
            "book_valuer_per_share_4q_avg": 14.44,
            "equity": 874919,
            "current_ratio": 207.39,
            "debt_ratio": 24.74,
            "inventory_turnover_ratio": 1.18,
            "account_receivable_turnover_ratio": null,
            "reinvestment_rate": 6.81,
            "research_to_sale_ratio": null,
            "price_fair": 53.2,
            "eps_avg_yearly": 1.52,
            "eps_latest_yearly": 1.6,
            "eps_growth_yearly": 160.51
        },
        "20042": {
            "year_quarter": 20042,
            "year": 2004,
            "quarter": 2,
            "eps": -0.23,
            "eps_growth_year": -169.7,
            "eps_4q": 0.83,
            "eps_4q_growth_year": -42.82,
            "roe": -1.69,
            "roe_4q": 5.779999999999999,
            "gross_profit": 47337,
            "gross_margin": 18.14,
            "gross_margin_4q_avg": 22.86,
            "net_income": -14018,
            "net_income_4q": null,
            "revenue": 260982,
            "revenue_4q": null,
            "common_shares": 591742,
            "book_valuer_per_share": 13.31,
            "book_valuer_per_share_4q_avg": 14.21,
            "equity": 787803,
            "current_ratio": 220,
            "debt_ratio": 40.33,
            "inventory_turnover_ratio": 1.63,
            "account_receivable_turnover_ratio": null,
            "reinvestment_rate": 21.41,
            "research_to_sale_ratio": null,
            "price_fair": 53.2,
            "eps_avg_yearly": 1.52,
            "eps_latest_yearly": 1.6,
            "eps_growth_yearly": 160.51
        },
        "20043": {
            "year_quarter": 20043,
            "year": 2004,
            "quarter": 3,
            "eps": -0.48,
            "eps_growth_year": -204.35,
            "eps_4q": -0.13,
            "eps_4q_growth_year": -107.76,
            "roe": -3.84,
            "roe_4q": -1.3799999999999992,
            "gross_profit": 29153,
            "gross_margin": 15.41,
            "gross_margin_4q_avg": 20.06,
            "net_income": -29689,
            "net_income_4q": null,
            "revenue": 189238,
            "revenue_4q": null,
            "common_shares": 614318,
            "book_valuer_per_share": 12.34,
            "book_valuer_per_share_4q_avg": 13.73,
            "equity": 758363,
            "current_ratio": 252.3,
            "debt_ratio": 37.03,
            "inventory_turnover_ratio": 1.32,
            "account_receivable_turnover_ratio": null,
            "reinvestment_rate": 36.33,
            "research_to_sale_ratio": null,
            "price_fair": 53.2,
            "eps_avg_yearly": 1.52,
            "eps_latest_yearly": 1.6,
            "eps_growth_yearly": 160.51
        },
        "20044": {
            "year_quarter": 20044,
            "year": 2004,
            "quarter": 4,
            "eps": -1.61,
            "eps_growth_year": -866.67,
            "eps_4q": -1.94,
            "eps_4q_growth_year": -226.41,
            "roe": -13.89,
            "roe_4q": -16.720000000000002,
            "gross_profit": 12525,
            "gross_margin": 10.28,
            "gross_margin_4q_avg": 16.44,
            "net_income": -98677,
            "net_income_4q": null,
            "revenue": 121833,
            "revenue_4q": null,
            "common_shares": 614318,
            "book_valuer_per_share": 10.79,
            "book_valuer_per_share_4q_avg": 12.81,
            "equity": 662972,
            "current_ratio": 178.17,
            "debt_ratio": 46.92,
            "inventory_turnover_ratio": 0.64,
            "account_receivable_turnover_ratio": null,
            "reinvestment_rate": 93.4,
            "research_to_sale_ratio": null,
            "price_fair": 53.2,
            "eps_avg_yearly": 1.52,
            "eps_latest_yearly": 1.6,
            "eps_growth_yearly": 160.51
        },
        "20051": {
            "year_quarter": 20051,
            "year": 2005,
            "quarter": 1,
            "eps": -0.3,
            "eps_growth_year": -175,
            "eps_4q": -2.65,
            "eps_4q_growth_year": -287.27,
            "roe": -2.79,
            "roe_4q": -22.21,
            "gross_profit": 40118,
            "gross_margin": 17.33,
            "gross_margin_4q_avg": 15.29,
            "net_income": -18159,
            "net_income_4q": null,
            "revenue": 231549,
            "revenue_4q": null,
            "common_shares": 614318,
            "book_valuer_per_share": 10.41,
            "book_valuer_per_share_4q_avg": 11.71,
            "equity": 639237,
            "current_ratio": 208.39,
            "debt_ratio": 43.51,
            "inventory_turnover_ratio": 0.91,
            "account_receivable_turnover_ratio": null,
            "reinvestment_rate": 149.44,
            "research_to_sale_ratio": null,
            "price_fair": 53.2,
            "eps_avg_yearly": 1.52,
            "eps_latest_yearly": 1.6,
            "eps_growth_yearly": 160.51
        },
        "20052": {
            "year_quarter": 20052,
            "year": 2005,
            "quarter": 2,
            "eps": 0.34,
            "eps_growth_year": null,
            "eps_4q": -2.05,
            "eps_4q_growth_year": -346.52,
            "roe": 3.22,
            "roe_4q": -17.3,
            "gross_profit": 63747,
            "gross_margin": 16.92,
            "gross_margin_4q_avg": 14.99,
            "net_income": 20854,
            "net_income_4q": null,
            "revenue": 376847,
            "revenue_4q": null,
            "common_shares": 614318,
            "book_valuer_per_share": 10.67,
            "book_valuer_per_share_4q_avg": 11.05,
            "equity": 655696,
            "current_ratio": 186.35,
            "debt_ratio": 46.25,
            "inventory_turnover_ratio": 1.55,
            "account_receivable_turnover_ratio": null,
            "reinvestment_rate": 149.5,
            "research_to_sale_ratio": null,
            "price_fair": 53.2,
            "eps_avg_yearly": 1.52,
            "eps_latest_yearly": 1.6,
            "eps_growth_yearly": 160.51
        },
        "20053": {
            "year_quarter": 20053,
            "year": 2005,
            "quarter": 3,
            "eps": 0.3,
            "eps_growth_year": null,
            "eps_4q": -1.26,
            "eps_4q_growth_year": null,
            "roe": 2.76,
            "roe_4q": -10.7,
            "gross_profit": 56007,
            "gross_margin": 15.68,
            "gross_margin_4q_avg": 15.05,
            "net_income": 18482,
            "net_income_4q": null,
            "revenue": 357156,
            "revenue_4q": null,
            "common_shares": 614318,
            "book_valuer_per_share": 11.1,
            "book_valuer_per_share_4q_avg": 10.74,
            "equity": 681643,
            "current_ratio": 130.38,
            "debt_ratio": 43.27,
            "inventory_turnover_ratio": 1.42,
            "account_receivable_turnover_ratio": null,
            "reinvestment_rate": 101.42,
            "research_to_sale_ratio": null,
            "price_fair": 52.08,
            "eps_avg_yearly": 1.49,
            "eps_latest_yearly": 1.2,
            "eps_growth_yearly": 139.76
        },
        "20054": {
            "year_quarter": 20054,
            "year": 2005,
            "quarter": 4,
            "eps": 0.68,
            "eps_growth_year": null,
            "eps_4q": 1.02,
            "eps_4q_growth_year": null,
            "roe": 6.03,
            "roe_4q": 9.219999999999999,
            "gross_profit": 77766,
            "gross_margin": 16.51,
            "gross_margin_4q_avg": 16.61,
            "net_income": 42052,
            "net_income_4q": null,
            "revenue": 471164,
            "revenue_4q": null,
            "common_shares": 614318,
            "book_valuer_per_share": 11.6,
            "book_valuer_per_share_4q_avg": 10.95,
            "equity": 712798,
            "current_ratio": 131.82,
            "debt_ratio": 51.3,
            "inventory_turnover_ratio": 1.23,
            "account_receivable_turnover_ratio": null,
            "reinvestment_rate": 101.32,
            "research_to_sale_ratio": null,
            "price_fair": 56,
            "eps_avg_yearly": 1.6,
            "eps_latest_yearly": 2.72,
            "eps_growth_yearly": 173.11
        },
        "20061": {
            "year_quarter": 20061,
            "year": 2006,
            "quarter": 1,
            "eps": 0.97,
            "eps_growth_year": null,
            "eps_4q": 2.27,
            "eps_4q_growth_year": null,
            "roe": 8.06,
            "roe_4q": 20.07,
            "gross_profit": 91491,
            "gross_margin": 16.42,
            "gross_margin_4q_avg": 16.38,
            "net_income": 60901,
            "net_income_4q": null,
            "revenue": 557349,
            "revenue_4q": null,
            "common_shares": 614318,
            "book_valuer_per_share": 13,
            "book_valuer_per_share_4q_avg": 11.59,
            "equity": 798424,
            "current_ratio": 153.53,
            "debt_ratio": 43.59,
            "inventory_turnover_ratio": 1.22,
            "account_receivable_turnover_ratio": null,
            "reinvestment_rate": 83.03,
            "research_to_sale_ratio": null,
            "price_fair": 58.55,
            "eps_avg_yearly": 1.67,
            "eps_latest_yearly": 3.88,
            "eps_growth_yearly": 165.41
        },
        "20062": {
            "year_quarter": 20062,
            "year": 2006,
            "quarter": 2,
            "eps": 0.05,
            "eps_growth_year": -85.29,
            "eps_4q": 2.01,
            "eps_4q_growth_year": null,
            "roe": 0.39,
            "roe_4q": 17.240000000000002,
            "gross_profit": 82839,
            "gross_margin": 16.07,
            "gross_margin_4q_avg": 16.17,
            "net_income": 3102,
            "net_income_4q": null,
            "revenue": 515532,
            "revenue_4q": null,
            "common_shares": 652395,
            "book_valuer_per_share": 12.06,
            "book_valuer_per_share_4q_avg": 11.94,
            "equity": 786882,
            "current_ratio": 162.57,
            "debt_ratio": 42.52,
            "inventory_turnover_ratio": 1.29,
            "account_receivable_turnover_ratio": null,
            "reinvestment_rate": 115.31,
            "research_to_sale_ratio": null,
            "price_fair": 58.29,
            "eps_avg_yearly": 1.67,
            "eps_latest_yearly": 0.2,
            "eps_growth_yearly": 163.98
        },
        "20063": {
            "year_quarter": 20063,
            "year": 2006,
            "quarter": 3,
            "eps": -0.61,
            "eps_growth_year": -303.33,
            "eps_4q": 1.02,
            "eps_4q_growth_year": null,
            "roe": -5.16,
            "roe_4q": 9.32,
            "gross_profit": 34291,
            "gross_margin": 10.81,
            "gross_margin_4q_avg": 14.95,
            "net_income": -39644,
            "net_income_4q": null,
            "revenue": 317097,
            "revenue_4q": null,
            "common_shares": 652395,
            "book_valuer_per_share": 11.48,
            "book_valuer_per_share_4q_avg": 12.04,
            "equity": 748983,
            "current_ratio": 166.46,
            "debt_ratio": 41.47,
            "inventory_turnover_ratio": 0.79,
            "account_receivable_turnover_ratio": null,
            "reinvestment_rate": 189.68,
            "research_to_sale_ratio": null,
            "price_fair": 60.62,
            "eps_avg_yearly": 1.73,
            "eps_latest_yearly": 0.2,
            "eps_growth_yearly": 77.52
        },
        "20064": {
            "year_quarter": 20064,
            "year": 2006,
            "quarter": 4,
            "eps": -0.83,
            "eps_growth_year": -222.06,
            "eps_4q": -0.45,
            "eps_4q_growth_year": -144.01,
            "roe": -7.45,
            "roe_4q": -4.159999999999998,
            "gross_profit": 31144,
            "gross_margin": 10.78,
            "gross_margin_4q_avg": 13.52,
            "net_income": -53487,
            "net_income_4q": null,
            "revenue": 288896,
            "revenue_4q": null,
            "common_shares": 652395,
            "book_valuer_per_share": 10.52,
            "book_valuer_per_share_4q_avg": 11.77,
            "equity": 686417,
            "current_ratio": 131.41,
            "debt_ratio": 51.24,
            "inventory_turnover_ratio": 0.62,
            "account_receivable_turnover_ratio": null,
            "reinvestment_rate": 2658.67,
            "research_to_sale_ratio": null,
            "price_fair": 61.29,
            "eps_avg_yearly": 1.75,
            "eps_latest_yearly": 0.2,
            "eps_growth_yearly": 61.24
        },
        "20071": {
            "year_quarter": 20071,
            "year": 2007,
            "quarter": 1,
            "eps": 0.6,
            "eps_growth_year": -38.14,
            "eps_4q": -0.77,
            "eps_4q_growth_year": -134.02,
            "roe": 5.57,
            "roe_4q": -6.65,
            "gross_profit": 78784,
            "gross_margin": 17.19,
            "gross_margin_4q_avg": 13.71,
            "net_income": 39400,
            "net_income_4q": null,
            "revenue": 458331,
            "revenue_4q": null,
            "common_shares": 652395,
            "book_valuer_per_share": 11.16,
            "book_valuer_per_share_4q_avg": 11.31,
            "equity": 728029,
            "current_ratio": 168.7,
            "debt_ratio": 40.49,
            "inventory_turnover_ratio": 1.02,
            "account_receivable_turnover_ratio": null,
            "reinvestment_rate": 1085.98,
            "research_to_sale_ratio": null,
            "price_fair": 59.5,
            "eps_avg_yearly": 1.7,
            "eps_latest_yearly": 0.2,
            "eps_growth_yearly": 49.67
        },
        "20072": {
            "year_quarter": 20072,
            "year": 2007,
            "quarter": 2,
            "eps": 0.68,
            "eps_growth_year": 1260,
            "eps_4q": -0.15,
            "eps_4q_growth_year": -107.23,
            "roe": 5.92,
            "roe_4q": -1.12,
            "gross_profit": 87742,
            "gross_margin": 16,
            "gross_margin_4q_avg": 13.7,
            "net_income": 44278,
            "net_income_4q": null,
            "revenue": 548452,
            "revenue_4q": null,
            "common_shares": 652395,
            "book_valuer_per_share": 11.79,
            "book_valuer_per_share_4q_avg": 11.24,
            "equity": 768966,
            "current_ratio": 205.41,
            "debt_ratio": 31.66,
            "inventory_turnover_ratio": 1.83,
            "account_receivable_turnover_ratio": null,
            "reinvestment_rate": 455.15,
            "research_to_sale_ratio": null,
            "price_fair": 65.63,
            "eps_avg_yearly": 1.88,
            "eps_latest_yearly": 2.72,
            "eps_growth_yearly": 75.78
        },
        "20073": {
            "year_quarter": 20073,
            "year": 2007,
            "quarter": 3,
            "eps": 0.22,
            "eps_growth_year": null,
            "eps_4q": 0.68,
            "eps_4q_growth_year": -32.87,
            "roe": 1.84,
            "roe_4q": 5.88,
            "gross_profit": 35992,
            "gross_margin": 9.11,
            "gross_margin_4q_avg": 13.27,
            "net_income": 14335,
            "net_income_4q": null,
            "revenue": 395238,
            "revenue_4q": null,
            "common_shares": 652395,
            "book_valuer_per_share": 12.11,
            "book_valuer_per_share_4q_avg": 11.4,
            "equity": 790192,
            "current_ratio": 195.84,
            "debt_ratio": 29.76,
            "inventory_turnover_ratio": 1.69,
            "account_receivable_turnover_ratio": null,
            "reinvestment_rate": 676.63,
            "research_to_sale_ratio": null,
            "price_fair": 56.61,
            "eps_avg_yearly": 1.76,
            "eps_latest_yearly": 0.88,
            "eps_growth_yearly": 22.26
        },
        "20074": {
            "year_quarter": 20074,
            "year": 2007,
            "quarter": 4,
            "eps": 0.02,
            "eps_growth_year": null,
            "eps_4q": 1.95,
            "eps_4q_growth_year": null,
            "roe": 0.13,
            "roe_4q": 13.46,
            "gross_profit": 39634,
            "gross_margin": 9.39,
            "gross_margin_4q_avg": 12.92,
            "net_income": 1017,
            "net_income_4q": null,
            "revenue": 422131,
            "revenue_4q": null,
            "common_shares": 652395,
            "book_valuer_per_share": 12.32,
            "book_valuer_per_share_4q_avg": 11.85,
            "equity": 804031,
            "current_ratio": 146.39,
            "debt_ratio": 41.52,
            "inventory_turnover_ratio": 1.44,
            "account_receivable_turnover_ratio": null,
            "reinvestment_rate": 1126.84,
            "research_to_sale_ratio": null,
            "price_fair": 23.2,
            "eps_avg_yearly": 1.66,
            "eps_latest_yearly": 0.08,
            "eps_growth_yearly": 3.98
        },
        "20081": {
            "year_quarter": 20081,
            "year": 2008,
            "quarter": 1,
            "eps": 0.13,
            "eps_growth_year": -78.33,
            "eps_4q": 1.07,
            "eps_4q_growth_year": null,
            "roe": 1.02,
            "roe_4q": 8.91,
            "gross_profit": 76867,
            "gross_margin": 18.05,
            "gross_margin_4q_avg": 13.14,
            "net_income": 8263,
            "net_income_4q": null,
            "revenue": 425844,
            "revenue_4q": null,
            "common_shares": 652395,
            "book_valuer_per_share": 12.54,
            "book_valuer_per_share_4q_avg": 12.19,
            "equity": 818054,
            "current_ratio": 150.72,
            "debt_ratio": 40.36,
            "inventory_turnover_ratio": 1.03,
            "account_receivable_turnover_ratio": null,
            "reinvestment_rate": null,
            "research_to_sale_ratio": null,
            "price_fair": 53.38,
            "eps_avg_yearly": 1.53,
            "eps_latest_yearly": 0.52,
            "eps_growth_yearly": 233.74
        },
        "20082": {
            "year_quarter": 20082,
            "year": 2008,
            "quarter": 2,
            "eps": 0.34,
            "eps_growth_year": -50,
            "eps_4q": 0.7,
            "eps_4q_growth_year": null,
            "roe": 2.86,
            "roe_4q": 5.85,
            "gross_profit": 93812,
            "gross_margin": 18.27,
            "gross_margin_4q_avg": 13.71,
            "net_income": 22500,
            "net_income_4q": null,
            "revenue": 513410,
            "revenue_4q": null,
            "common_shares": 652395,
            "book_valuer_per_share": 11.6,
            "book_valuer_per_share_4q_avg": 12.14,
            "equity": 756601,
            "current_ratio": 134.17,
            "debt_ratio": 45.32,
            "inventory_turnover_ratio": 1.14,
            "account_receivable_turnover_ratio": null,
            "reinvestment_rate": 707.19,
            "research_to_sale_ratio": null,
            "price_fair": 52.73,
            "eps_avg_yearly": 1.51,
            "eps_latest_yearly": 1.36,
            "eps_growth_yearly": 279.56
        },
        "20083": {
            "year_quarter": 20083,
            "year": 2008,
            "quarter": 3,
            "eps": 0.53,
            "eps_growth_year": 140.91,
            "eps_4q": 1.02,
            "eps_4q_growth_year": 49.42,
            "roe": 4.45,
            "roe_4q": 8.46,
            "gross_profit": 97639,
            "gross_margin": 17.37,
            "gross_margin_4q_avg": 15.77,
            "net_income": 34300,
            "net_income_4q": null,
            "revenue": 562073,
            "revenue_4q": null,
            "common_shares": 652395,
            "book_valuer_per_share": 12.04,
            "book_valuer_per_share_4q_avg": 12.13,
            "equity": 785214,
            "current_ratio": 136.37,
            "debt_ratio": 46.04,
            "inventory_turnover_ratio": 1.23,
            "account_receivable_turnover_ratio": null,
            "reinvestment_rate": 224.44,
            "research_to_sale_ratio": null,
            "price_fair": 54.88,
            "eps_avg_yearly": 1.57,
            "eps_latest_yearly": 2.12,
            "eps_growth_yearly": 273.96
        },
        "20084": {
            "year_quarter": 20084,
            "year": 2008,
            "quarter": 4,
            "eps": 0,
            "eps_growth_year": -100,
            "eps_4q": 1,
            "eps_4q_growth_year": -48.65,
            "roe": -0.01,
            "roe_4q": 8.32,
            "gross_profit": 73747,
            "gross_margin": 13.43,
            "gross_margin_4q_avg": 16.78,
            "net_income": -55,
            "net_income_4q": null,
            "revenue": 549158,
            "revenue_4q": null,
            "common_shares": 635675,
            "book_valuer_per_share": 12.53,
            "book_valuer_per_share_4q_avg": 12.18,
            "equity": 796648,
            "current_ratio": 138.63,
            "debt_ratio": 44.18,
            "inventory_turnover_ratio": 1.37,
            "account_receivable_turnover_ratio": 4.57,
            "reinvestment_rate": 31.1,
            "research_to_sale_ratio": null,
            "price_fair": 54.88,
            "eps_avg_yearly": 1.57,
            "eps_latest_yearly": 2.12,
            "eps_growth_yearly": 273.96
        },
        "20091": {
            "year_quarter": 20091,
            "year": 2009,
            "quarter": 1,
            "eps": 0.4,
            "eps_growth_year": 207.69,
            "eps_4q": 1.29,
            "eps_4q_growth_year": 20.97,
            "roe": 3.17,
            "roe_4q": 10.47,
            "gross_profit": 86211,
            "gross_margin": 18.06,
            "gross_margin_4q_avg": 16.78,
            "net_income": 25442,
            "net_income_4q": null,
            "revenue": 477257,
            "revenue_4q": null,
            "common_shares": 635675,
            "book_valuer_per_share": 12.69,
            "book_valuer_per_share_4q_avg": 12.22,
            "equity": 806770,
            "current_ratio": 150.61,
            "debt_ratio": 39.54,
            "inventory_turnover_ratio": 1.28,
            "account_receivable_turnover_ratio": 1.83,
            "reinvestment_rate": 88.24,
            "research_to_sale_ratio": null,
            "price_fair": 54.88,
            "eps_avg_yearly": 1.57,
            "eps_latest_yearly": 2.12,
            "eps_growth_yearly": 273.96
        },
        "20092": {
            "year_quarter": 20092,
            "year": 2009,
            "quarter": 2,
            "eps": -0.02,
            "eps_growth_year": -105.88,
            "eps_4q": 0.92,
            "eps_4q_growth_year": 32.09,
            "roe": -0.15,
            "roe_4q": 7.460000000000001,
            "gross_profit": 63799,
            "gross_margin": 13.95,
            "gross_margin_4q_avg": 15.7,
            "net_income": -1174,
            "net_income_4q": null,
            "revenue": 457429,
            "revenue_4q": null,
            "common_shares": 635675,
            "book_valuer_per_share": 11.91,
            "book_valuer_per_share_4q_avg": 12.29,
            "equity": 756838,
            "current_ratio": 145.08,
            "debt_ratio": 39.9,
            "inventory_turnover_ratio": 1.59,
            "account_receivable_turnover_ratio": 1.9,
            "reinvestment_rate": 98.28,
            "research_to_sale_ratio": null,
            "price_fair": 54.88,
            "eps_avg_yearly": 1.57,
            "eps_latest_yearly": 2.12,
            "eps_growth_yearly": 273.96
        },
        "20093": {
            "year_quarter": 20093,
            "year": 2009,
            "quarter": 3,
            "eps": -0.24,
            "eps_growth_year": -145.28,
            "eps_4q": 0.14,
            "eps_4q_growth_year": -86.14,
            "roe": -2.02,
            "roe_4q": 0.99,
            "gross_profit": 39238,
            "gross_margin": 11.04,
            "gross_margin_4q_avg": 14.12,
            "net_income": -15220,
            "net_income_4q": null,
            "revenue": 355576,
            "revenue_4q": null,
            "common_shares": 635675,
            "book_valuer_per_share": 11.76,
            "book_valuer_per_share_4q_avg": 12.22,
            "equity": 747253,
            "current_ratio": 153.02,
            "debt_ratio": 36.85,
            "inventory_turnover_ratio": 1.53,
            "account_receivable_turnover_ratio": 1.77,
            "reinvestment_rate": 113.57,
            "research_to_sale_ratio": null,
            "price_fair": 56.31,
            "eps_avg_yearly": 1.61,
            "eps_latest_yearly": 2.12,
            "eps_growth_yearly": 309.63
        },
        "20094": {
            "year_quarter": 20094,
            "year": 2009,
            "quarter": 4,
            "eps": -0.13,
            "eps_growth_year": null,
            "eps_4q": 0.01,
            "eps_4q_growth_year": -99.01,
            "roe": -1.14,
            "roe_4q": -0.14000000000000012,
            "gross_profit": 59645,
            "gross_margin": 14.49,
            "gross_margin_4q_avg": 14.39,
            "net_income": -8418,
            "net_income_4q": null,
            "revenue": 411532,
            "revenue_4q": null,
            "common_shares": 635675,
            "book_valuer_per_share": 11.51,
            "book_valuer_per_share_4q_avg": 11.97,
            "equity": 731452,
            "current_ratio": 142.67,
            "debt_ratio": 41.38,
            "inventory_turnover_ratio": 1.53,
            "account_receivable_turnover_ratio": 3.48,
            "reinvestment_rate": 128.72,
            "research_to_sale_ratio": null,
            "price_fair": 51.45,
            "eps_avg_yearly": 1.47,
            "eps_latest_yearly": 2.12,
            "eps_growth_yearly": 285
        },
        "20101": {
            "year_quarter": 20101,
            "year": 2010,
            "quarter": 1,
            "eps": 0.14,
            "eps_growth_year": -65,
            "eps_4q": -0.25,
            "eps_4q_growth_year": -119.08,
            "roe": 1.25,
            "roe_4q": -2.06,
            "gross_profit": 84707,
            "gross_margin": 16.03,
            "gross_margin_4q_avg": 13.88,
            "net_income": 9137,
            "net_income_4q": null,
            "revenue": 528369,
            "revenue_4q": null,
            "common_shares": 635675,
            "book_valuer_per_share": 11.57,
            "book_valuer_per_share_4q_avg": 11.69,
            "equity": 735651,
            "current_ratio": 134.94,
            "debt_ratio": 51.69,
            "inventory_turnover_ratio": 1.41,
            "account_receivable_turnover_ratio": 1.88,
            "reinvestment_rate": 405.2,
            "research_to_sale_ratio": 1.66,
            "price_fair": 39.4,
            "eps_avg_yearly": 1.13,
            "eps_latest_yearly": 2.12,
            "eps_growth_yearly": 301.34
        },
        "20102": {
            "year_quarter": 20102,
            "year": 2010,
            "quarter": 2,
            "eps": 0.03,
            "eps_growth_year": null,
            "eps_4q": -0.2,
            "eps_4q_growth_year": -121.41,
            "roe": 0.27,
            "roe_4q": -1.64,
            "gross_profit": 75367,
            "gross_margin": 11.71,
            "gross_margin_4q_avg": 13.32,
            "net_income": 1974,
            "net_income_4q": null,
            "revenue": 643711,
            "revenue_4q": null,
            "common_shares": 635675,
            "book_valuer_per_share": 11.1,
            "book_valuer_per_share_4q_avg": 11.49,
            "equity": 705553,
            "current_ratio": 124.64,
            "debt_ratio": 56.04,
            "inventory_turnover_ratio": 1.45,
            "account_receivable_turnover_ratio": 1.77,
            "reinvestment_rate": 390.47,
            "research_to_sale_ratio": 1.41,
            "price_fair": 39,
            "eps_avg_yearly": 1.11,
            "eps_latest_yearly": 0.12,
            "eps_growth_yearly": 310.64
        },
        "20103": {
            "year_quarter": 20103,
            "year": 2010,
            "quarter": 3,
            "eps": -0.82,
            "eps_growth_year": null,
            "eps_4q": -0.77,
            "eps_4q_growth_year": -646.3,
            "roe": -7.58,
            "roe_4q": -7.2,
            "gross_profit": 21093,
            "gross_margin": 5.11,
            "gross_margin_4q_avg": 11.84,
            "net_income": -51822,
            "net_income_4q": null,
            "revenue": 412474,
            "revenue_4q": null,
            "common_shares": 635675,
            "book_valuer_per_share": 10.41,
            "book_valuer_per_share_4q_avg": 11.15,
            "equity": 661721,
            "current_ratio": 121.46,
            "debt_ratio": 51.54,
            "inventory_turnover_ratio": 0.94,
            "account_receivable_turnover_ratio": 1.32,
            "reinvestment_rate": 457.74,
            "research_to_sale_ratio": 1.96,
            "price_fair": 39,
            "eps_avg_yearly": 1.11,
            "eps_latest_yearly": 0.12,
            "eps_growth_yearly": 310.64
        },
        "20104": {
            "year_quarter": 20104,
            "year": 2010,
            "quarter": 4,
            "eps": -1.9,
            "eps_growth_year": null,
            "eps_4q": -2.54,
            "eps_4q_growth_year": -25777.86,
            "roe": -20.6,
            "roe_4q": -26.66,
            "gross_profit": -64330,
            "gross_margin": -16.22,
            "gross_margin_4q_avg": 4.16,
            "net_income": -121064,
            "net_income_4q": null,
            "revenue": 396628,
            "revenue_4q": null,
            "common_shares": 635675,
            "book_valuer_per_share": 8.08,
            "book_valuer_per_share_4q_avg": 10.29,
            "equity": 513743,
            "current_ratio": 99.15,
            "debt_ratio": 62.85,
            "inventory_turnover_ratio": 1.16,
            "account_receivable_turnover_ratio": 1.62,
            "reinvestment_rate": 5206.01,
            "research_to_sale_ratio": 2.29,
            "price_fair": 39,
            "eps_avg_yearly": 1.11,
            "eps_latest_yearly": 0.12,
            "eps_growth_yearly": 310.64
        },
        "20111": {
            "year_quarter": 20111,
            "year": 2011,
            "quarter": 1,
            "eps": 0.38,
            "eps_growth_year": 171.43,
            "eps_4q": -2.31,
            "eps_4q_growth_year": null,
            "roe": 4.53,
            "roe_4q": -23.38,
            "gross_profit": 96156,
            "gross_margin": 15.54,
            "gross_margin_4q_avg": 4.04,
            "net_income": 23883,
            "net_income_4q": null,
            "revenue": 618909,
            "revenue_4q": null,
            "common_shares": 635675,
            "book_valuer_per_share": 8.49,
            "book_valuer_per_share_4q_avg": 9.52,
            "equity": 540005,
            "current_ratio": 103.04,
            "debt_ratio": 63.26,
            "inventory_turnover_ratio": 1.42,
            "account_receivable_turnover_ratio": 1.95,
            "reinvestment_rate": null,
            "research_to_sale_ratio": 1.07,
            "price_fair": 39,
            "eps_avg_yearly": 1.11,
            "eps_latest_yearly": 0.12,
            "eps_growth_yearly": 310.64
        },
        "20112": {
            "year_quarter": 20112,
            "year": 2011,
            "quarter": 2,
            "eps": 0.11,
            "eps_growth_year": 240.42,
            "eps_4q": -2.24,
            "eps_4q_growth_year": null,
            "roe": 1.24,
            "roe_4q": -22.410000000000004,
            "gross_profit": 92300,
            "gross_margin": 15.59,
            "gross_margin_4q_avg": 5.01,
            "net_income": 6720,
            "net_income_4q": null,
            "revenue": 591897,
            "revenue_4q": null,
            "common_shares": 635675,
            "book_valuer_per_share": 8.52,
            "book_valuer_per_share_4q_avg": 8.88,
            "equity": 541586,
            "current_ratio": 106.11,
            "debt_ratio": 63.92,
            "inventory_turnover_ratio": 1.32,
            "account_receivable_turnover_ratio": 1.69,
            "reinvestment_rate": null,
            "research_to_sale_ratio": 1.16,
            "price_fair": 27.6,
            "eps_avg_yearly": 0.79,
            "eps_latest_yearly": 0.44,
            "eps_growth_yearly": 262.42
        },
        "20113": {
            "year_quarter": 20113,
            "year": 2011,
            "quarter": 3,
            "eps": -0.43,
            "eps_growth_year": null,
            "eps_4q": -1.85,
            "eps_4q_growth_year": null,
            "roe": -4.77,
            "roe_4q": -19.6,
            "gross_profit": 22219,
            "gross_margin": 5.85,
            "gross_margin_4q_avg": 5.19,
            "net_income": -27092,
            "net_income_4q": null,
            "revenue": 379982,
            "revenue_4q": null,
            "common_shares": 635675,
            "book_valuer_per_share": 9.36,
            "book_valuer_per_share_4q_avg": 8.61,
            "equity": 595243,
            "current_ratio": 106.03,
            "debt_ratio": 58.85,
            "inventory_turnover_ratio": 0.94,
            "account_receivable_turnover_ratio": 1.36,
            "reinvestment_rate": null,
            "research_to_sale_ratio": 1.89,
            "price_fair": 27.07,
            "eps_avg_yearly": 0.77,
            "eps_latest_yearly": 0.44,
            "eps_growth_yearly": 351.26
        },
        "20114": {
            "year_quarter": 20114,
            "year": 2011,
            "quarter": 4,
            "eps": 0.11,
            "eps_growth_year": null,
            "eps_4q": 0.17,
            "eps_4q_growth_year": null,
            "roe": 1.19,
            "roe_4q": 2.1900000000000004,
            "gross_profit": 52848,
            "gross_margin": 10.64,
            "gross_margin_4q_avg": 11.91,
            "net_income": 7075,
            "net_income_4q": null,
            "revenue": 496841,
            "revenue_4q": null,
            "common_shares": 635675,
            "book_valuer_per_share": 9.42,
            "book_valuer_per_share_4q_avg": 8.95,
            "equity": 598505,
            "current_ratio": 105.39,
            "debt_ratio": 63.41,
            "inventory_turnover_ratio": 1.06,
            "account_receivable_turnover_ratio": 1.71,
            "reinvestment_rate": null,
            "research_to_sale_ratio": 1.45,
            "price_fair": 31.92,
            "eps_avg_yearly": 0.91,
            "eps_latest_yearly": 0.44,
            "eps_growth_yearly": 494.24
        },
        "20121": {
            "year_quarter": 20121,
            "year": 2012,
            "quarter": 1,
            "eps": 0.58,
            "eps_growth_year": 52.63,
            "eps_4q": 0.37,
            "eps_4q_growth_year": null,
            "roe": 6.05,
            "roe_4q": 3.710000000000001,
            "gross_profit": 113861,
            "gross_margin": 14.77,
            "gross_margin_4q_avg": 11.71,
            "net_income": 36973,
            "net_income_4q": null,
            "revenue": 770662,
            "revenue_4q": null,
            "common_shares": 635675,
            "book_valuer_per_share": 9.81,
            "book_valuer_per_share_4q_avg": 9.28,
            "equity": 623533,
            "current_ratio": 108.25,
            "debt_ratio": 66.1,
            "inventory_turnover_ratio": 1.4,
            "account_receivable_turnover_ratio": 1.81,
            "reinvestment_rate": null,
            "research_to_sale_ratio": 0.92,
            "price_fair": 44.52,
            "eps_avg_yearly": 1.27,
            "eps_latest_yearly": 2.32,
            "eps_growth_yearly": 396.06
        },
        "20122": {
            "year_quarter": 20122,
            "year": 2012,
            "quarter": 2,
            "eps": -2.01,
            "eps_growth_year": -2001.67,
            "eps_4q": -1.74,
            "eps_4q_growth_year": null,
            "roe": -22.74,
            "roe_4q": -20.269999999999996,
            "gross_profit": -37535,
            "gross_margin": -5.8,
            "gross_margin_4q_avg": 6.37,
            "net_income": -127792,
            "net_income_4q": null,
            "revenue": 646886,
            "revenue_4q": null,
            "common_shares": 635675,
            "book_valuer_per_share": 7.87,
            "book_valuer_per_share_4q_avg": 9.12,
            "equity": 500354,
            "current_ratio": 96.97,
            "debt_ratio": 63.82,
            "inventory_turnover_ratio": 1.76,
            "account_receivable_turnover_ratio": 1.67,
            "reinvestment_rate": null,
            "research_to_sale_ratio": 0.96,
            "price_fair": 43.75,
            "eps_avg_yearly": 1.25,
            "eps_latest_yearly": 2.32,
            "eps_growth_yearly": 333.53
        },
        "20123": {
            "year_quarter": 20123,
            "year": 2012,
            "quarter": 3,
            "eps": -0.52,
            "eps_growth_year": null,
            "eps_4q": -1.84,
            "eps_4q_growth_year": null,
            "roe": -6.83,
            "roe_4q": -22.33,
            "gross_profit": 28203,
            "gross_margin": 6.95,
            "gross_margin_4q_avg": 6.64,
            "net_income": -32974,
            "net_income_4q": null,
            "revenue": 405537,
            "revenue_4q": null,
            "common_shares": 635675,
            "book_valuer_per_share": 7.32,
            "book_valuer_per_share_4q_avg": 8.61,
            "equity": 465180,
            "current_ratio": 98.15,
            "debt_ratio": 66.09,
            "inventory_turnover_ratio": 1.18,
            "account_receivable_turnover_ratio": 1.67,
            "reinvestment_rate": null,
            "research_to_sale_ratio": 1.41,
            "price_fair": 33.6,
            "eps_avg_yearly": 0.96,
            "eps_latest_yearly": 2.32,
            "eps_growth_yearly": 370.2
        },
        "20124": {
            "year_quarter": 20124,
            "year": 2012,
            "quarter": 4,
            "eps": 0.02,
            "eps_growth_year": -78.2,
            "eps_4q": -1.92,
            "eps_4q_growth_year": -1254.83,
            "roe": 0.34,
            "roe_4q": -23.179999999999996,
            "gross_profit": 119812,
            "gross_margin": 20.11,
            "gross_margin_4q_avg": 9.01,
            "net_income": 1542,
            "net_income_4q": null,
            "revenue": 595722,
            "revenue_4q": null,
            "common_shares": 635675,
            "book_valuer_per_share": 7.07,
            "book_valuer_per_share_4q_avg": 8.02,
            "equity": 449521,
            "current_ratio": 103.25,
            "debt_ratio": 69.9,
            "inventory_turnover_ratio": 1.4,
            "account_receivable_turnover_ratio": 2,
            "reinvestment_rate": null,
            "research_to_sale_ratio": 2.68,
            "price_fair": 33.6,
            "eps_avg_yearly": 0.96,
            "eps_latest_yearly": 2.32,
            "eps_growth_yearly": 370.2
        },
        "20131": {
            "year_quarter": 20131,
            "year": 2013,
            "quarter": 1,
            "eps": -1.52,
            "eps_growth_year": -362.07,
            "eps_4q": -4.03,
            "eps_4q_growth_year": -1181.1,
            "roe": -24.71,
            "roe_4q": -53.94,
            "gross_profit": 40227,
            "gross_margin": 8.16,
            "gross_margin_4q_avg": 7.36,
            "net_income": -96736,
            "net_income_4q": null,
            "revenue": 493023,
            "revenue_4q": null,
            "common_shares": 635675,
            "book_valuer_per_share": 5.25,
            "book_valuer_per_share_4q_avg": 6.88,
            "equity": 333556,
            "current_ratio": 91.73,
            "debt_ratio": 74.36,
            "inventory_turnover_ratio": 1.41,
            "account_receivable_turnover_ratio": 1.82,
            "reinvestment_rate": null,
            "research_to_sale_ratio": 1.48,
            "price_fair": 33.6,
            "eps_avg_yearly": 0.96,
            "eps_latest_yearly": 2.32,
            "eps_growth_yearly": 370.2
        },
        "20132": {
            "year_quarter": 20132,
            "year": 2013,
            "quarter": 2,
            "eps": 0.02,
            "eps_growth_year": null,
            "eps_4q": -1.99,
            "eps_4q_growth_year": null,
            "roe": 0.46,
            "roe_4q": -30.740000000000002,
            "gross_profit": 84258,
            "gross_margin": 19.25,
            "gross_margin_4q_avg": 13.62,
            "net_income": 1510,
            "net_income_4q": null,
            "revenue": 437648,
            "revenue_4q": null,
            "common_shares": 635675,
            "book_valuer_per_share": 5.19,
            "book_valuer_per_share_4q_avg": 6.21,
            "equity": 329632,
            "current_ratio": 90.2,
            "debt_ratio": 73.38,
            "inventory_turnover_ratio": 1.23,
            "account_receivable_turnover_ratio": 2.31,
            "reinvestment_rate": null,
            "research_to_sale_ratio": 1.67,
            "price_fair": 33.6,
            "eps_avg_yearly": 0.96,
            "eps_latest_yearly": 2.32,
            "eps_growth_yearly": 370.2
        },
        "20133": {
            "year_quarter": 20133,
            "year": 2013,
            "quarter": 3,
            "eps": 0.5,
            "eps_growth_year": null,
            "eps_4q": -0.97,
            "eps_4q_growth_year": null,
            "roe": 9.14,
            "roe_4q": -14.77,
            "gross_profit": 87877,
            "gross_margin": 17.25,
            "gross_margin_4q_avg": 16.19,
            "net_income": 31779,
            "net_income_4q": null,
            "revenue": 509301,
            "revenue_4q": null,
            "common_shares": 635675,
            "book_valuer_per_share": 5.75,
            "book_valuer_per_share_4q_avg": 5.82,
            "equity": 365805,
            "current_ratio": 94.51,
            "debt_ratio": 71.19,
            "inventory_turnover_ratio": 1.41,
            "account_receivable_turnover_ratio": 2.41,
            "reinvestment_rate": null,
            "research_to_sale_ratio": 1.57,
            "price_fair": 42.7,
            "eps_avg_yearly": 1.22,
            "eps_latest_yearly": 2,
            "eps_growth_yearly": 2677.65
        },
        "20134": {
            "year_quarter": 20134,
            "year": 2013,
            "quarter": 4,
            "eps": 1.21,
            "eps_growth_year": 4867.96,
            "eps_4q": 0.21,
            "eps_4q_growth_year": null,
            "roe": 19.18,
            "roe_4q": 4.07,
            "gross_profit": 163532,
            "gross_margin": 26.12,
            "gross_margin_4q_avg": 17.7,
            "net_income": 76607,
            "net_income_4q": null,
            "revenue": 626075,
            "revenue_4q": null,
            "common_shares": 635675,
            "book_valuer_per_share": 6.81,
            "book_valuer_per_share_4q_avg": 5.75,
            "equity": 432984,
            "current_ratio": 101.85,
            "debt_ratio": 67.38,
            "inventory_turnover_ratio": 1.54,
            "account_receivable_turnover_ratio": 2.47,
            "reinvestment_rate": null,
            "research_to_sale_ratio": 2.26,
            "price_fair": 68.04,
            "eps_avg_yearly": 1.94,
            "eps_latest_yearly": 4.84,
            "eps_growth_yearly": 2255.72
        },
        "20141": {
            "year_quarter": 20141,
            "year": 2014,
            "quarter": 1,
            "eps": 1.22,
            "eps_growth_year": null,
            "eps_4q": 2.95,
            "eps_4q_growth_year": null,
            "roe": 16.15,
            "roe_4q": 44.93,
            "gross_profit": 117501,
            "gross_margin": 21.94,
            "gross_margin_4q_avg": 21.14,
            "net_income": 77424,
            "net_income_4q": null,
            "revenue": 535539,
            "revenue_4q": null,
            "common_shares": 635675,
            "book_valuer_per_share": 8.27,
            "book_valuer_per_share_4q_avg": 6.51,
            "equity": 525642,
            "current_ratio": 114.16,
            "debt_ratio": 60.92,
            "inventory_turnover_ratio": 1.49,
            "account_receivable_turnover_ratio": 1.65,
            "reinvestment_rate": null,
            "research_to_sale_ratio": 0.76,
            "price_fair": 85.17,
            "eps_avg_yearly": 2.43,
            "eps_latest_yearly": 4.88,
            "eps_growth_yearly": 1880.32
        },
        "20142": {
            "year_quarter": 20142,
            "year": 2014,
            "quarter": 2,
            "eps": 1.31,
            "eps_growth_year": 6450,
            "eps_4q": 4.96,
            "eps_4q_growth_year": null,
            "roe": 11.95,
            "roe_4q": 56.42,
            "gross_profit": 132672,
            "gross_margin": 22.61,
            "gross_margin_4q_avg": 21.98,
            "net_income": 66461,
            "net_income_4q": null,
            "revenue": 586720,
            "revenue_4q": null,
            "common_shares": 508540,
            "book_valuer_per_share": 11.54,
            "book_valuer_per_share_4q_avg": 8.09,
            "equity": 587085,
            "current_ratio": 113.43,
            "debt_ratio": 59.05,
            "inventory_turnover_ratio": 1.68,
            "account_receivable_turnover_ratio": 1.98,
            "reinvestment_rate": null,
            "research_to_sale_ratio": 0.78,
            "price_fair": 115.03,
            "eps_avg_yearly": 3.29,
            "eps_latest_yearly": 5.24,
            "eps_growth_yearly": 1937.62
        },
        "20143": {
            "year_quarter": 20143,
            "year": 2014,
            "quarter": 3,
            "eps": -0.7,
            "eps_growth_year": -240,
            "eps_4q": 3.63,
            "eps_4q_growth_year": null,
            "roe": -6.33,
            "roe_4q": 40.949999999999996,
            "gross_profit": 7267,
            "gross_margin": 3.28,
            "gross_margin_4q_avg": 18.49,
            "net_income": -35711,
            "net_income_4q": null,
            "revenue": 221732,
            "revenue_4q": null,
            "common_shares": 508540,
            "book_valuer_per_share": 10.63,
            "book_valuer_per_share_4q_avg": 9.31,
            "equity": 540716,
            "current_ratio": 108.27,
            "debt_ratio": 59.49,
            "inventory_turnover_ratio": 0.77,
            "account_receivable_turnover_ratio": 1.22,
            "reinvestment_rate": null,
            "research_to_sale_ratio": 1.98,
            "price_fair": 115.03,
            "eps_avg_yearly": 3.29,
            "eps_latest_yearly": 5.24,
            "eps_growth_yearly": 1937.62
        },
        "20144": {
            "year_quarter": 20144,
            "year": 2014,
            "quarter": 4,
            "eps": 2.12,
            "eps_growth_year": 76.2,
            "eps_4q": 4.25,
            "eps_4q_growth_year": 1953.19,
            "roe": 18.14,
            "roe_4q": 39.91,
            "gross_profit": 170301,
            "gross_margin": 20.66,
            "gross_margin_4q_avg": 17.12,
            "net_income": 107986,
            "net_income_4q": null,
            "revenue": 824436,
            "revenue_4q": null,
            "common_shares": 508540,
            "book_valuer_per_share": 12.78,
            "book_valuer_per_share_4q_avg": 10.81,
            "equity": 649982,
            "current_ratio": 117.66,
            "debt_ratio": 62.8,
            "inventory_turnover_ratio": 2.62,
            "account_receivable_turnover_ratio": 2.23,
            "reinvestment_rate": -12.82,
            "research_to_sale_ratio": 0.65,
            "price_fair": 115.03,
            "eps_avg_yearly": 3.29,
            "eps_latest_yearly": 5.24,
            "eps_growth_yearly": 1937.62
        },
        "20151": {
            "year_quarter": 20151,
            "year": 2015,
            "quarter": 1,
            "eps": 2.22,
            "eps_growth_year": 81.97,
            "eps_4q": 4.95,
            "eps_4q_growth_year": 67.96,
            "roe": 16.08,
            "roe_4q": 39.84,
            "gross_profit": 170082,
            "gross_margin": 25.14,
            "gross_margin_4q_avg": 17.92,
            "net_income": 112957,
            "net_income_4q": null,
            "revenue": 676461,
            "revenue_4q": null,
            "common_shares": 508540,
            "book_valuer_per_share": 14.84,
            "book_valuer_per_share_4q_avg": 12.45,
            "equity": 754720,
            "current_ratio": 144.83,
            "debt_ratio": 52.74,
            "inventory_turnover_ratio": 2.4,
            "account_receivable_turnover_ratio": 1.27,
            "reinvestment_rate": -5.28,
            "research_to_sale_ratio": 0.78,
            "price_fair": 143,
            "eps_avg_yearly": 4.09,
            "eps_latest_yearly": 8.88,
            "eps_growth_yearly": 1663.51
        },
        "20152": {
            "year_quarter": 20152,
            "year": 2015,
            "quarter": 2,
            "eps": 0.12,
            "eps_growth_year": -90.84,
            "eps_4q": 3.77,
            "eps_4q_growth_year": -24.1,
            "roe": 0.89,
            "roe_4q": 28.78,
            "gross_profit": 50283,
            "gross_margin": 16.09,
            "gross_margin_4q_avg": 16.29,
            "net_income": 6254,
            "net_income_4q": null,
            "revenue": 312433,
            "revenue_4q": null,
            "common_shares": 508540,
            "book_valuer_per_share": 12.93,
            "book_valuer_per_share_4q_avg": 12.8,
            "equity": 657468,
            "current_ratio": 132.56,
            "debt_ratio": 51.13,
            "inventory_turnover_ratio": 1.19,
            "account_receivable_turnover_ratio": 1.06,
            "reinvestment_rate": -1.84,
            "research_to_sale_ratio": 1.75,
            "price_fair": 143.2,
            "eps_avg_yearly": 4.09,
            "eps_latest_yearly": 0.48,
            "eps_growth_yearly": 1650.06
        },
        "20153": {
            "year_quarter": 20153,
            "year": 2015,
            "quarter": 3,
            "eps": 0.17,
            "eps_growth_year": null,
            "eps_4q": 4.64,
            "eps_4q_growth_year": 27.73,
            "roe": 1.32,
            "roe_4q": 36.43,
            "gross_profit": 34703,
            "gross_margin": 9.3,
            "gross_margin_4q_avg": 17.8,
            "net_income": 8827,
            "net_income_4q": null,
            "revenue": 373120,
            "revenue_4q": null,
            "common_shares": 508540,
            "book_valuer_per_share": 13.31,
            "book_valuer_per_share_4q_avg": 13.47,
            "equity": 676779,
            "current_ratio": 123.06,
            "debt_ratio": 56.49,
            "inventory_turnover_ratio": 1.33,
            "account_receivable_turnover_ratio": 1.64,
            "reinvestment_rate": -33.31,
            "research_to_sale_ratio": 1.26,
            "price_fair": 128.28,
            "eps_avg_yearly": 3.67,
            "eps_latest_yearly": 0.68,
            "eps_growth_yearly": 1464.63
        },
        "20154": {
            "year_quarter": 20154,
            "year": 2015,
            "quarter": 4,
            "eps": 1.49,
            "eps_growth_year": -29.92,
            "eps_4q": 4.01,
            "eps_4q_growth_year": -5.76,
            "roe": 10.59,
            "roe_4q": 28.88,
            "gross_profit": 144879,
            "gross_margin": 21.69,
            "gross_margin_4q_avg": 18.06,
            "net_income": 75674,
            "net_income_4q": null,
            "revenue": 667809,
            "revenue_4q": null,
            "common_shares": 508540,
            "book_valuer_per_share": 14.79,
            "book_valuer_per_share_4q_avg": 13.97,
            "equity": 752337,
            "current_ratio": 126.26,
            "debt_ratio": 56.85,
            "inventory_turnover_ratio": 1.83,
            "account_receivable_turnover_ratio": 1.66,
            "reinvestment_rate": -8.49,
            "research_to_sale_ratio": 0.95,
            "price_fair": 137.2,
            "eps_avg_yearly": 3.92,
            "eps_latest_yearly": 5.96,
            "eps_growth_yearly": 1646.99
        },
        "20161": {
            "year_quarter": 20161,
            "year": 2016,
            "quarter": 1,
            "eps": 1.61,
            "eps_growth_year": -27.48,
            "eps_4q": 3.4,
            "eps_4q_growth_year": -31.39,
            "roe": 10.29,
            "roe_4q": 23.09,
            "gross_profit": 130599,
            "gross_margin": 21.1,
            "gross_margin_4q_avg": 17.05,
            "net_income": 81943,
            "net_income_4q": null,
            "revenue": 619020,
            "revenue_4q": null,
            "common_shares": 508540,
            "book_valuer_per_share": 16.52,
            "book_valuer_per_share_4q_avg": 14.39,
            "equity": 840236,
            "current_ratio": 137.62,
            "debt_ratio": 49,
            "inventory_turnover_ratio": 1.79,
            "account_receivable_turnover_ratio": 1.47,
            "reinvestment_rate": 5.58,
            "research_to_sale_ratio": 0.85,
            "price_fair": 153.22,
            "eps_avg_yearly": 4.38,
            "eps_latest_yearly": 6.44,
            "eps_growth_yearly": 1460.67
        },
        "20162": {
            "year_quarter": 20162,
            "year": 2016,
            "quarter": 2,
            "eps": 0.05,
            "eps_growth_year": -58.33,
            "eps_4q": 3.33,
            "eps_4q_growth_year": -11.63,
            "roe": 0.35,
            "roe_4q": 22.549999999999997,
            "gross_profit": 43783,
            "gross_margin": 12.23,
            "gross_margin_4q_avg": 16.08,
            "net_income": 2767,
            "net_income_4q": null,
            "revenue": 358129,
            "revenue_4q": null,
            "common_shares": 508540,
            "book_valuer_per_share": 14.27,
            "book_valuer_per_share_4q_avg": 14.72,
            "equity": 725630,
            "current_ratio": 115.14,
            "debt_ratio": 49.98,
            "inventory_turnover_ratio": 1.21,
            "account_receivable_turnover_ratio": 1.28,
            "reinvestment_rate": 12.52,
            "research_to_sale_ratio": 1.39,
            "price_fair": 138.6,
            "eps_avg_yearly": 3.96,
            "eps_latest_yearly": 0.2,
            "eps_growth_yearly": 1275.85
        },
        "20163": {
            "year_quarter": 20163,
            "year": 2016,
            "quarter": 3,
            "eps": -0.5,
            "eps_growth_year": -394.12,
            "eps_4q": 2.65,
            "eps_4q_growth_year": -42.92,
            "roe": -3.61,
            "roe_4q": 17.619999999999997,
            "gross_profit": 14949,
            "gross_margin": 4.67,
            "gross_margin_4q_avg": 14.92,
            "net_income": -25656,
            "net_income_4q": null,
            "revenue": 320203,
            "revenue_4q": null,
            "common_shares": 508540,
            "book_valuer_per_share": 13.72,
            "book_valuer_per_share_4q_avg": 14.83,
            "equity": 697489,
            "current_ratio": 107.96,
            "debt_ratio": 55.29,
            "inventory_turnover_ratio": 1.03,
            "account_receivable_turnover_ratio": 1.5,
            "reinvestment_rate": 19,
            "research_to_sale_ratio": 1.48,
            "price_fair": 138.6,
            "eps_avg_yearly": 3.96,
            "eps_latest_yearly": 0.2,
            "eps_growth_yearly": 1275.85
        },
        "20164": {
            "year_quarter": 20164,
            "year": 2016,
            "quarter": 4,
            "eps": 0.52,
            "eps_growth_year": -64.95,
            "eps_4q": 1.68,
            "eps_4q_growth_year": -57.99,
            "roe": 3.79,
            "roe_4q": 10.819999999999999,
            "gross_profit": 90890,
            "gross_margin": 13.42,
            "gross_margin_4q_avg": 12.86,
            "net_income": 26521,
            "net_income_4q": null,
            "revenue": 677191,
            "revenue_4q": null,
            "common_shares": 508540,
            "book_valuer_per_share": 13.77,
            "book_valuer_per_share_4q_avg": 14.57,
            "equity": 700222,
            "current_ratio": 107.1,
            "debt_ratio": 59.57,
            "inventory_turnover_ratio": 1.93,
            "account_receivable_turnover_ratio": 1.98,
            "reinvestment_rate": 24.24,
            "research_to_sale_ratio": 0.8,
            "price_fair": 138.6,
            "eps_avg_yearly": 3.96,
            "eps_latest_yearly": 0.2,
            "eps_growth_yearly": 1275.85
        },
        "20171": {
            "year_quarter": 20171,
            "year": 2017,
            "quarter": 1,
            "eps": 0.54,
            "eps_growth_year": -66.46,
            "eps_4q": 0.61,
            "eps_4q_growth_year": -81.99,
            "roe": 3.86,
            "roe_4q": 4.390000000000001,
            "gross_profit": 91518,
            "gross_margin": 16.51,
            "gross_margin_4q_avg": 11.71,
            "net_income": 27470,
            "net_income_4q": null,
            "revenue": 554476,
            "revenue_4q": null,
            "common_shares": 508540,
            "book_valuer_per_share": 14.24,
            "book_valuer_per_share_4q_avg": 14,
            "equity": 724110,
            "current_ratio": 110.71,
            "debt_ratio": 55.1,
            "inventory_turnover_ratio": 1.74,
            "account_receivable_turnover_ratio": 1.34,
            "reinvestment_rate": 46.63,
            "research_to_sale_ratio": 1.01,
            "price_fair": 132.87,
            "eps_avg_yearly": 3.8,
            "eps_latest_yearly": 2.16,
            "eps_growth_yearly": 1161.26
        },
        "20172": {
            "year_quarter": 20172,
            "year": 2017,
            "quarter": 2,
            "eps": 0.18,
            "eps_growth_year": 260,
            "eps_4q": 0.74,
            "eps_4q_growth_year": -77.77,
            "roe": 1.34,
            "roe_4q": 5.380000000000001,
            "gross_profit": 50468,
            "gross_margin": 12.3,
            "gross_margin_4q_avg": 11.73,
            "net_income": 9281,
            "net_income_4q": null,
            "revenue": 410467,
            "revenue_4q": null,
            "common_shares": 508540,
            "book_valuer_per_share": 12.99,
            "book_valuer_per_share_4q_avg": 13.68,
            "equity": 660614,
            "current_ratio": 100.61,
            "debt_ratio": 57.41,
            "inventory_turnover_ratio": 1.33,
            "account_receivable_turnover_ratio": 1.26,
            "reinvestment_rate": 45.63,
            "research_to_sale_ratio": 1.49,
            "price_fair": 123.9,
            "eps_avg_yearly": 3.54,
            "eps_latest_yearly": 0.72,
            "eps_growth_yearly": 1042.27
        },
        "20173": {
            "year_quarter": 20173,
            "year": 2017,
            "quarter": 3,
            "eps": 0.51,
            "eps_growth_year": null,
            "eps_4q": 1.75,
            "eps_4q_growth_year": -33.85,
            "roe": 3.84,
            "roe_4q": 12.829999999999998,
            "gross_profit": 75495,
            "gross_margin": 17.76,
            "gross_margin_4q_avg": 15,
            "net_income": 25851,
            "net_income_4q": null,
            "revenue": 425096,
            "revenue_4q": null,
            "common_shares": 508540,
            "book_valuer_per_share": 13.51,
            "book_valuer_per_share_4q_avg": 13.63,
            "equity": 686819,
            "current_ratio": 112.29,
            "debt_ratio": 57.49,
            "inventory_turnover_ratio": 1.14,
            "account_receivable_turnover_ratio": 1.56,
            "reinvestment_rate": 48.37,
            "research_to_sale_ratio": 3.23,
            "price_fair": 124.02,
            "eps_avg_yearly": 3.54,
            "eps_latest_yearly": 2.04,
            "eps_growth_yearly": 303.38
        },
        "20174": {
            "year_quarter": 20174,
            "year": 2017,
            "quarter": 4,
            "eps": 0.55,
            "eps_growth_year": 5.62,
            "eps_4q": 1.78,
            "eps_4q_growth_year": 5.89,
            "roe": 4,
            "roe_4q": 13.04,
            "gross_profit": 93859,
            "gross_margin": 16.95,
            "gross_margin_4q_avg": 15.88,
            "net_income": 28012,
            "net_income_4q": null,
            "revenue": 553764,
            "revenue_4q": null,
            "common_shares": 508540,
            "book_valuer_per_share": 14,
            "book_valuer_per_share_4q_avg": 13.69,
            "equity": 712127,
            "current_ratio": 112.69,
            "debt_ratio": 59.94,
            "inventory_turnover_ratio": 1.35,
            "account_receivable_turnover_ratio": 1.49,
            "reinvestment_rate": 52.26,
            "research_to_sale_ratio": 2.14,
            "price_fair": 116.32,
            "eps_avg_yearly": 3.32,
            "eps_latest_yearly": 2.2,
            "eps_growth_yearly": 258.66
        },
        "20181": {
            "year_quarter": 20181,
            "year": 2018,
            "quarter": 1,
            "eps": 0.92,
            "eps_growth_year": 70.37,
            "eps_4q": 2.16,
            "eps_4q_growth_year": 253.64,
            "roe": 6.29,
            "roe_4q": 15.469999999999999,
            "gross_profit": 114050,
            "gross_margin": 18.78,
            "gross_margin_4q_avg": 16.45,
            "net_income": 46845,
            "net_income_4q": null,
            "revenue": 607269,
            "revenue_4q": null,
            "common_shares": 508540,
            "book_valuer_per_share": 15.28,
            "book_valuer_per_share_4q_avg": 13.95,
            "equity": 776835,
            "current_ratio": 116.57,
            "debt_ratio": 59.19,
            "inventory_turnover_ratio": 1.53,
            "account_receivable_turnover_ratio": 1.19,
            "reinvestment_rate": 47.04,
            "research_to_sale_ratio": 1.73,
            "price_fair": 112.82,
            "eps_avg_yearly": 3.22,
            "eps_latest_yearly": 3.68,
            "eps_growth_yearly": 280.81
        },
        "20182": {
            "year_quarter": 20182,
            "year": 2018,
            "quarter": 2,
            "eps": 0.79,
            "eps_growth_year": 338.89,
            "eps_4q": 2.77,
            "eps_4q_growth_year": 274.12,
            "roe": 5.31,
            "roe_4q": 19.439999999999998,
            "gross_profit": 89101,
            "gross_margin": 20.38,
            "gross_margin_4q_avg": 18.47,
            "net_income": 40021,
            "net_income_4q": null,
            "revenue": 437187,
            "revenue_4q": null,
            "common_shares": 508540,
            "book_valuer_per_share": 14.35,
            "book_valuer_per_share_4q_avg": 14.29,
            "equity": 729941,
            "current_ratio": 113.56,
            "debt_ratio": 58.11,
            "inventory_turnover_ratio": 1.17,
            "account_receivable_turnover_ratio": 0.89,
            "reinvestment_rate": 46.75,
            "research_to_sale_ratio": 1.83,
            "price_fair": 106.75,
            "eps_avg_yearly": 3.05,
            "eps_latest_yearly": 3.16,
            "eps_growth_yearly": 273.64
        },
        "20183": {
            "year_quarter": 20183,
            "year": 2018,
            "quarter": 3,
            "eps": -0.43,
            "eps_growth_year": -184.31,
            "eps_4q": 1.83,
            "eps_4q_growth_year": 4.46,
            "roe": -3.05,
            "roe_4q": 12.55,
            "gross_profit": 20598,
            "gross_margin": 11.28,
            "gross_margin_4q_avg": 16.85,
            "net_income": -21783,
            "net_income_4q": null,
            "revenue": 182605,
            "revenue_4q": null,
            "common_shares": 508540,
            "book_valuer_per_share": 13.74,
            "book_valuer_per_share_4q_avg": 14.34,
            "equity": 698619,
            "current_ratio": 111.49,
            "debt_ratio": 55.07,
            "inventory_turnover_ratio": 0.44,
            "account_receivable_turnover_ratio": 0.63,
            "reinvestment_rate": 15.85,
            "research_to_sale_ratio": 9.72,
            "price_fair": 106.75,
            "eps_avg_yearly": 3.05,
            "eps_latest_yearly": 3.16,
            "eps_growth_yearly": 273.64
        },
        "20184": {
            "year_quarter": 20184,
            "year": 2018,
            "quarter": 4,
            "eps": 0.32,
            "eps_growth_year": -41.61,
            "eps_4q": 1.6,
            "eps_4q_growth_year": -10.12,
            "roe": 2.3,
            "roe_4q": 10.85,
            "gross_profit": 69391,
            "gross_margin": 10.76,
            "gross_margin_4q_avg": 15.3,
            "net_income": 16357,
            "net_income_4q": null,
            "revenue": 644813,
            "revenue_4q": null,
            "common_shares": 508540,
            "book_valuer_per_share": 14.23,
            "book_valuer_per_share_4q_avg": 14.4,
            "equity": 723744,
            "current_ratio": 106.63,
            "debt_ratio": 64.36,
            "inventory_turnover_ratio": 1.32,
            "account_receivable_turnover_ratio": 1.72,
            "reinvestment_rate": 23.52,
            "research_to_sale_ratio": 2.13,
            "price_fair": 106.75,
            "eps_avg_yearly": 3.05,
            "eps_latest_yearly": 3.16,
            "eps_growth_yearly": 273.64
        },
        "20191": {
            "year_quarter": 20191,
            "year": 2019,
            "quarter": 1,
            "eps": 1.5,
            "eps_growth_year": 63.04,
            "eps_4q": 2.18,
            "eps_4q_growth_year": 0.88,
            "roe": 9.99,
            "roe_4q": 14.549999999999997,
            "gross_profit": 152511,
            "gross_margin": 20.39,
            "gross_margin_4q_avg": 15.7,
            "net_income": 76359,
            "net_income_4q": null,
            "revenue": 747882,
            "revenue_4q": null,
            "common_shares": 508540,
            "book_valuer_per_share": 15.83,
            "book_valuer_per_share_4q_avg": 14.54,
            "equity": 804831,
            "current_ratio": 111.98,
            "debt_ratio": 62.66,
            "inventory_turnover_ratio": 1.51,
            "account_receivable_turnover_ratio": 1.07,
            "reinvestment_rate": 26.43,
            "research_to_sale_ratio": 1.6,
            "price_fair": 98.35,
            "eps_avg_yearly": 2.81,
            "eps_latest_yearly": 6,
            "eps_growth_yearly": 394.98
        },
        "20192": {
            "year_quarter": 20192,
            "year": 2019,
            "quarter": 2,
            "eps": 0.9,
            "eps_growth_year": 13.92,
            "eps_4q": 2.29,
            "eps_4q_growth_year": -17.15,
            "roe": 5.78,
            "roe_4q": 15.02,
            "gross_profit": 95633,
            "gross_margin": 18.46,
            "gross_margin_4q_avg": 15.22,
            "net_income": 45657,
            "net_income_4q": null,
            "revenue": 517980,
            "revenue_4q": null,
            "common_shares": 508540,
            "book_valuer_per_share": 15.25,
            "book_valuer_per_share_4q_avg": 14.76,
            "equity": 775614,
            "current_ratio": 113.5,
            "debt_ratio": 58.83,
            "inventory_turnover_ratio": 1.21,
            "account_receivable_turnover_ratio": 0.78,
            "reinvestment_rate": 24.22,
            "research_to_sale_ratio": 3.51,
            "price_fair": 107.45,
            "eps_avg_yearly": 3.07,
            "eps_latest_yearly": 3.6,
            "eps_growth_yearly": 413.18
        },
        "20193": {
            "year_quarter": 20193,
            "year": 2019,
            "quarter": 3,
            "eps": 0.12,
            "eps_growth_year": null,
            "eps_4q": 2.84,
            "eps_4q_growth_year": 55.23,
            "roe": 0.79,
            "roe_4q": 18.860000000000003,
            "gross_profit": 48639,
            "gross_margin": 15.11,
            "gross_margin_4q_avg": 16.18,
            "net_income": 6138,
            "net_income_4q": null,
            "revenue": 321994,
            "revenue_4q": null,
            "common_shares": 508540,
            "book_valuer_per_share": 15.37,
            "book_valuer_per_share_4q_avg": 15.17,
            "equity": 781474,
            "current_ratio": 107.14,
            "debt_ratio": 60.66,
            "inventory_turnover_ratio": 0.58,
            "account_receivable_turnover_ratio": 0.78,
            "reinvestment_rate": 14.6,
            "research_to_sale_ratio": 5.61,
            "price_fair": 106.87,
            "eps_avg_yearly": 3.05,
            "eps_latest_yearly": 0.48,
            "eps_growth_yearly": 370.4
        },
        "20194": {
            "year_quarter": 20194,
            "year": 2019,
            "quarter": 4,
            "eps": 0.78,
            "eps_growth_year": 141.18,
            "eps_4q": 3.3,
            "eps_4q_growth_year": 105.8,
            "roe": 4.9,
            "roe_4q": 21.46,
            "gross_profit": 120411,
            "gross_margin": 14.54,
            "gross_margin_4q_avg": 17.13,
            "net_income": 39450,
            "net_income_4q": null,
            "revenue": 828084,
            "revenue_4q": null,
            "common_shares": 508540,
            "book_valuer_per_share": 16.28,
            "book_valuer_per_share_4q_avg": 15.68,
            "equity": 828015,
            "current_ratio": 109.21,
            "debt_ratio": 65.21,
            "inventory_turnover_ratio": 1.35,
            "account_receivable_turnover_ratio": 1.43,
            "reinvestment_rate": 7.25,
            "research_to_sale_ratio": 1.83,
            "price_fair": 98.58,
            "eps_avg_yearly": 2.82,
            "eps_latest_yearly": 3.12,
            "eps_growth_yearly": 294.91
        },
        "20201": {
            "year_quarter": 20201,
            "year": 2020,
            "quarter": 1,
            "eps": 0.83,
            "eps_growth_year": -44.67,
            "eps_4q": 2.63,
            "eps_4q_growth_year": 20.46,
            "roe": 5.03,
            "roe_4q": 16.5,
            "gross_profit": 94584,
            "gross_margin": 15.46,
            "gross_margin_4q_avg": 15.89,
            "net_income": 42410,
            "net_income_4q": null,
            "revenue": 611726,
            "revenue_4q": null,
            "common_shares": 508540,
            "book_valuer_per_share": 16.86,
            "book_valuer_per_share_4q_avg": 15.94,
            "equity": 857397,
            "current_ratio": 112.33,
            "debt_ratio": 59.39,
            "inventory_turnover_ratio": 1.2,
            "account_receivable_turnover_ratio": 0.83,
            "reinvestment_rate": 5.03,
            "research_to_sale_ratio": 1.97,
            "price_fair": 89.48,
            "eps_avg_yearly": 2.56,
            "eps_latest_yearly": 3.32,
            "eps_growth_yearly": 294.37
        },
        "20202": {
            "year_quarter": 20202,
            "year": 2020,
            "quarter": 2,
            "eps": 0.18,
            "eps_growth_year": -80,
            "eps_4q": 1.91,
            "eps_4q_growth_year": -16.76,
            "roe": 1.11,
            "roe_4q": 11.830000000000002,
            "gross_profit": 61270,
            "gross_margin": 15.81,
            "gross_margin_4q_avg": 15.23,
            "net_income": 9050,
            "net_income_4q": null,
            "revenue": 387585,
            "revenue_4q": null,
            "common_shares": 508540,
            "book_valuer_per_share": 15.16,
            "book_valuer_per_share_4q_avg": 15.92,
            "equity": 770955,
            "current_ratio": 102.63,
            "debt_ratio": 63.37,
            "inventory_turnover_ratio": 0.86,
            "account_receivable_turnover_ratio": 0.58,
            "reinvestment_rate": -6.02,
            "research_to_sale_ratio": 3.72,
            "price_fair": 91,
            "eps_avg_yearly": 2.6,
            "eps_latest_yearly": 0.72,
            "eps_growth_yearly": 300.56
        },
        "20203": {
            "year_quarter": 20203,
            "year": 2020,
            "quarter": 3,
            "eps": 0.5,
            "eps_growth_year": 316.67,
            "eps_4q": 2.29,
            "eps_4q_growth_year": -19.51,
            "roe": 3.24,
            "roe_4q": 14.280000000000001,
            "gross_profit": 80205,
            "gross_margin": 20.51,
            "gross_margin_4q_avg": 16.58,
            "net_income": 25403,
            "net_income_4q": null,
            "revenue": 391095,
            "revenue_4q": null,
            "common_shares": 508540,
            "book_valuer_per_share": 15.67,
            "book_valuer_per_share_4q_avg": 15.99,
            "equity": 796876,
            "current_ratio": 104.58,
            "debt_ratio": 62.95,
            "inventory_turnover_ratio": 0.66,
            "account_receivable_turnover_ratio": 0.64,
            "reinvestment_rate": -9.9,
            "research_to_sale_ratio": 5.79,
            "price_fair": 89.38,
            "eps_avg_yearly": 2.55,
            "eps_latest_yearly": 2,
            "eps_growth_yearly": 332.14
        },
        "20204": {
            "year_quarter": 20204,
            "year": 2020,
            "quarter": 4,
            "eps": 0.99,
            "eps_growth_year": 27.66,
            "eps_4q": 2.5,
            "eps_4q_growth_year": -24.09,
            "roe": 6.11,
            "roe_4q": 15.490000000000002,
            "gross_profit": 125792,
            "gross_margin": 14.91,
            "gross_margin_4q_avg": 16.67,
            "net_income": 50360,
            "net_income_4q": null,
            "revenue": 843580,
            "revenue_4q": null,
            "common_shares": 508540,
            "book_valuer_per_share": 16.74,
            "book_valuer_per_share_4q_avg": 16.11,
            "equity": 851068,
            "current_ratio": 109.35,
            "debt_ratio": 66.95,
            "inventory_turnover_ratio": 1.35,
            "account_receivable_turnover_ratio": 1.26,
            "reinvestment_rate": -4.38,
            "research_to_sale_ratio": 1.52,
            "price_fair": 92.9,
            "eps_avg_yearly": 2.65,
            "eps_latest_yearly": 3.96,
            "eps_growth_yearly": 336.42
        },
        "20211": {
            "year_quarter": 20211,
            "year": 2021,
            "quarter": 1,
            "eps": 1.23,
            "eps_growth_year": 48.19,
            "eps_4q": 2.9,
            "eps_4q_growth_year": 10.31,
            "roe": 7.09,
            "roe_4q": 17.549999999999997,
            "gross_profit": 135216,
            "gross_margin": 18.87,
            "gross_margin_4q_avg": 17.53,
            "net_income": 62617,
            "net_income_4q": null,
            "revenue": 716590,
            "revenue_4q": null,
            "common_shares": 508540,
            "book_valuer_per_share": 18,
            "book_valuer_per_share_4q_avg": 16.39,
            "equity": 915471,
            "current_ratio": 109.16,
            "debt_ratio": 67.74,
            "inventory_turnover_ratio": 1.22,
            "account_receivable_turnover_ratio": 0.71,
            "reinvestment_rate": 9.07,
            "research_to_sale_ratio": 2.09,
            "price_fair": 99.8,
            "eps_avg_yearly": 2.85,
            "eps_latest_yearly": 4.92,
            "eps_growth_yearly": 342.24
        },
        "20212": {
            "year_quarter": 20212,
            "year": 2021,
            "quarter": 2,
            "eps": 0.87,
            "eps_growth_year": 383.33,
            "eps_4q": 3.59,
            "eps_4q_growth_year": 88.3,
            "roe": 4.74,
            "roe_4q": 21.18,
            "gross_profit": 134096,
            "gross_margin": 19.4,
            "gross_margin_4q_avg": 18.42,
            "net_income": 44360,
            "net_income_4q": null,
            "revenue": 691339,
            "revenue_4q": null,
            "common_shares": 508540,
            "book_valuer_per_share": 18.81,
            "book_valuer_per_share_4q_avg": 17.31,
            "equity": 956318,
            "current_ratio": 117.54,
            "debt_ratio": 63.93,
            "inventory_turnover_ratio": 1.15,
            "account_receivable_turnover_ratio": 0.7,
            "reinvestment_rate": 17.71,
            "research_to_sale_ratio": 2.54,
            "price_fair": 106.7,
            "eps_avg_yearly": 3.05,
            "eps_latest_yearly": 3.48,
            "eps_growth_yearly": 352.93
        },
        "20213": {
            "year_quarter": 20213,
            "year": 2021,
            "quarter": 3,
            "eps": 0.9,
            "eps_growth_year": 80,
            "eps_4q": 3.99,
            "eps_4q_growth_year": 74.6,
            "roe": 4.89,
            "roe_4q": 22.83,
            "gross_profit": 106846,
            "gross_margin": 15.32,
            "gross_margin_4q_avg": 17.13,
            "net_income": 45740,
            "net_income_4q": null,
            "revenue": 697519,
            "revenue_4q": null,
            "common_shares": 508540,
            "book_valuer_per_share": 17.94,
            "book_valuer_per_share_4q_avg": 17.87,
            "equity": 912562,
            "current_ratio": 113.68,
            "debt_ratio": 65.55,
            "inventory_turnover_ratio": 1.09,
            "account_receivable_turnover_ratio": 0.96,
            "reinvestment_rate": 20.22,
            "research_to_sale_ratio": 3.08,
            "price_fair": 110.6,
            "eps_avg_yearly": 3.16,
            "eps_latest_yearly": 3.6,
            "eps_growth_yearly": 301.53
        },
        "20214": {
            "year_quarter": 20214,
            "year": 2021,
            "quarter": 4,
            "eps": 1.7,
            "eps_growth_year": 71.33,
            "eps_4q": 4.7,
            "eps_4q_growth_year": 87.86,
            "roe": 9.04,
            "roe_4q": 25.76,
            "gross_profit": 175909,
            "gross_margin": 17.88,
            "gross_margin_4q_avg": 17.87,
            "net_income": 86283,
            "net_income_4q": null,
            "revenue": 983764,
            "revenue_4q": null,
            "common_shares": 508540,
            "book_valuer_per_share": 19.59,
            "book_valuer_per_share_4q_avg": 18.59,
            "equity": 996245,
            "current_ratio": 115.39,
            "debt_ratio": 66.9,
            "inventory_turnover_ratio": 1.47,
            "account_receivable_turnover_ratio": 1.04,
            "reinvestment_rate": 27.69,
            "research_to_sale_ratio": 1.03,
            "price_fair": 122.1,
            "eps_avg_yearly": 3.49,
            "eps_latest_yearly": 6.8,
            "eps_growth_yearly": 324.69
        },
        "20221": {
            "year_quarter": 20221,
            "year": 2022,
            "quarter": 1,
            "eps": 2.02,
            "eps_growth_year": 64.23,
            "eps_4q": 5.49,
            "eps_4q_growth_year": 89.36,
            "roe": 10.46,
            "roe_4q": 29.130000000000003,
            "gross_profit": 155094,
            "gross_margin": 18.08,
            "gross_margin_4q_avg": 17.67,
            "net_income": 102790,
            "net_income_4q": null,
            "revenue": 858014,
            "revenue_4q": null,
            "common_shares": 508540,
            "book_valuer_per_share": 19.05,
            "book_valuer_per_share_4q_avg": 18.85,
            "equity": 968598,
            "current_ratio": 113.08,
            "debt_ratio": 65.58,
            "inventory_turnover_ratio": 1.35,
            "account_receivable_turnover_ratio": 0.81,
            "reinvestment_rate": 32.93,
            "research_to_sale_ratio": 1.43,
            "price_fair": 133.1,
            "eps_avg_yearly": 3.8,
            "eps_latest_yearly": 8.08,
            "eps_growth_yearly": 310.85
        },
        "20222": {
            "year_quarter": 20222,
            "year": 2022,
            "quarter": 2,
            "eps": 1.7,
            "eps_growth_year": 95.4,
            "eps_4q": 6.31,
            "eps_4q_growth_year": 75.66,
            "roe": 8.59,
            "roe_4q": 32.98,
            "gross_profit": 146962,
            "gross_margin": 16.85,
            "gross_margin_4q_avg": 17.03,
            "net_income": 86180,
            "net_income_4q": null,
            "revenue": 871949,
            "revenue_4q": null,
            "common_shares": 508540,
            "book_valuer_per_share": 20.39,
            "book_valuer_per_share_4q_avg": 19.24,
            "equity": 1036787,
            "current_ratio": 116.34,
            "debt_ratio": 62.84,
            "inventory_turnover_ratio": 1.38,
            "account_receivable_turnover_ratio": 0.99,
            "reinvestment_rate": 30.88,
            "research_to_sale_ratio": 2.97,
            "price_fair": 142.2,
            "eps_avg_yearly": 4.06,
            "eps_latest_yearly": 6.8,
            "eps_growth_yearly": 310.36
        },
        "20223": {
            "year_quarter": 20223,
            "year": 2022,
            "quarter": 3,
            "eps": 0.81,
            "eps_growth_year": -10,
            "eps_4q": 6.23,
            "eps_4q_growth_year": 55.89,
            "roe": 3.92,
            "roe_4q": 32.01,
            "gross_profit": 71610,
            "gross_margin": 13.72,
            "gross_margin_4q_avg": 16.63,
            "net_income": 41324,
            "net_income_4q": null,
            "revenue": 522000,
            "revenue_4q": null,
            "common_shares": 508540,
            "book_valuer_per_share": 21.07,
            "book_valuer_per_share_4q_avg": 20.03,
            "equity": 1071361,
            "current_ratio": 111.65,
            "debt_ratio": 65.72,
            "inventory_turnover_ratio": 0.67,
            "account_receivable_turnover_ratio": 0.72,
            "reinvestment_rate": 42.92,
            "research_to_sale_ratio": 3.96,
            "price_fair": 140.28,
            "eps_avg_yearly": 4.01,
            "eps_latest_yearly": 3.24,
            "eps_growth_yearly": 275.71
        },
        "20224": {
            "year_quarter": 20224,
            "year": 2022,
            "quarter": 4,
            "eps": 1.1,
            "eps_growth_year": -35.35,
            "eps_4q": 5.63,
            "eps_4q_growth_year": 19.7,
            "roe": 5.03,
            "roe_4q": 28,
            "gross_profit": 146556,
            "gross_margin": 12.82,
            "gross_margin_4q_avg": 15.37,
            "net_income": 55780,
            "net_income_4q": null,
            "revenue": 1142915,
            "revenue_4q": null,
            "common_shares": 508540,
            "book_valuer_per_share": 22.58,
            "book_valuer_per_share_4q_avg": 20.77,
            "equity": 1148500,
            "current_ratio": 109.48,
            "debt_ratio": 68.56,
            "inventory_turnover_ratio": 1.27,
            "account_receivable_turnover_ratio": 1.24,
            "reinvestment_rate": 81.47,
            "research_to_sale_ratio": 1.11,
            "price_fair": 141.14,
            "eps_avg_yearly": 4.03,
            "eps_latest_yearly": 4.4,
            "eps_growth_yearly": 267.43
        },
        "20231": {
            "year_quarter": 20231,
            "year": 2023,
            "quarter": 1,
            "eps": 1.11,
            "eps_growth_year": -45.05,
            "eps_4q": 4.71,
            "eps_4q_growth_year": -14.21,
            "roe": 5.05,
            "roe_4q": 22.59,
            "gross_profit": 137629,
            "gross_margin": 15.76,
            "gross_margin_4q_avg": 14.79,
            "net_income": 56205,
            "net_income_4q": null,
            "revenue": 873023,
            "revenue_4q": null,
            "common_shares": 508540,
            "book_valuer_per_share": 21.18,
            "book_valuer_per_share_4q_avg": 21.31,
            "equity": 1076895,
            "current_ratio": 104.99,
            "debt_ratio": 68.09,
            "inventory_turnover_ratio": 1.15,
            "account_receivable_turnover_ratio": 0.82,
            "reinvestment_rate": 83.79,
            "research_to_sale_ratio": 2.25,
            "price_fair": 137.73,
            "eps_avg_yearly": 3.94,
            "eps_latest_yearly": 4.44,
            "eps_growth_yearly": 175.46
        },
        "20232": {
            "year_quarter": 20232,
            "year": 2023,
            "quarter": 2,
            "eps": 0.01,
            "eps_growth_year": -99.41,
            "eps_4q": 3.02,
            "eps_4q_growth_year": -52.14,
            "roe": 0.03,
            "roe_4q": 14.03,
            "gross_profit": 52351,
            "gross_margin": 12.32,
            "gross_margin_4q_avg": 13.66,
            "net_income": 309,
            "net_income_4q": null,
            "revenue": 424844,
            "revenue_4q": null,
            "common_shares": 508540,
            "book_valuer_per_share": 21.02,
            "book_valuer_per_share_4q_avg": 21.46,
            "equity": 1068939,
            "current_ratio": 103.21,
            "debt_ratio": 60.72,
            "inventory_turnover_ratio": 0.69,
            "account_receivable_turnover_ratio": 0.65,
            "reinvestment_rate": 91.54,
            "research_to_sale_ratio": 5.86,
            "price_fair": 129.94,
            "eps_avg_yearly": 3.71,
            "eps_latest_yearly": 0.04,
            "eps_growth_yearly": 160.69
        },
        "20233": {
            "year_quarter": 20233,
            "year": 2023,
            "quarter": 3,
            "eps": -0.98,
            "eps_growth_year": -220.99,
            "eps_4q": 1.23,
            "eps_4q_growth_year": -80.27,
            "roe": -4.78,
            "roe_4q": 5.33,
            "gross_profit": -16500,
            "gross_margin": -4.57,
            "gross_margin_4q_avg": 9.08,
            "net_income": -49828,
            "net_income_4q": null,
            "revenue": 361211,
            "revenue_4q": null,
            "common_shares": 508540,
            "book_valuer_per_share": 20.01,
            "book_valuer_per_share_4q_avg": 21.2,
            "equity": 1017335,
            "current_ratio": 96,
            "debt_ratio": 63.18,
            "inventory_turnover_ratio": 0.62,
            "account_receivable_turnover_ratio": 0.93,
            "reinvestment_rate": 101.01,
            "research_to_sale_ratio": 7.3,
            "price_fair": 137.48,
            "eps_avg_yearly": 3.93,
            "eps_latest_yearly": 0.04,
            "eps_growth_yearly": 194.51
        },
        "20234": {
            "year_quarter": 20234,
            "year": 2023,
            "quarter": 4,
            "eps": -0.84,
            "eps_growth_year": -176.99,
            "eps_4q": -0.71,
            "eps_4q_growth_year": -112.67,
            "roe": -4.3,
            "roe_4q": -4.000000000000001,
            "gross_profit": 30584,
            "gross_margin": 3.26,
            "gross_margin_4q_avg": 6.69,
            "net_income": -42944,
            "net_income_4q": null,
            "revenue": 938029,
            "revenue_4q": null,
            "common_shares": 508540,
            "book_valuer_per_share": 19.31,
            "book_valuer_per_share_4q_avg": 20.38,
            "equity": 982111,
            "current_ratio": 91.95,
            "debt_ratio": 69.57,
            "inventory_turnover_ratio": 1.49,
            "account_receivable_turnover_ratio": 1.44,
            "reinvestment_rate": 120.59,
            "research_to_sale_ratio": 2.12,
            "price_fair": 139.5,
            "eps_avg_yearly": 3.99,
            "eps_latest_yearly": 0.04,
            "eps_growth_yearly": 51.27
        }
    },
    "months": {
        "2001-06": {
            "month": "2001-06",
            "price": "29.22",
            "revenue": 57572
        },
        "2001-07": {
            "month": "2001-07",
            "price": "23.10",
            "revenue": 35500
        },
        "2001-08": {
            "month": "2001-08",
            "price": "24.37",
            "revenue": 42481
        },
        "2001-09": {
            "month": "2001-09",
            "price": "23.43",
            "revenue": 29926
        },
        "2001-10": {
            "month": "2001-10",
            "price": "15.37",
            "revenue": 62344
        },
        "2001-11": {
            "month": "2001-11",
            "price": "19.45",
            "revenue": 72271
        },
        "2001-12": {
            "month": "2001-12",
            "price": "24.50",
            "revenue": 94711
        },
        "2002-01": {
            "month": "2002-01",
            "price": "30.94",
            "revenue": 131897
        },
        "2002-02": {
            "month": "2002-02",
            "price": "34.64",
            "revenue": 123121
        },
        "2002-03": {
            "month": "2002-03",
            "price": "35.71",
            "revenue": 123275
        },
        "2002-04": {
            "month": "2002-04",
            "price": "31.73",
            "revenue": 109469
        },
        "2002-05": {
            "month": "2002-05",
            "price": "27.46",
            "revenue": 90418
        },
        "2002-06": {
            "month": "2002-06",
            "price": "27.78",
            "revenue": 65545
        },
        "2002-07": {
            "month": "2002-07",
            "price": "24.20",
            "revenue": 84087
        },
        "2002-08": {
            "month": "2002-08",
            "price": "23.74",
            "revenue": 85713
        },
        "2002-09": {
            "month": "2002-09",
            "price": "23.24",
            "revenue": 83861
        },
        "2002-10": {
            "month": "2002-10",
            "price": "20.45",
            "revenue": 93240
        },
        "2002-11": {
            "month": "2002-11",
            "price": "23.14",
            "revenue": 109649
        },
        "2002-12": {
            "month": "2002-12",
            "price": "24.65",
            "revenue": 136719
        },
        "2003-01": {
            "month": "2003-01",
            "price": "24.88",
            "revenue": 105948
        },
        "2003-02": {
            "month": "2003-02",
            "price": "20.22",
            "revenue": 108123
        },
        "2003-03": {
            "month": "2003-03",
            "price": "17.53",
            "revenue": 117600
        },
        "2003-04": {
            "month": "2003-04",
            "price": "16.69",
            "revenue": 108212
        },
        "2003-05": {
            "month": "2003-05",
            "price": "16.84",
            "revenue": 101538
        },
        "2003-06": {
            "month": "2003-06",
            "price": "19.64",
            "revenue": 105553
        },
        "2003-07": {
            "month": "2003-07",
            "price": "20.62",
            "revenue": 102472
        },
        "2003-08": {
            "month": "2003-08",
            "price": "21.45",
            "revenue": 100052
        },
        "2003-09": {
            "month": "2003-09",
            "price": "20.90",
            "revenue": 87868
        },
        "2003-10": {
            "month": "2003-10",
            "price": "20.19",
            "revenue": 84776
        },
        "2003-11": {
            "month": "2003-11",
            "price": "20.16",
            "revenue": 95151
        },
        "2003-12": {
            "month": "2003-12",
            "price": "20.30",
            "revenue": 114273
        },
        "2004-01": {
            "month": "2004-01",
            "price": "20.97",
            "revenue": 103441
        },
        "2004-02": {
            "month": "2004-02",
            "price": "22.02",
            "revenue": 84639
        },
        "2004-03": {
            "month": "2004-03",
            "price": "20.11",
            "revenue": 109327
        },
        "2004-04": {
            "month": "2004-04",
            "price": "21.07",
            "revenue": 104753
        },
        "2004-05": {
            "month": "2004-05",
            "price": "17.71",
            "revenue": 101188
        },
        "2004-06": {
            "month": "2004-06",
            "price": "16.54",
            "revenue": 55041
        },
        "2004-07": {
            "month": "2004-07",
            "price": "15.14",
            "revenue": 60184
        },
        "2004-08": {
            "month": "2004-08",
            "price": "12.28",
            "revenue": 64033
        },
        "2004-09": {
            "month": "2004-09",
            "price": "9.60",
            "revenue": 65021
        },
        "2004-10": {
            "month": "2004-10",
            "price": "7.87",
            "revenue": 39120
        },
        "2004-11": {
            "month": "2004-11",
            "price": "6.81",
            "revenue": 40248
        },
        "2004-12": {
            "month": "2004-12",
            "price": "7.72",
            "revenue": 42463
        },
        "2005-01": {
            "month": "2005-01",
            "price": "7.85",
            "revenue": 55346
        },
        "2005-02": {
            "month": "2005-02",
            "price": "7.65",
            "revenue": 66431
        },
        "2005-03": {
            "month": "2005-03",
            "price": "7.34",
            "revenue": 109772
        },
        "2005-04": {
            "month": "2005-04",
            "price": "7.56",
            "revenue": 135759
        },
        "2005-05": {
            "month": "2005-05",
            "price": "7.74",
            "revenue": 102124
        },
        "2005-06": {
            "month": "2005-06",
            "price": "8.10",
            "revenue": 140443
        },
        "2005-07": {
            "month": "2005-07",
            "price": "10.12",
            "revenue": 112512
        },
        "2005-08": {
            "month": "2005-08",
            "price": "9.57",
            "revenue": 115494
        },
        "2005-09": {
            "month": "2005-09",
            "price": "11.08",
            "revenue": 127671
        },
        "2005-10": {
            "month": "2005-10",
            "price": "10.57",
            "revenue": 140604
        },
        "2005-11": {
            "month": "2005-11",
            "price": "11.11",
            "revenue": 156325
        },
        "2005-12": {
            "month": "2005-12",
            "price": "12.77",
            "revenue": 174234
        },
        "2006-01": {
            "month": "2006-01",
            "price": "15.25",
            "revenue": 172903
        },
        "2006-02": {
            "month": "2006-02",
            "price": "20.68",
            "revenue": 187601
        },
        "2006-03": {
            "month": "2006-03",
            "price": "22.81",
            "revenue": 196845
        },
        "2006-04": {
            "month": "2006-04",
            "price": "23.50",
            "revenue": 201839
        },
        "2006-05": {
            "month": "2006-05",
            "price": "27.16",
            "revenue": 172618
        },
        "2006-06": {
            "month": "2006-06",
            "price": "21.45",
            "revenue": 141075
        },
        "2006-07": {
            "month": "2006-07",
            "price": "17.91",
            "revenue": 109555
        },
        "2006-08": {
            "month": "2006-08",
            "price": "15.41",
            "revenue": 101840
        },
        "2006-09": {
            "month": "2006-09",
            "price": "13.56",
            "revenue": 105701
        },
        "2006-10": {
            "month": "2006-10",
            "price": "15.10",
            "revenue": 79163
        },
        "2006-11": {
            "month": "2006-11",
            "price": "13.65",
            "revenue": 104175
        },
        "2006-12": {
            "month": "2006-12",
            "price": "13.90",
            "revenue": 105558
        },
        "2007-01": {
            "month": "2007-01",
            "price": "14.05",
            "revenue": 139292
        },
        "2007-02": {
            "month": "2007-02",
            "price": "14.42",
            "revenue": 144776
        },
        "2007-03": {
            "month": "2007-03",
            "price": "15.13",
            "revenue": 174263
        },
        "2007-04": {
            "month": "2007-04",
            "price": "17.59",
            "revenue": 178998
        },
        "2007-05": {
            "month": "2007-05",
            "price": "16.80",
            "revenue": 198896
        },
        "2007-06": {
            "month": "2007-06",
            "price": "17.86",
            "revenue": 170559
        },
        "2007-07": {
            "month": "2007-07",
            "price": "21.05",
            "revenue": 125445
        },
        "2007-08": {
            "month": "2007-08",
            "price": "19.09",
            "revenue": 129959
        },
        "2007-09": {
            "month": "2007-09",
            "price": "18.42",
            "revenue": 139834
        },
        "2007-10": {
            "month": "2007-10",
            "price": "18.06",
            "revenue": 153279
        },
        "2007-11": {
            "month": "2007-11",
            "price": "17.73",
            "revenue": 133291
        },
        "2007-12": {
            "month": "2007-12",
            "price": "16.29",
            "revenue": 135562
        },
        "2008-01": {
            "month": "2008-01",
            "price": "15.54",
            "revenue": 103850
        },
        "2008-02": {
            "month": "2008-02",
            "price": "14.70",
            "revenue": 99212
        },
        "2008-03": {
            "month": "2008-03",
            "price": "14.90",
            "revenue": 146716
        },
        "2008-04": {
            "month": "2008-04",
            "price": "14.99",
            "revenue": 149992
        },
        "2008-05": {
            "month": "2008-05",
            "price": "14.59",
            "revenue": 139002
        },
        "2008-06": {
            "month": "2008-06",
            "price": "13.14",
            "revenue": 130416
        },
        "2008-07": {
            "month": "2008-07",
            "price": "10.90",
            "revenue": 144940
        },
        "2008-08": {
            "month": "2008-08",
            "price": "10.93",
            "revenue": 162345
        },
        "2008-09": {
            "month": "2008-09",
            "price": "10.13",
            "revenue": 171589
        },
        "2008-10": {
            "month": "2008-10",
            "price": "9.45",
            "revenue": 172083
        },
        "2008-11": {
            "month": "2008-11",
            "price": "9.30",
            "revenue": 145344
        },
        "2008-12": {
            "month": "2008-12",
            "price": "8.78",
            "revenue": 151211
        },
        "2009-01": {
            "month": "2009-01",
            "price": "8.26",
            "revenue": 115891
        },
        "2009-02": {
            "month": "2009-02",
            "price": "8.16",
            "revenue": 127391
        },
        "2009-03": {
            "month": "2009-03",
            "price": "9.55",
            "revenue": 152123
        },
        "2009-04": {
            "month": "2009-04",
            "price": "12.09",
            "revenue": 147248
        },
        "2009-05": {
            "month": "2009-05",
            "price": "12.96",
            "revenue": 127239
        },
        "2009-06": {
            "month": "2009-06",
            "price": "12.35",
            "revenue": 78824
        },
        "2009-07": {
            "month": "2009-07",
            "price": "12.14",
            "revenue": 79653
        },
        "2009-08": {
            "month": "2009-08",
            "price": "11.10",
            "revenue": 82138
        },
        "2009-09": {
            "month": "2009-09",
            "price": "11.03",
            "revenue": 109377
        },
        "2009-10": {
            "month": "2009-10",
            "price": "11.76",
            "revenue": 99708
        },
        "2009-11": {
            "month": "2009-11",
            "price": "11.51",
            "revenue": 97984
        },
        "2009-12": {
            "month": "2009-12",
            "price": "11.93",
            "revenue": 122033
        },
        "2010-01": {
            "month": "2010-01",
            "price": "13.39",
            "revenue": 176435
        },
        "2010-02": {
            "month": "2010-02",
            "price": "13.25",
            "revenue": 118308
        },
        "2010-03": {
            "month": "2010-03",
            "price": "13.25",
            "revenue": 160126
        },
        "2010-04": {
            "month": "2010-04",
            "price": "13.95",
            "revenue": 188930
        },
        "2010-05": {
            "month": "2010-05",
            "price": "13.19",
            "revenue": 200559
        },
        "2010-06": {
            "month": "2010-06",
            "price": "12.30",
            "revenue": 150093
        },
        "2010-07": {
            "month": "2010-07",
            "price": "12.58",
            "revenue": 121786
        },
        "2010-08": {
            "month": "2010-08",
            "price": "12.44",
            "revenue": 84960
        },
        "2010-09": {
            "month": "2010-09",
            "price": "11.00",
            "revenue": 110961
        },
        "2010-10": {
            "month": "2010-10",
            "price": "11.07",
            "revenue": 68586
        },
        "2010-11": {
            "month": "2010-11",
            "price": "9.37",
            "revenue": 91263
        },
        "2010-12": {
            "month": "2010-12",
            "price": "9.98",
            "revenue": 149377
        },
        "2011-01": {
            "month": "2011-01",
            "price": "10.22",
            "revenue": 190135
        },
        "2011-02": {
            "month": "2011-02",
            "price": "10.16",
            "revenue": 135989
        },
        "2011-03": {
            "month": "2011-03",
            "price": "10.16",
            "revenue": 217395
        },
        "2011-04": {
            "month": "2011-04",
            "price": "9.93",
            "revenue": 196167
        },
        "2011-05": {
            "month": "2011-05",
            "price": "10.15",
            "revenue": 181924
        },
        "2011-06": {
            "month": "2011-06",
            "price": "9.25",
            "revenue": 119508
        },
        "2011-07": {
            "month": "2011-07",
            "price": "8.28",
            "revenue": 96481
        },
        "2011-08": {
            "month": "2011-08",
            "price": "7.73",
            "revenue": 93860
        },
        "2011-09": {
            "month": "2011-09",
            "price": "7.28",
            "revenue": 96337
        },
        "2011-10": {
            "month": "2011-10",
            "price": "7.19",
            "revenue": 89267
        },
        "2011-11": {
            "month": "2011-11",
            "price": "6.92",
            "revenue": 156696
        },
        "2011-12": {
            "month": "2011-12",
            "price": "6.85",
            "revenue": 167518
        },
        "2012-01": {
            "month": "2012-01",
            "price": "7.08",
            "revenue": 174981
        },
        "2012-02": {
            "month": "2012-02",
            "price": "8.44",
            "revenue": 216430
        },
        "2012-03": {
            "month": "2012-03",
            "price": "8.91",
            "revenue": 299912
        },
        "2012-04": {
            "month": "2012-04",
            "price": "9.09",
            "revenue": 222726
        },
        "2012-05": {
            "month": "2012-05",
            "price": "9.48",
            "revenue": 195001
        },
        "2012-06": {
            "month": "2012-06",
            "price": "8.72",
            "revenue": 123169
        },
        "2012-07": {
            "month": "2012-07",
            "price": "8.50",
            "revenue": 103718
        },
        "2012-08": {
            "month": "2012-08",
            "price": "8.79",
            "revenue": 107599
        },
        "2012-09": {
            "month": "2012-09",
            "price": "7.01",
            "revenue": 103082
        },
        "2012-10": {
            "month": "2012-10",
            "price": "6.56",
            "revenue": 117317
        },
        "2012-11": {
            "month": "2012-11",
            "price": "6.50",
            "revenue": 193395
        },
        "2012-12": {
            "month": "2012-12",
            "price": "6.94",
            "revenue": 203940
        },
        "2013-01": {
            "month": "2013-01",
            "price": "6.85",
            "revenue": 192738
        },
        "2013-02": {
            "month": "2013-02",
            "price": "6.66",
            "revenue": 159726
        },
        "2013-03": {
            "month": "2013-03",
            "price": "6.45",
            "revenue": 139663
        },
        "2013-04": {
            "month": "2013-04",
            "price": "6.47",
            "revenue": 131852
        },
        "2013-05": {
            "month": "2013-05",
            "price": "6.44",
            "revenue": 151746
        },
        "2013-06": {
            "month": "2013-06",
            "price": "6.52",
            "revenue": 155667
        },
        "2013-07": {
            "month": "2013-07",
            "price": "6.55",
            "revenue": 157499
        },
        "2013-08": {
            "month": "2013-08",
            "price": "7.24",
            "revenue": 207685
        },
        "2013-09": {
            "month": "2013-09",
            "price": "7.68",
            "revenue": 144609
        },
        "2013-10": {
            "month": "2013-10",
            "price": "7.48",
            "revenue": 190983
        },
        "2013-11": {
            "month": "2013-11",
            "price": "8.43",
            "revenue": 241085
        },
        "2013-12": {
            "month": "2013-12",
            "price": "10.28",
            "revenue": 192412
        },
        "2014-01": {
            "month": "2014-01",
            "price": "16.42",
            "revenue": 154267
        },
        "2014-02": {
            "month": "2014-02",
            "price": "18.26",
            "revenue": 150116
        },
        "2014-03": {
            "month": "2014-03",
            "price": "17.49",
            "revenue": 230909
        },
        "2014-04": {
            "month": "2014-04",
            "price": "22.35",
            "revenue": 213459
        },
        "2014-05": {
            "month": "2014-05",
            "price": "29.94",
            "revenue": 232519
        },
        "2014-06": {
            "month": "2014-06",
            "price": "31.28",
            "revenue": 137150
        },
        "2014-07": {
            "month": "2014-07",
            "price": "26.82",
            "revenue": 85682
        },
        "2014-08": {
            "month": "2014-08",
            "price": "28.26",
            "revenue": 51139
        },
        "2014-09": {
            "month": "2014-09",
            "price": "32.54",
            "revenue": 86843
        },
        "2014-10": {
            "month": "2014-10",
            "price": "33.89",
            "revenue": 259477
        },
        "2014-11": {
            "month": "2014-11",
            "price": "35.20",
            "revenue": 298950
        },
        "2014-12": {
            "month": "2014-12",
            "price": "37.48",
            "revenue": 264782
        },
        "2015-01": {
            "month": "2015-01",
            "price": "37.74",
            "revenue": 212352
        },
        "2015-02": {
            "month": "2015-02",
            "price": "37.80",
            "revenue": 191618
        },
        "2015-03": {
            "month": "2015-03",
            "price": "42.02",
            "revenue": 275975
        },
        "2015-04": {
            "month": "2015-04",
            "price": "51.69",
            "revenue": 149968
        },
        "2015-05": {
            "month": "2015-05",
            "price": "44.46",
            "revenue": 102928
        },
        "2015-06": {
            "month": "2015-06",
            "price": "46.13",
            "revenue": 60684
        },
        "2015-07": {
            "month": "2015-07",
            "price": "48.60",
            "revenue": 48028
        },
        "2015-08": {
            "month": "2015-08",
            "price": "44.38",
            "revenue": 126010
        },
        "2015-09": {
            "month": "2015-09",
            "price": "48.65",
            "revenue": 199498
        },
        "2015-10": {
            "month": "2015-10",
            "price": "45.85",
            "revenue": 173456
        },
        "2015-11": {
            "month": "2015-11",
            "price": "41.26",
            "revenue": 266680
        },
        "2015-12": {
            "month": "2015-12",
            "price": "40.25",
            "revenue": 227705
        },
        "2016-01": {
            "month": "2016-01",
            "price": "36.88",
            "revenue": 236536
        },
        "2016-02": {
            "month": "2016-02",
            "price": "39.02",
            "revenue": 188769
        },
        "2016-03": {
            "month": "2016-03",
            "price": "39.16",
            "revenue": 193612
        },
        "2016-04": {
            "month": "2016-04",
            "price": "35.72",
            "revenue": 140727
        },
        "2016-05": {
            "month": "2016-05",
            "price": "31.80",
            "revenue": 122661
        },
        "2016-06": {
            "month": "2016-06",
            "price": "32.70",
            "revenue": 94708
        },
        "2016-07": {
            "month": "2016-07",
            "price": "34.94",
            "revenue": 70229
        },
        "2016-08": {
            "month": "2016-08",
            "price": "33.36",
            "revenue": 116668
        },
        "2016-09": {
            "month": "2016-09",
            "price": "33.08",
            "revenue": 133439
        },
        "2016-10": {
            "month": "2016-10",
            "price": "27.99",
            "revenue": 211825
        },
        "2016-11": {
            "month": "2016-11",
            "price": "24.82",
            "revenue": 226854
        },
        "2016-12": {
            "month": "2016-12",
            "price": "24.42",
            "revenue": 237536
        },
        "2017-01": {
            "month": "2017-01",
            "price": "25.70",
            "revenue": 183998
        },
        "2017-02": {
            "month": "2017-02",
            "price": "24.75",
            "revenue": 181059
        },
        "2017-03": {
            "month": "2017-03",
            "price": "21.92",
            "revenue": 189702
        },
        "2017-04": {
            "month": "2017-04",
            "price": "19.96",
            "revenue": 131540
        },
        "2017-05": {
            "month": "2017-05",
            "price": "20.31",
            "revenue": 125329
        },
        "2017-06": {
            "month": "2017-06",
            "price": "21.07",
            "revenue": 153391
        },
        "2017-07": {
            "month": "2017-07",
            "price": "23.59",
            "revenue": 117737
        },
        "2017-08": {
            "month": "2017-08",
            "price": "23.14",
            "revenue": 149330
        },
        "2017-09": {
            "month": "2017-09",
            "price": "25.30",
            "revenue": 153667
        },
        "2017-10": {
            "month": "2017-10",
            "price": "26.73",
            "revenue": 180893
        },
        "2017-11": {
            "month": "2017-11",
            "price": "24.67",
            "revenue": 188707
        },
        "2017-12": {
            "month": "2017-12",
            "price": "22.99",
            "revenue": 188491
        },
        "2018-01": {
            "month": "2018-01",
            "price": "23.49",
            "revenue": 255642
        },
        "2018-02": {
            "month": "2018-02",
            "price": "22.87",
            "revenue": 143859
        },
        "2018-03": {
            "month": "2018-03",
            "price": "24.06",
            "revenue": 207374
        },
        "2018-04": {
            "month": "2018-04",
            "price": "25.34",
            "revenue": 163965
        },
        "2018-05": {
            "month": "2018-05",
            "price": "27.19",
            "revenue": 156038
        },
        "2018-06": {
            "month": "2018-06",
            "price": "26.47",
            "revenue": 117207
        },
        "2018-07": {
            "month": "2018-07",
            "price": "24.92",
            "revenue": 60403
        },
        "2018-08": {
            "month": "2018-08",
            "price": "26.07",
            "revenue": 68272
        },
        "2018-09": {
            "month": "2018-09",
            "price": "25.02",
            "revenue": 53660
        },
        "2018-10": {
            "month": "2018-10",
            "price": "23.18",
            "revenue": 128398
        },
        "2018-11": {
            "month": "2018-11",
            "price": "21.23",
            "revenue": 167728
        },
        "2018-12": {
            "month": "2018-12",
            "price": "21.23",
            "revenue": 348785
        },
        "2019-01": {
            "month": "2019-01",
            "price": "23.81",
            "revenue": 328639
        },
        "2019-02": {
            "month": "2019-02",
            "price": "24.51",
            "revenue": 154177
        },
        "2019-03": {
            "month": "2019-03",
            "price": "24.96",
            "revenue": 264958
        },
        "2019-04": {
            "month": "2019-04",
            "price": "27.16",
            "revenue": 202737
        },
        "2019-05": {
            "month": "2019-05",
            "price": "31.78",
            "revenue": 167283
        },
        "2019-06": {
            "month": "2019-06",
            "price": "31.03",
            "revenue": 147483
        },
        "2019-07": {
            "month": "2019-07",
            "price": "33.54",
            "revenue": 99277
        },
        "2019-08": {
            "month": "2019-08",
            "price": "33.40",
            "revenue": 97557
        },
        "2019-09": {
            "month": "2019-09",
            "price": "39.69",
            "revenue": 125281
        },
        "2019-10": {
            "month": "2019-10",
            "price": "39.48",
            "revenue": 221569
        },
        "2019-11": {
            "month": "2019-11",
            "price": "38.63",
            "revenue": 353399
        },
        "2019-12": {
            "month": "2019-12",
            "price": "38.54",
            "revenue": 252965
        },
        "2020-01": {
            "month": "2020-01",
            "price": "34.63",
            "revenue": 209422
        },
        "2020-02": {
            "month": "2020-02",
            "price": "34.93",
            "revenue": 147141
        },
        "2020-03": {
            "month": "2020-03",
            "price": "26.35",
            "revenue": 256075
        },
        "2020-04": {
            "month": "2020-04",
            "price": "25.28",
            "revenue": 117391
        },
        "2020-05": {
            "month": "2020-05",
            "price": "27.06",
            "revenue": 141556
        },
        "2020-06": {
            "month": "2020-06",
            "price": "29.12",
            "revenue": 127611
        },
        "2020-07": {
            "month": "2020-07",
            "price": "28.95",
            "revenue": 98897
        },
        "2020-08": {
            "month": "2020-08",
            "price": "28.00",
            "revenue": 144844
        },
        "2020-09": {
            "month": "2020-09",
            "price": "29.85",
            "revenue": 147171
        },
        "2020-10": {
            "month": "2020-10",
            "price": "29.34",
            "revenue": 198671
        },
        "2020-11": {
            "month": "2020-11",
            "price": "29.03",
            "revenue": 259411
        },
        "2020-12": {
            "month": "2020-12",
            "price": "28.54",
            "revenue": 385168
        },
        "2021-01": {
            "month": "2021-01",
            "price": "28.62",
            "revenue": 255759
        },
        "2021-02": {
            "month": "2021-02",
            "price": "29.48",
            "revenue": 181202
        },
        "2021-03": {
            "month": "2021-03",
            "price": "33.13",
            "revenue": 279802
        },
        "2021-04": {
            "month": "2021-04",
            "price": "36.04",
            "revenue": 253560
        },
        "2021-05": {
            "month": "2021-05",
            "price": "33.48",
            "revenue": 255112
        },
        "2021-06": {
            "month": "2021-06",
            "price": "36.22",
            "revenue": 182520
        },
        "2021-07": {
            "month": "2021-07",
            "price": "35.60",
            "revenue": 248878
        },
        "2021-08": {
            "month": "2021-08",
            "price": "35.08",
            "revenue": 171503
        },
        "2021-09": {
            "month": "2021-09",
            "price": "32.68",
            "revenue": 277187
        },
        "2021-10": {
            "month": "2021-10",
            "price": "33.54",
            "revenue": 315158
        },
        "2021-11": {
            "month": "2021-11",
            "price": "34.79",
            "revenue": 342961
        },
        "2021-12": {
            "month": "2021-12",
            "price": "34.70",
            "revenue": 325232
        },
        "2022-01": {
            "month": "2022-01",
            "price": "35.06",
            "revenue": 280102
        },
        "2022-02": {
            "month": "2022-02",
            "price": "36.08",
            "revenue": 282893
        },
        "2022-03": {
            "month": "2022-03",
            "price": "36.90",
            "revenue": 294869
        },
        "2022-04": {
            "month": "2022-04",
            "price": "37.48",
            "revenue": 371138
        },
        "2022-05": {
            "month": "2022-05",
            "price": "46.64",
            "revenue": 244418
        },
        "2022-06": {
            "month": "2022-06",
            "price": "45.56",
            "revenue": 256624
        },
        "2022-07": {
            "month": "2022-07",
            "price": "43.68",
            "revenue": 172984
        },
        "2022-08": {
            "month": "2022-08",
            "price": "41.23",
            "revenue": 138212
        },
        "2022-09": {
            "month": "2022-09",
            "price": "39.49",
            "revenue": 210542
        },
        "2022-10": {
            "month": "2022-10",
            "price": "33.78",
            "revenue": 276763
        },
        "2022-11": {
            "month": "2022-11",
            "price": "36.00",
            "revenue": 413493
        },
        "2022-12": {
            "month": "2022-12",
            "price": "39.07",
            "revenue": 453692
        },
        "2023-01": {
            "month": "2023-01",
            "price": "40.95",
            "revenue": 326929
        },
        "2023-02": {
            "month": "2023-02",
            "price": "42.11",
            "revenue": 273002
        },
        "2023-03": {
            "month": "2023-03",
            "price": "40.25",
            "revenue": 273364
        },
        "2023-04": {
            "month": "2023-04",
            "price": "38.18",
            "revenue": 159995
        },
        "2023-05": {
            "month": "2023-05",
            "price": "36.71",
            "revenue": 154144
        },
        "2023-06": {
            "month": "2023-06",
            "price": "37.22",
            "revenue": 110502
        },
        "2023-07": {
            "month": "2023-07",
            "price": "37.15",
            "revenue": 119908
        },
        "2023-08": {
            "month": "2023-08",
            "price": "34.01",
            "revenue": 104036
        },
        "2023-09": {
            "month": "2023-09",
            "price": "34.18",
            "revenue": 136489
        },
        "2023-10": {
            "month": "2023-10",
            "price": "33.59",
            "revenue": 197012
        },
        "2023-11": {
            "month": "2023-11",
            "price": "32.05",
            "revenue": 373461
        },
        "2023-12": {
            "month": "2023-12",
            "price": "31.89",
            "revenue": 367865
        }
    }
}
