{
    "summary": {
        "stock_name": "富堡",
        "stock_id": "8929",
        "category": "其他",
        "main_business": "成人紙尿褲等醫療保健用品之製造及買賣",
        "website_url": "http://www.fuburg.com",
        "ceo": "林煥強",
        "pe_ratio": -18,
        "report_year_from": 2001,
        "report_year_to": 2023,
        "age": 23,
        "eps_negative_percentage": 39,
        "eps_growth_avg": {
            "last_all": 1.96,
            "last_2y": -100,
            "last_4y": -22.9,
            "last_8y": -9.02,
            "last_12y": -11.45,
            "last_16y": 1.96,
            "last_20y": 1.96,
            "at_2006_last_3y": null,
            "at_2007_last_3y": null,
            "at_2008_last_3y": 100,
            "at_2009_last_3y": 100,
            "at_2010_last_3y": 51.14,
            "at_2011_last_3y": 36.2,
            "at_2012_last_3y": 14.17,
            "at_2013_last_3y": -15.83,
            "at_2014_last_3y": -15.71,
            "at_2015_last_3y": -14.64,
            "at_2016_last_3y": 7.39,
            "at_2017_last_3y": 8.93,
            "at_2018_last_3y": 1.4,
            "at_2019_last_3y": -13.73,
            "at_2020_last_3y": -14.69,
            "at_2021_last_3y": -36.23,
            "at_2022_last_3y": -22.9,
            "at_2023_last_3y": -1.92,
            "at_2024_last_3y": -1.92,
            "at_2006_last_all": null,
            "at_2007_last_all": null,
            "at_2008_last_all": 100,
            "at_2009_last_all": 100,
            "at_2010_last_all": 51.14,
            "at_2011_last_all": 36.2,
            "at_2012_last_all": 31.33,
            "at_2013_last_all": 22.78,
            "at_2014_last_all": 12.94,
            "at_2015_last_all": 10.78,
            "at_2016_last_all": 20.69,
            "at_2017_last_all": 17.24,
            "at_2018_last_all": 8.74,
            "at_2019_last_all": 2.61,
            "at_2020_last_all": 9.81,
            "at_2021_last_all": 1.96,
            "at_2022_last_all": 1.96,
            "at_2023_last_all": 1.96,
            "at_2024_last_all": 1.96
        },
        "latest_eps": -1.15,
        "latest_price": 20.2,
        "latest_roe": -7.94,
        "latest_gross_margin": 19.84,
        "latest_equity": 817251,
        "latest_revenue": 160358,
        "latest_gross_profit": 31815,
        "latest_net_income": -15239,
        "latest_debt_ratio": 34.56,
        "latest_current_ratio": 260.23,
        "latest_account_receivable_turnover_ratio": 1.47,
        "latest_inventory_turnover_ratio": 1.41,
        "latest_reinvestment_rate": null,
        "latest_research_to_sale_ratio": 0.23
    },
    "eps_dividends": {
        "1999": {
            "cash": 0,
            "stock": 1.2,
            "eps": 0
        },
        "2000": {
            "cash": 1,
            "stock": 0.5,
            "eps": 0
        },
        "2001": {
            "cash": 0,
            "stock": 0,
            "eps": -1.53
        },
        "2002": {
            "cash": 0,
            "stock": 0,
            "eps": -1.73
        },
        "2003": {
            "cash": 0,
            "stock": 0,
            "eps": -1.92
        },
        "2004": {
            "cash": 0,
            "stock": 0,
            "eps": -1.34
        },
        "2005": {
            "cash": 0,
            "stock": 0,
            "eps": -2.2
        },
        "2006": {
            "cash": 0,
            "stock": 0,
            "eps": -0.63
        },
        "2007": {
            "cash": 0,
            "stock": 0,
            "eps": 0.41
        },
        "2008": {
            "cash": 0,
            "stock": 0,
            "eps": 2.35
        },
        "2009": {
            "cash": 0,
            "stock": 0,
            "eps": 5.86
        },
        "2010": {
            "cash": 1.98,
            "stock": 0,
            "eps": 3.13
        },
        "2011": {
            "cash": 1.6,
            "stock": 0.2,
            "eps": 2.86
        },
        "2012": {
            "cash": 1.8,
            "stock": 0,
            "eps": 3.2
        },
        "2013": {
            "cash": 1.9,
            "stock": 0.3,
            "eps": 2.56
        },
        "2014": {
            "cash": 2,
            "stock": 0,
            "eps": 1.38
        },
        "2015": {
            "cash": 1.2,
            "stock": 0,
            "eps": 1.32
        },
        "2016": {
            "cash": 0.7,
            "stock": 0.5,
            "eps": 3.61
        },
        "2017": {
            "cash": 1.5,
            "stock": 1.6,
            "eps": 3.11
        },
        "2018": {
            "cash": 1.5,
            "stock": 1.5,
            "eps": 0.74
        },
        "2019": {
            "cash": 0.7,
            "stock": 0.3,
            "eps": 0.26
        },
        "2020": {
            "cash": 0.5,
            "stock": 0,
            "eps": 0.51
        },
        "2021": {
            "cash": 0.5,
            "stock": 0,
            "eps": -1.32
        },
        "2022": {
            "cash": 0,
            "stock": 0,
            "eps": -1.28
        },
        "2023": {
            "cash": 0,
            "stock": 0,
            "eps": -0.82
        }
    },
    "dividends": {
        "1999-06-07": {
            "cash": 0,
            "stock": 1.2
        },
        "2000-04-25": {
            "cash": 1,
            "stock": 0.5
        },
        "2010-03-29": {
            "cash": 1.98,
            "stock": 0
        },
        "2011-03-21": {
            "cash": 1.6,
            "stock": 0.2
        },
        "2012-06-19": {
            "cash": 1.8,
            "stock": 0
        },
        "2013-06-21": {
            "cash": 1.9,
            "stock": 0.3
        },
        "2014-08-18": {
            "cash": 2,
            "stock": 0
        },
        "2015-08-05": {
            "cash": 1.2,
            "stock": 0
        },
        "2016-03-23": {
            "cash": 0.7,
            "stock": 0.5
        },
        "2017-03-30": {
            "cash": 1.5,
            "stock": 1.6
        },
        "2018-03-23": {
            "cash": 1.5,
            "stock": 1.5
        },
        "2019-09-04": {
            "cash": 0.7,
            "stock": 0.3
        },
        "2020-08-28": {
            "cash": 0.5,
            "stock": 0
        },
        "2021-08-03": {
            "cash": 0.5,
            "stock": 0
        }
    },
    "prices": {
        "200101": "9.09",
        "200102": "10.12",
        "200103": "9.77",
        "200104": "8.17",
        "200105": "6.30",
        "200106": "7.11",
        "200107": "7.74",
        "200108": "9.10",
        "200109": "8.11",
        "200110": "6.84",
        "200111": "6.98",
        "200112": "5.62",
        "200201": "5.12",
        "200202": "4.11",
        "200203": "4.64",
        "200204": "6.54",
        "200205": "6.77",
        "200206": "5.18",
        "200207": "4.88",
        "200208": "4.36",
        "200209": "4.20",
        "200210": "3.62",
        "200211": "4.98",
        "200212": "4.16",
        "200301": "4.16",
        "200302": "4.50",
        "200303": "4.39",
        "200304": "4.43",
        "200305": "4.08",
        "200306": "4.20",
        "200307": "3.93",
        "200308": "3.68",
        "200309": "3.72",
        "200310": "3.74",
        "200311": "3.57",
        "200312": "3.53",
        "200401": "3.43",
        "200402": "4.38",
        "200403": "4.06",
        "200404": "4.48",
        "200405": "4.68",
        "200406": "4.47",
        "200407": "4.24",
        "200408": "4.16",
        "200409": "3.34",
        "200410": "3.14",
        "200411": "2.83",
        "200412": "2.57",
        "200501": "2.66",
        "200502": "2.47",
        "200503": "2.64",
        "200504": "2.40",
        "200505": "2.18",
        "200506": "1.32",
        "200507": "1.24",
        "200508": "0.83",
        "200509": "1.24",
        "200510": "1.32",
        "200511": "1.30",
        "200512": "1.61",
        "200601": "2.60",
        "200602": "3.09",
        "200603": "2.17",
        "200604": "1.98",
        "200605": "無",
        "200606": "1.80",
        "200607": "1.57",
        "200608": "2.59",
        "200609": "4.10",
        "200610": "3.90",
        "200611": "5.64",
        "200612": "7.58",
        "200701": "7.32",
        "200702": "7.34",
        "200703": "7.35",
        "200704": "8.43",
        "200705": "9.76",
        "200706": "9.22",
        "200707": "9.98",
        "200708": "9.41",
        "200709": "9.21",
        "200710": "10.00",
        "200711": "9.73",
        "200712": "9.75",
        "200801": "9.43",
        "200802": "10.14",
        "200803": "10.05",
        "200804": "9.36",
        "200805": "11.84",
        "200806": "13.13",
        "200807": "12.16",
        "200808": "11.76",
        "200809": "11.68",
        "200810": "11.30",
        "200811": "12.05",
        "200812": "11.19",
        "200901": "11.97",
        "200902": "11.65",
        "200903": "11.45",
        "200904": "13.45",
        "200905": "17.98",
        "200906": "16.78",
        "200907": "18.05",
        "200908": "24.79",
        "200909": "39.50",
        "200910": "37.98",
        "200911": "38.26",
        "200912": "39.03",
        "201001": "41.81",
        "201002": "41.80",
        "201003": "50.10",
        "201004": "50.50",
        "201005": "40.86",
        "201006": "38.98",
        "201007": "38.63",
        "201008": "47.57",
        "201009": "42.48",
        "201010": "41.23",
        "201011": "41.18",
        "201012": "47.50",
        "201101": "46.61",
        "201102": "42.44",
        "201103": "41.97",
        "201104": "41.88",
        "201105": "40.06",
        "201106": "35.21",
        "201107": "30.71",
        "201108": "28.70",
        "201109": "26.74",
        "201110": "23.69",
        "201111": "25.05",
        "201112": "22.56",
        "201201": "22.51",
        "201202": "26.54",
        "201203": "26.53",
        "201204": "25.38",
        "201205": "28.53",
        "201206": "28.55",
        "201207": "31.01",
        "201208": "30.68",
        "201209": "32.55",
        "201210": "30.79",
        "201211": "29.04",
        "201212": "29.54",
        "201301": "30.85",
        "201302": "31.11",
        "201303": "32.11",
        "201304": "31.81",
        "201305": "31.84",
        "201306": "32.14",
        "201307": "38.30",
        "201308": "37.52",
        "201309": "37.56",
        "201310": "40.61",
        "201311": "40.04",
        "201312": "39.55",
        "201401": "42.04",
        "201402": "43.87",
        "201403": "54.64",
        "201404": "58.08",
        "201405": "48.18",
        "201406": "45.55",
        "201407": "44.39",
        "201408": "35.70",
        "201409": "34.06",
        "201410": "31.39",
        "201411": "28.29",
        "201412": "28.84",
        "201501": "30.33",
        "201502": "29.83",
        "201503": "29.22",
        "201504": "29.73",
        "201505": "28.30",
        "201506": "28.04",
        "201507": "26.52",
        "201508": "22.79",
        "201509": "21.02",
        "201510": "23.56",
        "201511": "23.67",
        "201512": "22.62",
        "201601": "21.88",
        "201602": "22.54",
        "201603": "22.92",
        "201604": "22.86",
        "201605": "23.32",
        "201606": "24.76",
        "201607": "24.09",
        "201608": "23.14",
        "201609": "22.74",
        "201610": "23.64",
        "201611": "27.74",
        "201612": "28.75",
        "201701": "28.90",
        "201702": "31.89",
        "201703": "37.67",
        "201704": "40.13",
        "201705": "50.72",
        "201706": "57.54",
        "201707": "62.69",
        "201708": "53.53",
        "201709": "43.50",
        "201710": "44.88",
        "201711": "44.75",
        "201712": "43.63",
        "201801": "42.46",
        "201802": "40.01",
        "201803": "44.67",
        "201804": "43.44",
        "201805": "43.19",
        "201806": "41.40",
        "201807": "39.85",
        "201808": "32.02",
        "201809": "30.10",
        "201810": "26.50",
        "201811": "25.45",
        "201812": "25.38",
        "201901": "25.15",
        "201902": "27.31",
        "201903": "27.88",
        "201904": "27.96",
        "201905": "27.58",
        "201906": "27.21",
        "201907": "27.76",
        "201908": "25.47",
        "201909": "24.90",
        "201910": "24.78",
        "201911": "24.59",
        "201912": "23.84",
        "202001": "24.01",
        "202002": "24.99",
        "202003": "20.14",
        "202004": "21.16",
        "202005": "29.70",
        "202006": "27.70",
        "202007": "25.28",
        "202008": "24.95",
        "202009": "24.99",
        "202010": "23.05",
        "202011": "22.02",
        "202012": "21.77",
        "202101": "20.94",
        "202102": "20.53",
        "202103": "21.28",
        "202104": "22.18",
        "202105": "21.15",
        "202106": "23.07",
        "202107": "22.00",
        "202108": "21.06",
        "202109": "20.85",
        "202110": "21.07",
        "202111": "21.26",
        "202112": "21.38",
        "202201": "21.49",
        "202202": "21.34",
        "202203": "20.84",
        "202204": "20.80",
        "202205": "20.39",
        "202206": "20.40",
        "202207": "19.66",
        "202208": "20.02",
        "202209": "20.36",
        "202210": "19.82",
        "202211": "20.18",
        "202212": "20.84",
        "202301": "20.35",
        "202302": "20.88",
        "202303": "21.53",
        "202304": "21.54",
        "202305": "21.79",
        "202306": "21.76",
        "202307": "21.13",
        "202308": "20.50",
        "202309": "20.51",
        "202310": "20.20",
        "202311": "20.20",
        "202312": "20.25"
    },
    "quarters": {
        "20011": {
            "year_quarter": 20011,
            "year": 2001,
            "quarter": 1,
            "eps": -0.35,
            "eps_growth_year": -266.67,
            "eps_4q": -0.98,
            "eps_4q_growth_year": null,
            "roe": -3.09,
            "roe_4q": -3.09,
            "gross_profit": 31685,
            "gross_margin": 22.37,
            "gross_margin_4q_avg": 22.37,
            "net_income": -12422,
            "net_income_4q": null,
            "revenue": 141624,
            "revenue_4q": null,
            "common_shares": 350448,
            "book_valuer_per_share": 11.28,
            "book_valuer_per_share_4q_avg": 11.28,
            "equity": 395288,
            "current_ratio": 108.47,
            "debt_ratio": 48.14,
            "inventory_turnover_ratio": 1.34,
            "account_receivable_turnover_ratio": null,
            "reinvestment_rate": null,
            "research_to_sale_ratio": null,
            "price_fair": 0,
            "eps_avg_yearly": 0,
            "eps_latest_yearly": 0,
            "eps_growth_yearly": 0
        },
        "20012": {
            "year_quarter": 20012,
            "year": 2001,
            "quarter": 2,
            "eps": -0.41,
            "eps_growth_year": null,
            "eps_4q": -1.36,
            "eps_4q_growth_year": null,
            "roe": -3.69,
            "roe_4q": -6.779999999999999,
            "gross_profit": 26893,
            "gross_margin": 20,
            "gross_margin_4q_avg": 21.19,
            "net_income": -14347,
            "net_income_4q": null,
            "revenue": 134447,
            "revenue_4q": null,
            "common_shares": 350448,
            "book_valuer_per_share": 10.93,
            "book_valuer_per_share_4q_avg": 11.11,
            "equity": 383150,
            "current_ratio": 105.84,
            "debt_ratio": 49.35,
            "inventory_turnover_ratio": 1.44,
            "account_receivable_turnover_ratio": null,
            "reinvestment_rate": null,
            "research_to_sale_ratio": null,
            "price_fair": 0,
            "eps_avg_yearly": 0,
            "eps_latest_yearly": 0,
            "eps_growth_yearly": 0
        },
        "20013": {
            "year_quarter": 20013,
            "year": 2001,
            "quarter": 3,
            "eps": -0.51,
            "eps_growth_year": null,
            "eps_4q": -1.26,
            "eps_4q_growth_year": null,
            "roe": -4.78,
            "roe_4q": -11.56,
            "gross_profit": 27685,
            "gross_margin": 22.21,
            "gross_margin_4q_avg": 21.53,
            "net_income": -17929,
            "net_income_4q": null,
            "revenue": 124645,
            "revenue_4q": null,
            "common_shares": 350448,
            "book_valuer_per_share": 10.47,
            "book_valuer_per_share_4q_avg": 10.89,
            "equity": 366793,
            "current_ratio": 108.74,
            "debt_ratio": 50.93,
            "inventory_turnover_ratio": 1.28,
            "account_receivable_turnover_ratio": null,
            "reinvestment_rate": null,
            "research_to_sale_ratio": null,
            "price_fair": 0,
            "eps_avg_yearly": 0,
            "eps_latest_yearly": 0,
            "eps_growth_yearly": 0
        },
        "20014": {
            "year_quarter": 20014,
            "year": 2001,
            "quarter": 4,
            "eps": -0.26,
            "eps_growth_year": -2700,
            "eps_4q": -1.55,
            "eps_4q_growth_year": null,
            "roe": -2.51,
            "roe_4q": -14.07,
            "gross_profit": 28838,
            "gross_margin": 18.63,
            "gross_margin_4q_avg": 20.8,
            "net_income": -9272,
            "net_income_4q": null,
            "revenue": 154811,
            "revenue_4q": null,
            "common_shares": 350448,
            "book_valuer_per_share": 10.23,
            "book_valuer_per_share_4q_avg": 10.73,
            "equity": 371202,
            "current_ratio": 64.92,
            "debt_ratio": 57.24,
            "inventory_turnover_ratio": 1.86,
            "account_receivable_turnover_ratio": null,
            "reinvestment_rate": null,
            "research_to_sale_ratio": null,
            "price_fair": 0,
            "eps_avg_yearly": 0,
            "eps_latest_yearly": 0,
            "eps_growth_yearly": 0
        },
        "20021": {
            "year_quarter": 20021,
            "year": 2002,
            "quarter": 1,
            "eps": -0.21,
            "eps_growth_year": null,
            "eps_4q": -1.39,
            "eps_4q_growth_year": null,
            "roe": -2.04,
            "roe_4q": -13.02,
            "gross_profit": 35723,
            "gross_margin": 26.92,
            "gross_margin_4q_avg": 21.94,
            "net_income": -7363,
            "net_income_4q": null,
            "revenue": 132678,
            "revenue_4q": null,
            "common_shares": 350448,
            "book_valuer_per_share": 10.04,
            "book_valuer_per_share_4q_avg": 10.42,
            "equity": 351761,
            "current_ratio": 110.71,
            "debt_ratio": 55.7,
            "inventory_turnover_ratio": 1.52,
            "account_receivable_turnover_ratio": null,
            "reinvestment_rate": null,
            "research_to_sale_ratio": null,
            "price_fair": 0,
            "eps_avg_yearly": 0,
            "eps_latest_yearly": 0,
            "eps_growth_yearly": 0
        },
        "20022": {
            "year_quarter": 20022,
            "year": 2002,
            "quarter": 2,
            "eps": -0.4,
            "eps_growth_year": null,
            "eps_4q": -1.39,
            "eps_4q_growth_year": null,
            "roe": -4.11,
            "roe_4q": -13.440000000000001,
            "gross_profit": 26597,
            "gross_margin": 19.67,
            "gross_margin_4q_avg": 21.86,
            "net_income": -14135,
            "net_income_4q": null,
            "revenue": 135186,
            "revenue_4q": null,
            "common_shares": 350448,
            "book_valuer_per_share": 9.61,
            "book_valuer_per_share_4q_avg": 10.09,
            "equity": 336749,
            "current_ratio": 109.68,
            "debt_ratio": 57.39,
            "inventory_turnover_ratio": 1.54,
            "account_receivable_turnover_ratio": null,
            "reinvestment_rate": null,
            "research_to_sale_ratio": null,
            "price_fair": 0,
            "eps_avg_yearly": 0,
            "eps_latest_yearly": 0,
            "eps_growth_yearly": 0
        },
        "20023": {
            "year_quarter": 20023,
            "year": 2002,
            "quarter": 3,
            "eps": -0.61,
            "eps_growth_year": null,
            "eps_4q": -1.48,
            "eps_4q_growth_year": null,
            "roe": -6.5,
            "roe_4q": -15.159999999999998,
            "gross_profit": 23721,
            "gross_margin": 17.92,
            "gross_margin_4q_avg": 20.79,
            "net_income": -21215,
            "net_income_4q": null,
            "revenue": 132346,
            "revenue_4q": null,
            "common_shares": 350448,
            "book_valuer_per_share": 9.01,
            "book_valuer_per_share_4q_avg": 9.72,
            "equity": 315794,
            "current_ratio": 97.03,
            "debt_ratio": 59.87,
            "inventory_turnover_ratio": 1.48,
            "account_receivable_turnover_ratio": null,
            "reinvestment_rate": null,
            "research_to_sale_ratio": null,
            "price_fair": 0,
            "eps_avg_yearly": 0,
            "eps_latest_yearly": 0,
            "eps_growth_yearly": 0
        },
        "20024": {
            "year_quarter": 20024,
            "year": 2002,
            "quarter": 4,
            "eps": -0.51,
            "eps_growth_year": null,
            "eps_4q": -1.72,
            "eps_4q_growth_year": null,
            "roe": -5.68,
            "roe_4q": -18.33,
            "gross_profit": 32677,
            "gross_margin": 23.78,
            "gross_margin_4q_avg": 22.07,
            "net_income": -17996,
            "net_income_4q": null,
            "revenue": 137424,
            "revenue_4q": null,
            "common_shares": 350448,
            "book_valuer_per_share": 8.5,
            "book_valuer_per_share_4q_avg": 9.29,
            "equity": 317657,
            "current_ratio": 62.86,
            "debt_ratio": 63.08,
            "inventory_turnover_ratio": 1.28,
            "account_receivable_turnover_ratio": null,
            "reinvestment_rate": null,
            "research_to_sale_ratio": null,
            "price_fair": 0,
            "eps_avg_yearly": 0,
            "eps_latest_yearly": 0,
            "eps_growth_yearly": 0
        },
        "20031": {
            "year_quarter": 20031,
            "year": 2003,
            "quarter": 1,
            "eps": -0.49,
            "eps_growth_year": null,
            "eps_4q": -2,
            "eps_4q_growth_year": null,
            "roe": -5.77,
            "roe_4q": -22.06,
            "gross_profit": 29145,
            "gross_margin": 22.41,
            "gross_margin_4q_avg": 20.95,
            "net_income": -17273,
            "net_income_4q": null,
            "revenue": 130028,
            "revenue_4q": null,
            "common_shares": 350448,
            "book_valuer_per_share": 8.03,
            "book_valuer_per_share_4q_avg": 8.79,
            "equity": 281314,
            "current_ratio": 88.67,
            "debt_ratio": 61.36,
            "inventory_turnover_ratio": 1.17,
            "account_receivable_turnover_ratio": null,
            "reinvestment_rate": null,
            "research_to_sale_ratio": null,
            "price_fair": 0,
            "eps_avg_yearly": 0,
            "eps_latest_yearly": 0,
            "eps_growth_yearly": 0
        },
        "20032": {
            "year_quarter": 20032,
            "year": 2003,
            "quarter": 2,
            "eps": -0.47,
            "eps_growth_year": null,
            "eps_4q": -2.08,
            "eps_4q_growth_year": null,
            "roe": -6.05,
            "roe_4q": -24,
            "gross_profit": 23643,
            "gross_margin": 18.25,
            "gross_margin_4q_avg": 20.59,
            "net_income": -16573,
            "net_income_4q": null,
            "revenue": 129570,
            "revenue_4q": null,
            "common_shares": 350448,
            "book_valuer_per_share": 7.59,
            "book_valuer_per_share_4q_avg": 8.28,
            "equity": 266164,
            "current_ratio": 86.67,
            "debt_ratio": 62.45,
            "inventory_turnover_ratio": 1.31,
            "account_receivable_turnover_ratio": null,
            "reinvestment_rate": null,
            "research_to_sale_ratio": null,
            "price_fair": 0,
            "eps_avg_yearly": 0,
            "eps_latest_yearly": 0,
            "eps_growth_yearly": 0
        },
        "20033": {
            "year_quarter": 20033,
            "year": 2003,
            "quarter": 3,
            "eps": -0.53,
            "eps_growth_year": null,
            "eps_4q": -2.01,
            "eps_4q_growth_year": null,
            "roe": -7.17,
            "roe_4q": -24.669999999999998,
            "gross_profit": 25455,
            "gross_margin": 18.77,
            "gross_margin_4q_avg": 20.8,
            "net_income": -18475,
            "net_income_4q": null,
            "revenue": 135645,
            "revenue_4q": null,
            "common_shares": 350448,
            "book_valuer_per_share": 7.1,
            "book_valuer_per_share_4q_avg": 7.81,
            "equity": 248958,
            "current_ratio": 83.54,
            "debt_ratio": 62.63,
            "inventory_turnover_ratio": 1.34,
            "account_receivable_turnover_ratio": null,
            "reinvestment_rate": null,
            "research_to_sale_ratio": null,
            "price_fair": 0,
            "eps_avg_yearly": 0,
            "eps_latest_yearly": 0,
            "eps_growth_yearly": 0
        },
        "20034": {
            "year_quarter": 20034,
            "year": 2003,
            "quarter": 4,
            "eps": -0.43,
            "eps_growth_year": null,
            "eps_4q": -1.88,
            "eps_4q_growth_year": null,
            "roe": -5.99,
            "roe_4q": -24.98,
            "gross_profit": 30386,
            "gross_margin": 20.17,
            "gross_margin_4q_avg": 19.9,
            "net_income": -15085,
            "net_income_4q": null,
            "revenue": 150651,
            "revenue_4q": null,
            "common_shares": 350448,
            "book_valuer_per_share": 6.72,
            "book_valuer_per_share_4q_avg": 7.36,
            "equity": 254803,
            "current_ratio": 59.15,
            "debt_ratio": 69.7,
            "inventory_turnover_ratio": 1.25,
            "account_receivable_turnover_ratio": null,
            "reinvestment_rate": null,
            "research_to_sale_ratio": null,
            "price_fair": 0,
            "eps_avg_yearly": 0,
            "eps_latest_yearly": 0,
            "eps_growth_yearly": 0
        },
        "20041": {
            "year_quarter": 20041,
            "year": 2004,
            "quarter": 1,
            "eps": -0.21,
            "eps_growth_year": null,
            "eps_4q": -1.65,
            "eps_4q_growth_year": null,
            "roe": -3.04,
            "roe_4q": -22.250000000000004,
            "gross_profit": 28648,
            "gross_margin": 20.67,
            "gross_margin_4q_avg": 19.47,
            "net_income": -7299,
            "net_income_4q": null,
            "revenue": 138582,
            "revenue_4q": null,
            "common_shares": 350448,
            "book_valuer_per_share": 6.43,
            "book_valuer_per_share_4q_avg": 6.96,
            "equity": 225195,
            "current_ratio": 85.24,
            "debt_ratio": 63.81,
            "inventory_turnover_ratio": 1.24,
            "account_receivable_turnover_ratio": null,
            "reinvestment_rate": null,
            "research_to_sale_ratio": null,
            "price_fair": 0,
            "eps_avg_yearly": 0,
            "eps_latest_yearly": 0,
            "eps_growth_yearly": 0
        },
        "20042": {
            "year_quarter": 20042,
            "year": 2004,
            "quarter": 2,
            "eps": -0.44,
            "eps_growth_year": null,
            "eps_4q": -1.61,
            "eps_4q_growth_year": null,
            "roe": -7.1,
            "roe_4q": -23.300000000000004,
            "gross_profit": 27964,
            "gross_margin": 18.18,
            "gross_margin_4q_avg": 19.45,
            "net_income": -15416,
            "net_income_4q": null,
            "revenue": 153799,
            "revenue_4q": null,
            "common_shares": 350448,
            "book_valuer_per_share": 5.96,
            "book_valuer_per_share_4q_avg": 6.55,
            "equity": 208998,
            "current_ratio": 85.89,
            "debt_ratio": 65.69,
            "inventory_turnover_ratio": 1.79,
            "account_receivable_turnover_ratio": null,
            "reinvestment_rate": null,
            "research_to_sale_ratio": null,
            "price_fair": 0,
            "eps_avg_yearly": 0,
            "eps_latest_yearly": 0,
            "eps_growth_yearly": 0
        },
        "20043": {
            "year_quarter": 20043,
            "year": 2004,
            "quarter": 3,
            "eps": -0.82,
            "eps_growth_year": null,
            "eps_4q": -1.89,
            "eps_4q_growth_year": null,
            "roe": -14.69,
            "roe_4q": -30.82,
            "gross_profit": 27693,
            "gross_margin": 17.63,
            "gross_margin_4q_avg": 19.16,
            "net_income": -28576,
            "net_income_4q": null,
            "revenue": 157062,
            "revenue_4q": null,
            "common_shares": 350448,
            "book_valuer_per_share": 5.14,
            "book_valuer_per_share_4q_avg": 6.06,
            "equity": 180174,
            "current_ratio": 90.52,
            "debt_ratio": 69.5,
            "inventory_turnover_ratio": 1.87,
            "account_receivable_turnover_ratio": null,
            "reinvestment_rate": null,
            "research_to_sale_ratio": null,
            "price_fair": 0,
            "eps_avg_yearly": 0,
            "eps_latest_yearly": 0,
            "eps_growth_yearly": 0
        },
        "20044": {
            "year_quarter": 20044,
            "year": 2004,
            "quarter": 4,
            "eps": 0.13,
            "eps_growth_year": null,
            "eps_4q": -1.38,
            "eps_4q_growth_year": null,
            "roe": 2.14,
            "roe_4q": -22.689999999999998,
            "gross_profit": 29092,
            "gross_margin": 18.1,
            "gross_margin_4q_avg": 18.65,
            "net_income": 4413,
            "net_income_4q": null,
            "revenue": 160711,
            "revenue_4q": null,
            "common_shares": 350448,
            "book_valuer_per_share": 5.27,
            "book_valuer_per_share_4q_avg": 5.7,
            "equity": 233104,
            "current_ratio": 65.06,
            "debt_ratio": 69.96,
            "inventory_turnover_ratio": 1.42,
            "account_receivable_turnover_ratio": null,
            "reinvestment_rate": null,
            "research_to_sale_ratio": null,
            "price_fair": 0,
            "eps_avg_yearly": 0,
            "eps_latest_yearly": 0,
            "eps_growth_yearly": 0
        },
        "20051": {
            "year_quarter": 20051,
            "year": 2005,
            "quarter": 1,
            "eps": -0.56,
            "eps_growth_year": null,
            "eps_4q": -1.69,
            "eps_4q_growth_year": null,
            "roe": -9.86,
            "roe_4q": -29.509999999999998,
            "gross_profit": 17696,
            "gross_margin": 12.25,
            "gross_margin_4q_avg": 16.54,
            "net_income": -19555,
            "net_income_4q": null,
            "revenue": 144456,
            "revenue_4q": null,
            "common_shares": 350448,
            "book_valuer_per_share": 4.67,
            "book_valuer_per_share_4q_avg": 5.26,
            "equity": 163522,
            "current_ratio": 69.64,
            "debt_ratio": 69.11,
            "inventory_turnover_ratio": 1.37,
            "account_receivable_turnover_ratio": null,
            "reinvestment_rate": null,
            "research_to_sale_ratio": null,
            "price_fair": 0,
            "eps_avg_yearly": 0,
            "eps_latest_yearly": 0,
            "eps_growth_yearly": 0
        },
        "20052": {
            "year_quarter": 20052,
            "year": 2005,
            "quarter": 2,
            "eps": -0.74,
            "eps_growth_year": null,
            "eps_4q": -1.99,
            "eps_4q_growth_year": null,
            "roe": -17.46,
            "roe_4q": -39.87,
            "gross_profit": 20429,
            "gross_margin": 11.59,
            "gross_margin_4q_avg": 14.89,
            "net_income": -25852,
            "net_income_4q": null,
            "revenue": 176268,
            "revenue_4q": null,
            "common_shares": 350448,
            "book_valuer_per_share": 3.78,
            "book_valuer_per_share_4q_avg": 4.72,
            "equity": 132618,
            "current_ratio": 66.28,
            "debt_ratio": 73.21,
            "inventory_turnover_ratio": 2.34,
            "account_receivable_turnover_ratio": null,
            "reinvestment_rate": null,
            "research_to_sale_ratio": null,
            "price_fair": 0,
            "eps_avg_yearly": 0,
            "eps_latest_yearly": 0,
            "eps_growth_yearly": 0
        },
        "20053": {
            "year_quarter": 20053,
            "year": 2005,
            "quarter": 3,
            "eps": -0.67,
            "eps_growth_year": null,
            "eps_4q": -1.84,
            "eps_4q_growth_year": null,
            "roe": -18.85,
            "roe_4q": -44.03,
            "gross_profit": 25879,
            "gross_margin": 15.09,
            "gross_margin_4q_avg": 14.26,
            "net_income": -23361,
            "net_income_4q": null,
            "revenue": 171520,
            "revenue_4q": null,
            "common_shares": 350448,
            "book_valuer_per_share": 3.29,
            "book_valuer_per_share_4q_avg": 4.25,
            "equity": 115305,
            "current_ratio": 64.03,
            "debt_ratio": 76.07,
            "inventory_turnover_ratio": 2.2,
            "account_receivable_turnover_ratio": null,
            "reinvestment_rate": null,
            "research_to_sale_ratio": null,
            "price_fair": 0,
            "eps_avg_yearly": 0,
            "eps_latest_yearly": 0,
            "eps_growth_yearly": 0
        },
        "20054": {
            "year_quarter": 20054,
            "year": 2005,
            "quarter": 4,
            "eps": -0.23,
            "eps_growth_year": -276.92,
            "eps_4q": -1.97,
            "eps_4q_growth_year": null,
            "roe": -6.15,
            "roe_4q": -52.32,
            "gross_profit": 30885,
            "gross_margin": 17.82,
            "gross_margin_4q_avg": 14.19,
            "net_income": -8000,
            "net_income_4q": null,
            "revenue": 173292,
            "revenue_4q": null,
            "common_shares": 350448,
            "book_valuer_per_share": 3.02,
            "book_valuer_per_share_4q_avg": 3.69,
            "equity": 144911,
            "current_ratio": 61.5,
            "debt_ratio": 78.07,
            "inventory_turnover_ratio": 1.64,
            "account_receivable_turnover_ratio": null,
            "reinvestment_rate": null,
            "research_to_sale_ratio": null,
            "price_fair": 0,
            "eps_avg_yearly": 0,
            "eps_latest_yearly": 0,
            "eps_growth_yearly": 0
        },
        "20061": {
            "year_quarter": 20061,
            "year": 2006,
            "quarter": 1,
            "eps": -0.39,
            "eps_growth_year": null,
            "eps_4q": -2.01,
            "eps_4q_growth_year": null,
            "roe": -11.43,
            "roe_4q": -53.89,
            "gross_profit": 26441,
            "gross_margin": 15.93,
            "gross_margin_4q_avg": 15.11,
            "net_income": -13810,
            "net_income_4q": null,
            "revenue": 165941,
            "revenue_4q": null,
            "common_shares": 350448,
            "book_valuer_per_share": 2.76,
            "book_valuer_per_share_4q_avg": 3.21,
            "equity": 96757,
            "current_ratio": 60.88,
            "debt_ratio": 78.37,
            "inventory_turnover_ratio": 1.67,
            "account_receivable_turnover_ratio": null,
            "reinvestment_rate": null,
            "research_to_sale_ratio": null,
            "price_fair": 0,
            "eps_avg_yearly": 0,
            "eps_latest_yearly": 0,
            "eps_growth_yearly": 0
        },
        "20062": {
            "year_quarter": 20062,
            "year": 2006,
            "quarter": 2,
            "eps": -0.14,
            "eps_growth_year": null,
            "eps_4q": -2.48,
            "eps_4q_growth_year": null,
            "roe": -2.24,
            "roe_4q": -38.67,
            "gross_profit": 28089,
            "gross_margin": 18.35,
            "gross_margin_4q_avg": 16.8,
            "net_income": -2378,
            "net_income_4q": null,
            "revenue": 153098,
            "revenue_4q": null,
            "common_shares": 192064,
            "book_valuer_per_share": 6,
            "book_valuer_per_share_4q_avg": 3.77,
            "equity": 115268,
            "current_ratio": 66.22,
            "debt_ratio": 75.03,
            "inventory_turnover_ratio": 2.06,
            "account_receivable_turnover_ratio": null,
            "reinvestment_rate": null,
            "research_to_sale_ratio": null,
            "price_fair": 0,
            "eps_avg_yearly": 0,
            "eps_latest_yearly": 0,
            "eps_growth_yearly": 0
        },
        "20063": {
            "year_quarter": 20063,
            "year": 2006,
            "quarter": 3,
            "eps": 0.28,
            "eps_growth_year": null,
            "eps_4q": -1.1,
            "eps_4q_growth_year": null,
            "roe": 4.11,
            "roe_4q": -15.709999999999999,
            "gross_profit": 31839,
            "gross_margin": 20.92,
            "gross_margin_4q_avg": 18.26,
            "net_income": 4910,
            "net_income_4q": null,
            "revenue": 152210,
            "revenue_4q": null,
            "common_shares": 192064,
            "book_valuer_per_share": 6.44,
            "book_valuer_per_share_4q_avg": 4.56,
            "equity": 123669,
            "current_ratio": 68.44,
            "debt_ratio": 73.25,
            "inventory_turnover_ratio": 1.87,
            "account_receivable_turnover_ratio": null,
            "reinvestment_rate": null,
            "research_to_sale_ratio": null,
            "price_fair": 0,
            "eps_avg_yearly": 0,
            "eps_latest_yearly": 0,
            "eps_growth_yearly": 0
        },
        "20064": {
            "year_quarter": 20064,
            "year": 2006,
            "quarter": 4,
            "eps": -0.38,
            "eps_growth_year": null,
            "eps_4q": -0.88,
            "eps_4q_growth_year": null,
            "roe": -4.88,
            "roe_4q": -14.44,
            "gross_profit": 28122,
            "gross_margin": 18.33,
            "gross_margin_4q_avg": 18.38,
            "net_income": -6901,
            "net_income_4q": null,
            "revenue": 153431,
            "revenue_4q": null,
            "common_shares": 192064,
            "book_valuer_per_share": 6.21,
            "book_valuer_per_share_4q_avg": 5.35,
            "equity": 159194,
            "current_ratio": 58.16,
            "debt_ratio": 74.44,
            "inventory_turnover_ratio": 1.52,
            "account_receivable_turnover_ratio": null,
            "reinvestment_rate": null,
            "research_to_sale_ratio": null,
            "price_fair": 0,
            "eps_avg_yearly": 0,
            "eps_latest_yearly": 0,
            "eps_growth_yearly": 0
        },
        "20071": {
            "year_quarter": 20071,
            "year": 2007,
            "quarter": 1,
            "eps": 0.13,
            "eps_growth_year": null,
            "eps_4q": -0.1,
            "eps_4q_growth_year": null,
            "roe": 1.69,
            "roe_4q": -1.3199999999999998,
            "gross_profit": 32524,
            "gross_margin": 20.84,
            "gross_margin_4q_avg": 19.61,
            "net_income": 2478,
            "net_income_4q": null,
            "revenue": 156091,
            "revenue_4q": null,
            "common_shares": 192064,
            "book_valuer_per_share": 6.99,
            "book_valuer_per_share_4q_avg": 6.41,
            "equity": 134167,
            "current_ratio": 67.4,
            "debt_ratio": 69.68,
            "inventory_turnover_ratio": 1.52,
            "account_receivable_turnover_ratio": null,
            "reinvestment_rate": null,
            "research_to_sale_ratio": null,
            "price_fair": 0,
            "eps_avg_yearly": 0,
            "eps_latest_yearly": 0,
            "eps_growth_yearly": 0
        },
        "20072": {
            "year_quarter": 20072,
            "year": 2007,
            "quarter": 2,
            "eps": 0.12,
            "eps_growth_year": null,
            "eps_4q": 0.15,
            "eps_4q_growth_year": null,
            "roe": 1.67,
            "roe_4q": 2.5900000000000003,
            "gross_profit": 28971,
            "gross_margin": 17.86,
            "gross_margin_4q_avg": 19.49,
            "net_income": 2271,
            "net_income_4q": null,
            "revenue": 162231,
            "revenue_4q": null,
            "common_shares": 192064,
            "book_valuer_per_share": 7.17,
            "book_valuer_per_share_4q_avg": 6.7,
            "equity": 137803,
            "current_ratio": 68.94,
            "debt_ratio": 69.09,
            "inventory_turnover_ratio": 2.18,
            "account_receivable_turnover_ratio": null,
            "reinvestment_rate": null,
            "research_to_sale_ratio": null,
            "price_fair": 1.44,
            "eps_avg_yearly": 0.48,
            "eps_latest_yearly": 0.48,
            "eps_growth_yearly": -30.77
        },
        "20073": {
            "year_quarter": 20073,
            "year": 2007,
            "quarter": 3,
            "eps": 0,
            "eps_growth_year": -100,
            "eps_4q": -0.11,
            "eps_4q_growth_year": null,
            "roe": 0.06,
            "roe_4q": -1.46,
            "gross_profit": 30826,
            "gross_margin": 16.13,
            "gross_margin_4q_avg": 18.29,
            "net_income": 78,
            "net_income_4q": null,
            "revenue": 191144,
            "revenue_4q": null,
            "common_shares": 192064,
            "book_valuer_per_share": 7.06,
            "book_valuer_per_share_4q_avg": 6.86,
            "equity": 135525,
            "current_ratio": 67.6,
            "debt_ratio": 69.24,
            "inventory_turnover_ratio": 2.8,
            "account_receivable_turnover_ratio": null,
            "reinvestment_rate": null,
            "research_to_sale_ratio": null,
            "price_fair": 1.44,
            "eps_avg_yearly": 0.48,
            "eps_latest_yearly": 0.48,
            "eps_growth_yearly": -30.77
        },
        "20074": {
            "year_quarter": 20074,
            "year": 2007,
            "quarter": 4,
            "eps": 0.16,
            "eps_growth_year": null,
            "eps_4q": 0.41,
            "eps_4q_growth_year": null,
            "roe": 1.87,
            "roe_4q": 5.29,
            "gross_profit": 33508,
            "gross_margin": 16.55,
            "gross_margin_4q_avg": 17.85,
            "net_income": 3089,
            "net_income_4q": null,
            "revenue": 202458,
            "revenue_4q": null,
            "common_shares": 192064,
            "book_valuer_per_share": 7.59,
            "book_valuer_per_share_4q_avg": 7.2,
            "equity": 194034,
            "current_ratio": 60.57,
            "debt_ratio": 70.58,
            "inventory_turnover_ratio": 2.3,
            "account_receivable_turnover_ratio": null,
            "reinvestment_rate": null,
            "research_to_sale_ratio": null,
            "price_fair": 1.44,
            "eps_avg_yearly": 0.48,
            "eps_latest_yearly": 0.48,
            "eps_growth_yearly": -30.77
        },
        "20081": {
            "year_quarter": 20081,
            "year": 2008,
            "quarter": 1,
            "eps": 0.35,
            "eps_growth_year": 169.23,
            "eps_4q": 0.57,
            "eps_4q_growth_year": null,
            "roe": 3.99,
            "roe_4q": 7.59,
            "gross_profit": 48898,
            "gross_margin": 17.69,
            "gross_margin_4q_avg": 17.06,
            "net_income": 7534,
            "net_income_4q": null,
            "revenue": 276438,
            "revenue_4q": null,
            "common_shares": 192064,
            "book_valuer_per_share": 7.28,
            "book_valuer_per_share_4q_avg": 7.28,
            "equity": 183551,
            "current_ratio": 65.51,
            "debt_ratio": 71.76,
            "inventory_turnover_ratio": 2.57,
            "account_receivable_turnover_ratio": null,
            "reinvestment_rate": null,
            "research_to_sale_ratio": null,
            "price_fair": 32.9,
            "eps_avg_yearly": 0.94,
            "eps_latest_yearly": 1.4,
            "eps_growth_yearly": 222.12
        },
        "20082": {
            "year_quarter": 20082,
            "year": 2008,
            "quarter": 2,
            "eps": 0.76,
            "eps_growth_year": 533.33,
            "eps_4q": 1.24,
            "eps_4q_growth_year": 749.22,
            "roe": 8.08,
            "roe_4q": 14.000000000000002,
            "gross_profit": 53423,
            "gross_margin": 17.62,
            "gross_margin_4q_avg": 17,
            "net_income": 15041,
            "net_income_4q": null,
            "revenue": 303266,
            "revenue_4q": null,
            "common_shares": 192064,
            "book_valuer_per_share": 7.67,
            "book_valuer_per_share_4q_avg": 7.4,
            "equity": 188872,
            "current_ratio": 69.6,
            "debt_ratio": 71.49,
            "inventory_turnover_ratio": 2.67,
            "account_receivable_turnover_ratio": null,
            "reinvestment_rate": null,
            "research_to_sale_ratio": null,
            "price_fair": 57.4,
            "eps_avg_yearly": 1.64,
            "eps_latest_yearly": 3.04,
            "eps_growth_yearly": 304.27
        },
        "20083": {
            "year_quarter": 20083,
            "year": 2008,
            "quarter": 3,
            "eps": 0.88,
            "eps_growth_year": null,
            "eps_4q": 2.1,
            "eps_4q_growth_year": null,
            "roe": 8.63,
            "roe_4q": 22.570000000000004,
            "gross_profit": 49479,
            "gross_margin": 15.08,
            "gross_margin_4q_avg": 16.74,
            "net_income": 17373,
            "net_income_4q": null,
            "revenue": 328029,
            "revenue_4q": null,
            "common_shares": 192064,
            "book_valuer_per_share": 8.84,
            "book_valuer_per_share_4q_avg": 7.85,
            "equity": 213673,
            "current_ratio": 73.03,
            "debt_ratio": 68.51,
            "inventory_turnover_ratio": 2.62,
            "account_receivable_turnover_ratio": null,
            "reinvestment_rate": null,
            "research_to_sale_ratio": null,
            "price_fair": 73.85,
            "eps_avg_yearly": 2.11,
            "eps_latest_yearly": 3.52,
            "eps_growth_yearly": 243.99
        },
        "20084": {
            "year_quarter": 20084,
            "year": 2008,
            "quarter": 4,
            "eps": 0.36,
            "eps_growth_year": 125,
            "eps_4q": 2.4,
            "eps_4q_growth_year": 484.97,
            "roe": 3.13,
            "roe_4q": 23.830000000000005,
            "gross_profit": 60090,
            "gross_margin": 17.74,
            "gross_margin_4q_avg": 17.03,
            "net_income": 6785,
            "net_income_4q": null,
            "revenue": 338801,
            "revenue_4q": null,
            "common_shares": 192064,
            "book_valuer_per_share": 9.19,
            "book_valuer_per_share_4q_avg": 8.25,
            "equity": 220082,
            "current_ratio": 72.52,
            "debt_ratio": 67.42,
            "inventory_turnover_ratio": 2.62,
            "account_receivable_turnover_ratio": 5.22,
            "reinvestment_rate": null,
            "research_to_sale_ratio": null,
            "price_fair": 69.16,
            "eps_avg_yearly": 1.98,
            "eps_latest_yearly": 1.44,
            "eps_growth_yearly": 147.92
        },
        "20091": {
            "year_quarter": 20091,
            "year": 2009,
            "quarter": 1,
            "eps": 0.65,
            "eps_growth_year": 85.71,
            "eps_4q": 2.72,
            "eps_4q_growth_year": 378.08,
            "roe": 4.95,
            "roe_4q": 24.79,
            "gross_profit": 51418,
            "gross_margin": 19.61,
            "gross_margin_4q_avg": 17.51,
            "net_income": 12182,
            "net_income_4q": null,
            "revenue": 262185,
            "revenue_4q": null,
            "common_shares": 192064,
            "book_valuer_per_share": 11.91,
            "book_valuer_per_share_4q_avg": 9.4,
            "equity": 272499,
            "current_ratio": 74.69,
            "debt_ratio": 62.89,
            "inventory_turnover_ratio": 2.07,
            "account_receivable_turnover_ratio": 2.12,
            "reinvestment_rate": null,
            "research_to_sale_ratio": null,
            "price_fair": 72.8,
            "eps_avg_yearly": 2.08,
            "eps_latest_yearly": 2.6,
            "eps_growth_yearly": 176.97
        },
        "20092": {
            "year_quarter": 20092,
            "year": 2009,
            "quarter": 2,
            "eps": 1.76,
            "eps_growth_year": 131.58,
            "eps_4q": 3.56,
            "eps_4q_growth_year": 187.36,
            "roe": 11.97,
            "roe_4q": 28.68,
            "gross_profit": 73582,
            "gross_margin": 23.18,
            "gross_margin_4q_avg": 18.9,
            "net_income": 34778,
            "net_income_4q": null,
            "revenue": 317485,
            "revenue_4q": null,
            "common_shares": 192064,
            "book_valuer_per_share": 13.71,
            "book_valuer_per_share_4q_avg": 10.91,
            "equity": 308470,
            "current_ratio": 86.02,
            "debt_ratio": 58.9,
            "inventory_turnover_ratio": 2.38,
            "account_receivable_turnover_ratio": 2.67,
            "reinvestment_rate": 461.96,
            "research_to_sale_ratio": null,
            "price_fair": 97.6,
            "eps_avg_yearly": 2.79,
            "eps_latest_yearly": 7.04,
            "eps_growth_yearly": 249.27
        },
        "20093": {
            "year_quarter": 20093,
            "year": 2009,
            "quarter": 3,
            "eps": 1.85,
            "eps_growth_year": 110.23,
            "eps_4q": 4.48,
            "eps_4q_growth_year": 113.64,
            "roe": 10.04,
            "roe_4q": 30.089999999999996,
            "gross_profit": 85233,
            "gross_margin": 24.69,
            "gross_margin_4q_avg": 21.31,
            "net_income": 36702,
            "net_income_4q": null,
            "revenue": 345233,
            "revenue_4q": null,
            "common_shares": 192064,
            "book_valuer_per_share": 19.61,
            "book_valuer_per_share_4q_avg": 13.61,
            "equity": 422620,
            "current_ratio": 114.01,
            "debt_ratio": 49.19,
            "inventory_turnover_ratio": 2.65,
            "account_receivable_turnover_ratio": 2.9,
            "reinvestment_rate": 224.21,
            "research_to_sale_ratio": null,
            "price_fair": 117.78,
            "eps_avg_yearly": 3.37,
            "eps_latest_yearly": 7.4,
            "eps_growth_yearly": 220.67
        },
        "20094": {
            "year_quarter": 20094,
            "year": 2009,
            "quarter": 4,
            "eps": 1.6,
            "eps_growth_year": 344.44,
            "eps_4q": 4.56,
            "eps_4q_growth_year": 90.16,
            "roe": 7.4,
            "roe_4q": 34.36,
            "gross_profit": 95205,
            "gross_margin": 24.47,
            "gross_margin_4q_avg": 22.99,
            "net_income": 33483,
            "net_income_4q": null,
            "revenue": 389121,
            "revenue_4q": null,
            "common_shares": 252064,
            "book_valuer_per_share": 17.27,
            "book_valuer_per_share_4q_avg": 15.63,
            "equity": 481883,
            "current_ratio": 124.32,
            "debt_ratio": 40.46,
            "inventory_turnover_ratio": 3.4,
            "account_receivable_turnover_ratio": 5.79,
            "reinvestment_rate": 35.44,
            "research_to_sale_ratio": null,
            "price_fair": 129.58,
            "eps_avg_yearly": 3.7,
            "eps_latest_yearly": 6.4,
            "eps_growth_yearly": 190.14
        },
        "20101": {
            "year_quarter": 20101,
            "year": 2010,
            "quarter": 1,
            "eps": 0.62,
            "eps_growth_year": -4.62,
            "eps_4q": 4.68,
            "eps_4q_growth_year": 72.2,
            "roe": 3.34,
            "roe_4q": 32.75,
            "gross_profit": 63367,
            "gross_margin": 20.73,
            "gross_margin_4q_avg": 23.27,
            "net_income": 16457,
            "net_income_4q": null,
            "revenue": 305736,
            "revenue_4q": null,
            "common_shares": 252064,
            "book_valuer_per_share": 18.02,
            "book_valuer_per_share_4q_avg": 17.15,
            "equity": 503497,
            "current_ratio": 132.46,
            "debt_ratio": 38.69,
            "inventory_turnover_ratio": 2.66,
            "account_receivable_turnover_ratio": 2.35,
            "reinvestment_rate": 156.14,
            "research_to_sale_ratio": 0.29,
            "price_fair": 125.3,
            "eps_avg_yearly": 3.58,
            "eps_latest_yearly": 2.48,
            "eps_growth_yearly": 146.63
        },
        "20102": {
            "year_quarter": 20102,
            "year": 2010,
            "quarter": 2,
            "eps": 0.91,
            "eps_growth_year": -48.07,
            "eps_4q": 4.25,
            "eps_4q_growth_year": 19.59,
            "roe": 4.42,
            "roe_4q": 25.2,
            "gross_profit": 65042,
            "gross_margin": 17.36,
            "gross_margin_4q_avg": 21.81,
            "net_income": 21885,
            "net_income_4q": null,
            "revenue": 374604,
            "revenue_4q": null,
            "common_shares": 252064,
            "book_valuer_per_share": 17.36,
            "book_valuer_per_share_4q_avg": 18.07,
            "equity": 486189,
            "current_ratio": 160.13,
            "debt_ratio": 52.14,
            "inventory_turnover_ratio": 2.98,
            "account_receivable_turnover_ratio": 2.76,
            "reinvestment_rate": 140.55,
            "research_to_sale_ratio": 0.18,
            "price_fair": 125.49,
            "eps_avg_yearly": 3.59,
            "eps_latest_yearly": 3.64,
            "eps_growth_yearly": 150.31
        },
        "20103": {
            "year_quarter": 20103,
            "year": 2010,
            "quarter": 3,
            "eps": 1.19,
            "eps_growth_year": -35.67,
            "eps_4q": 3.91,
            "eps_4q_growth_year": -12.66,
            "roe": 5.61,
            "roe_4q": 20.770000000000003,
            "gross_profit": 78717,
            "gross_margin": 15.71,
            "gross_margin_4q_avg": 19.57,
            "net_income": 29252,
            "net_income_4q": null,
            "revenue": 500980,
            "revenue_4q": null,
            "common_shares": 262955,
            "book_valuer_per_share": 19.3,
            "book_valuer_per_share_4q_avg": 17.99,
            "equity": 555963,
            "current_ratio": 159.47,
            "debt_ratio": 49.93,
            "inventory_turnover_ratio": 3.88,
            "account_receivable_turnover_ratio": 2.83,
            "reinvestment_rate": 127.32,
            "research_to_sale_ratio": 0.15,
            "price_fair": 128.92,
            "eps_avg_yearly": 3.68,
            "eps_latest_yearly": 4.76,
            "eps_growth_yearly": 148.04
        },
        "20104": {
            "year_quarter": 20104,
            "year": 2010,
            "quarter": 4,
            "eps": 0.41,
            "eps_growth_year": -74.28,
            "eps_4q": 3.03,
            "eps_4q_growth_year": -33.46,
            "roe": 2.04,
            "roe_4q": 15.41,
            "gross_profit": 77777,
            "gross_margin": 14.55,
            "gross_margin_4q_avg": 17.09,
            "net_income": 11445,
            "net_income_4q": null,
            "revenue": 534575,
            "revenue_4q": null,
            "common_shares": 262955,
            "book_valuer_per_share": 19.82,
            "book_valuer_per_share_4q_avg": 18.63,
            "equity": 567082,
            "current_ratio": 175.08,
            "debt_ratio": 46.06,
            "inventory_turnover_ratio": 4.27,
            "account_receivable_turnover_ratio": 2.48,
            "reinvestment_rate": 16.62,
            "research_to_sale_ratio": 0.16,
            "price_fair": 123.42,
            "eps_avg_yearly": 3.53,
            "eps_latest_yearly": 1.64,
            "eps_growth_yearly": 116.48
        },
        "20111": {
            "year_quarter": 20111,
            "year": 2011,
            "quarter": 1,
            "eps": 0.31,
            "eps_growth_year": -50,
            "eps_4q": 2.74,
            "eps_4q_growth_year": -41.37,
            "roe": 0.96,
            "roe_4q": 13.03,
            "gross_profit": 51024,
            "gross_margin": 12.41,
            "gross_margin_4q_avg": 15.01,
            "net_income": 5483,
            "net_income_4q": null,
            "revenue": 411191,
            "revenue_4q": null,
            "common_shares": 268031,
            "book_valuer_per_share": 19.94,
            "book_valuer_per_share_4q_avg": 19.11,
            "equity": 580068,
            "current_ratio": 174.4,
            "debt_ratio": 46.77,
            "inventory_turnover_ratio": 3.3,
            "account_receivable_turnover_ratio": 1.86,
            "reinvestment_rate": 171.6,
            "research_to_sale_ratio": 0.17,
            "price_fair": 117.7,
            "eps_avg_yearly": 3.36,
            "eps_latest_yearly": 1.24,
            "eps_growth_yearly": 101.19
        },
        "20112": {
            "year_quarter": 20112,
            "year": 2011,
            "quarter": 2,
            "eps": 0.82,
            "eps_growth_year": -9.97,
            "eps_4q": 2.71,
            "eps_4q_growth_year": -36.32,
            "roe": 4.04,
            "roe_4q": 12.65,
            "gross_profit": 73058,
            "gross_margin": 15.58,
            "gross_margin_4q_avg": 14.56,
            "net_income": 22781,
            "net_income_4q": null,
            "revenue": 468827,
            "revenue_4q": null,
            "common_shares": 268031,
            "book_valuer_per_share": 18.78,
            "book_valuer_per_share_4q_avg": 19.46,
            "equity": 547924,
            "current_ratio": 173.07,
            "debt_ratio": 48.05,
            "inventory_turnover_ratio": 3.33,
            "account_receivable_turnover_ratio": 2.21,
            "reinvestment_rate": 150.79,
            "research_to_sale_ratio": 0.21,
            "price_fair": 124.7,
            "eps_avg_yearly": 3.56,
            "eps_latest_yearly": 3.28,
            "eps_growth_yearly": 150.4
        },
        "20113": {
            "year_quarter": 20113,
            "year": 2011,
            "quarter": 3,
            "eps": 1.08,
            "eps_growth_year": -8.84,
            "eps_4q": 2.6,
            "eps_4q_growth_year": -33.68,
            "roe": 5.36,
            "roe_4q": 12.399999999999999,
            "gross_profit": 72133,
            "gross_margin": 17,
            "gross_margin_4q_avg": 14.89,
            "net_income": 30575,
            "net_income_4q": null,
            "revenue": 424350,
            "revenue_4q": null,
            "common_shares": 273392,
            "book_valuer_per_share": 19.95,
            "book_valuer_per_share_4q_avg": 19.62,
            "equity": 593089,
            "current_ratio": 158.06,
            "debt_ratio": 41.65,
            "inventory_turnover_ratio": 2.99,
            "account_receivable_turnover_ratio": 2.02,
            "reinvestment_rate": 143.37,
            "research_to_sale_ratio": 0.19,
            "price_fair": 126.47,
            "eps_avg_yearly": 3.61,
            "eps_latest_yearly": 4.32,
            "eps_growth_yearly": 148.83
        },
        "20114": {
            "year_quarter": 20114,
            "year": 2011,
            "quarter": 4,
            "eps": 0.65,
            "eps_growth_year": 58.45,
            "eps_4q": 2.85,
            "eps_4q_growth_year": -6.22,
            "roe": 3.08,
            "roe_4q": 13.440000000000001,
            "gross_profit": 63617,
            "gross_margin": 17.45,
            "gross_margin_4q_avg": 15.61,
            "net_income": 18473,
            "net_income_4q": null,
            "revenue": 364495,
            "revenue_4q": null,
            "common_shares": 273392,
            "book_valuer_per_share": 20.53,
            "book_valuer_per_share_4q_avg": 19.8,
            "equity": 607393,
            "current_ratio": 215.02,
            "debt_ratio": 40.91,
            "inventory_turnover_ratio": 2.74,
            "account_receivable_turnover_ratio": 1.81,
            "reinvestment_rate": -3.15,
            "research_to_sale_ratio": 0.17,
            "price_fair": 124.25,
            "eps_avg_yearly": 3.55,
            "eps_latest_yearly": 2.6,
            "eps_growth_yearly": 129.57
        },
        "20121": {
            "year_quarter": 20121,
            "year": 2012,
            "quarter": 1,
            "eps": 0.73,
            "eps_growth_year": 135.48,
            "eps_4q": 3.28,
            "eps_4q_growth_year": 19.42,
            "roe": 3.28,
            "roe_4q": 15.759999999999998,
            "gross_profit": 67033,
            "gross_margin": 17.93,
            "gross_margin_4q_avg": 16.99,
            "net_income": 20250,
            "net_income_4q": null,
            "revenue": 373889,
            "revenue_4q": null,
            "common_shares": 273392,
            "book_valuer_per_share": 21.19,
            "book_valuer_per_share_4q_avg": 20.11,
            "equity": 628074,
            "current_ratio": 224,
            "debt_ratio": 40.46,
            "inventory_turnover_ratio": 3.21,
            "account_receivable_turnover_ratio": 1.89,
            "reinvestment_rate": 66.7,
            "research_to_sale_ratio": 0.15,
            "price_fair": 127.58,
            "eps_avg_yearly": 3.65,
            "eps_latest_yearly": 2.92,
            "eps_growth_yearly": 102.96
        },
        "20122": {
            "year_quarter": 20122,
            "year": 2012,
            "quarter": 2,
            "eps": 0.93,
            "eps_growth_year": 12.77,
            "eps_4q": 3.4,
            "eps_4q_growth_year": 25.51,
            "roe": 4.31,
            "roe_4q": 16.03,
            "gross_profit": 76929,
            "gross_margin": 19.56,
            "gross_margin_4q_avg": 17.99,
            "net_income": 26541,
            "net_income_4q": null,
            "revenue": 393223,
            "revenue_4q": null,
            "common_shares": 273392,
            "book_valuer_per_share": 20.25,
            "book_valuer_per_share_4q_avg": 20.48,
            "equity": 602374,
            "current_ratio": 155.37,
            "debt_ratio": 46.04,
            "inventory_turnover_ratio": 3.23,
            "account_receivable_turnover_ratio": 1.67,
            "reinvestment_rate": 71.21,
            "research_to_sale_ratio": 0.16,
            "price_fair": 129.06,
            "eps_avg_yearly": 3.69,
            "eps_latest_yearly": 3.72,
            "eps_growth_yearly": 80.52
        },
        "20123": {
            "year_quarter": 20123,
            "year": 2012,
            "quarter": 3,
            "eps": 0.77,
            "eps_growth_year": -28.79,
            "eps_4q": 3.09,
            "eps_4q_growth_year": 18.94,
            "roe": 3.68,
            "roe_4q": 14.35,
            "gross_profit": 66837,
            "gross_margin": 20.18,
            "gross_margin_4q_avg": 18.78,
            "net_income": 22599,
            "net_income_4q": null,
            "revenue": 331156,
            "revenue_4q": null,
            "common_shares": 273392,
            "book_valuer_per_share": 21.05,
            "book_valuer_per_share_4q_avg": 20.76,
            "equity": 626489,
            "current_ratio": 182.72,
            "debt_ratio": 38.67,
            "inventory_turnover_ratio": 2.53,
            "account_receivable_turnover_ratio": 1.46,
            "reinvestment_rate": 71.24,
            "research_to_sale_ratio": 0.16,
            "price_fair": 128.1,
            "eps_avg_yearly": 3.66,
            "eps_latest_yearly": 3.08,
            "eps_growth_yearly": 72.28
        },
        "20124": {
            "year_quarter": 20124,
            "year": 2012,
            "quarter": 4,
            "eps": 0.77,
            "eps_growth_year": 18.63,
            "eps_4q": 3.21,
            "eps_4q_growth_year": 12.67,
            "roe": 3.57,
            "roe_4q": 14.839999999999998,
            "gross_profit": 77670,
            "gross_margin": 20.59,
            "gross_margin_4q_avg": 19.57,
            "net_income": 22743,
            "net_income_4q": null,
            "revenue": 377253,
            "revenue_4q": null,
            "common_shares": 273561,
            "book_valuer_per_share": 21.81,
            "book_valuer_per_share_4q_avg": 21.08,
            "equity": 649040,
            "current_ratio": 182.15,
            "debt_ratio": 40.14,
            "inventory_turnover_ratio": 2.84,
            "account_receivable_turnover_ratio": 1.71,
            "reinvestment_rate": 1.58,
            "research_to_sale_ratio": 0.14,
            "price_fair": 131.69,
            "eps_avg_yearly": 3.76,
            "eps_latest_yearly": 3.08,
            "eps_growth_yearly": 87.05
        },
        "20131": {
            "year_quarter": 20131,
            "year": 2013,
            "quarter": 1,
            "eps": 0.77,
            "eps_growth_year": 5.48,
            "eps_4q": 3.18,
            "eps_4q_growth_year": -3.05,
            "roe": 2.79,
            "roe_4q": 14.349999999999998,
            "gross_profit": 59078,
            "gross_margin": 19.71,
            "gross_margin_4q_avg": 20.01,
            "net_income": 18918,
            "net_income_4q": null,
            "revenue": 299661,
            "revenue_4q": null,
            "common_shares": 276067,
            "book_valuer_per_share": 23.44,
            "book_valuer_per_share_4q_avg": 21.64,
            "equity": 705042,
            "current_ratio": 212.18,
            "debt_ratio": 35.08,
            "inventory_turnover_ratio": 2.01,
            "account_receivable_turnover_ratio": 1.32,
            "reinvestment_rate": -16.36,
            "research_to_sale_ratio": 0.19,
            "price_fair": 132.74,
            "eps_avg_yearly": 3.79,
            "eps_latest_yearly": 3.08,
            "eps_growth_yearly": 66.91
        },
        "20132": {
            "year_quarter": 20132,
            "year": 2013,
            "quarter": 2,
            "eps": 0.57,
            "eps_growth_year": -38.58,
            "eps_4q": 2.6,
            "eps_4q_growth_year": -23.61,
            "roe": 2.95,
            "roe_4q": 12.99,
            "gross_profit": 76287,
            "gross_margin": 22.52,
            "gross_margin_4q_avg": 20.75,
            "net_income": 21191,
            "net_income_4q": null,
            "revenue": 338682,
            "revenue_4q": null,
            "common_shares": 302312,
            "book_valuer_per_share": 22.38,
            "book_valuer_per_share_4q_avg": 22.17,
            "equity": 731957,
            "current_ratio": 230.27,
            "debt_ratio": 33.44,
            "inventory_turnover_ratio": 2.14,
            "account_receivable_turnover_ratio": 1.45,
            "reinvestment_rate": -19.86,
            "research_to_sale_ratio": 0.22,
            "price_fair": 96.89,
            "eps_avg_yearly": 3.5,
            "eps_latest_yearly": 2.28,
            "eps_growth_yearly": 17.72
        },
        "20133": {
            "year_quarter": 20133,
            "year": 2013,
            "quarter": 3,
            "eps": 0.62,
            "eps_growth_year": -19.75,
            "eps_4q": 2.53,
            "eps_4q_growth_year": -17.94,
            "roe": 2.73,
            "roe_4q": 12.04,
            "gross_profit": 65311,
            "gross_margin": 19.86,
            "gross_margin_4q_avg": 20.67,
            "net_income": 20204,
            "net_income_4q": null,
            "revenue": 328813,
            "revenue_4q": null,
            "common_shares": 310594,
            "book_valuer_per_share": 22.26,
            "book_valuer_per_share_4q_avg": 22.47,
            "equity": 746204,
            "current_ratio": 276.16,
            "debt_ratio": 28.51,
            "inventory_turnover_ratio": 2.37,
            "account_receivable_turnover_ratio": 1.25,
            "reinvestment_rate": -24.25,
            "research_to_sale_ratio": 0.19,
            "price_fair": 91.28,
            "eps_avg_yearly": 3.19,
            "eps_latest_yearly": 2.48,
            "eps_growth_yearly": 18.64
        },
        "20134": {
            "year_quarter": 20134,
            "year": 2013,
            "quarter": 4,
            "eps": 0.6,
            "eps_growth_year": -22.59,
            "eps_4q": 2.45,
            "eps_4q_growth_year": -23.58,
            "roe": 2.4,
            "roe_4q": 10.870000000000001,
            "gross_profit": 68837,
            "gross_margin": 19.11,
            "gross_margin_4q_avg": 20.3,
            "net_income": 18105,
            "net_income_4q": null,
            "revenue": 360203,
            "revenue_4q": null,
            "common_shares": 310594,
            "book_valuer_per_share": 22.8,
            "book_valuer_per_share_4q_avg": 22.72,
            "equity": 760245,
            "current_ratio": 235.56,
            "debt_ratio": 33.99,
            "inventory_turnover_ratio": 2.81,
            "account_receivable_turnover_ratio": 1.28,
            "reinvestment_rate": -35.04,
            "research_to_sale_ratio": 0.13,
            "price_fair": 91.68,
            "eps_avg_yearly": 2.94,
            "eps_latest_yearly": 2.4,
            "eps_growth_yearly": 21.21
        },
        "20141": {
            "year_quarter": 20141,
            "year": 2014,
            "quarter": 1,
            "eps": 0.44,
            "eps_growth_year": -42.86,
            "eps_4q": 1.97,
            "eps_4q_growth_year": -37.88,
            "roe": 1.81,
            "roe_4q": 9.89,
            "gross_profit": 61152,
            "gross_margin": 19.53,
            "gross_margin_4q_avg": 20.26,
            "net_income": 15269,
            "net_income_4q": null,
            "revenue": 313155,
            "revenue_4q": null,
            "common_shares": 350594,
            "book_valuer_per_share": 24.88,
            "book_valuer_per_share_4q_avg": 23.08,
            "equity": 927681,
            "current_ratio": 282.85,
            "debt_ratio": 30.19,
            "inventory_turnover_ratio": 2.43,
            "account_receivable_turnover_ratio": 1,
            "reinvestment_rate": -32.64,
            "research_to_sale_ratio": 0.1,
            "price_fair": 101.24,
            "eps_avg_yearly": 2.89,
            "eps_latest_yearly": 1.76,
            "eps_growth_yearly": 29.86
        },
        "20142": {
            "year_quarter": 20142,
            "year": 2014,
            "quarter": 2,
            "eps": 0.38,
            "eps_growth_year": -33.33,
            "eps_4q": 1.85,
            "eps_4q_growth_year": -28.56,
            "roe": 1.47,
            "roe_4q": 8.41,
            "gross_profit": 57854,
            "gross_margin": 19.01,
            "gross_margin_4q_avg": 19.38,
            "net_income": 13224,
            "net_income_4q": null,
            "revenue": 304384,
            "revenue_4q": null,
            "common_shares": 350594,
            "book_valuer_per_share": 23.12,
            "book_valuer_per_share_4q_avg": 23.27,
            "equity": 871577,
            "current_ratio": 249.43,
            "debt_ratio": 33.51,
            "inventory_turnover_ratio": 2.26,
            "account_receivable_turnover_ratio": 1.05,
            "reinvestment_rate": -33.48,
            "research_to_sale_ratio": 0.14,
            "price_fair": 68.32,
            "eps_avg_yearly": 2.76,
            "eps_latest_yearly": 1.52,
            "eps_growth_yearly": 14.75
        },
        "20143": {
            "year_quarter": 20143,
            "year": 2014,
            "quarter": 3,
            "eps": 0.29,
            "eps_growth_year": -53.23,
            "eps_4q": 1.6,
            "eps_4q_growth_year": -36.84,
            "roe": 1.14,
            "roe_4q": 6.82,
            "gross_profit": 58567,
            "gross_margin": 18.08,
            "gross_margin_4q_avg": 18.93,
            "net_income": 10046,
            "net_income_4q": null,
            "revenue": 323871,
            "revenue_4q": null,
            "common_shares": 350594,
            "book_valuer_per_share": 23.6,
            "book_valuer_per_share_4q_avg": 23.6,
            "equity": 889418,
            "current_ratio": 285.44,
            "debt_ratio": 29.9,
            "inventory_turnover_ratio": 2.39,
            "account_receivable_turnover_ratio": 1.22,
            "reinvestment_rate": -37.36,
            "research_to_sale_ratio": 0.22,
            "price_fair": 28.24,
            "eps_avg_yearly": 2.54,
            "eps_latest_yearly": 1.16,
            "eps_growth_yearly": 1.14
        },
        "20144": {
            "year_quarter": 20144,
            "year": 2014,
            "quarter": 4,
            "eps": 0.27,
            "eps_growth_year": -55,
            "eps_4q": 1.34,
            "eps_4q_growth_year": -45.36,
            "roe": 1.05,
            "roe_4q": 5.470000000000001,
            "gross_profit": 61909,
            "gross_margin": 18.49,
            "gross_margin_4q_avg": 18.78,
            "net_income": 9473,
            "net_income_4q": null,
            "revenue": 334805,
            "revenue_4q": null,
            "common_shares": 350594,
            "book_valuer_per_share": 24.14,
            "book_valuer_per_share_4q_avg": 23.94,
            "equity": 909886,
            "current_ratio": 280.18,
            "debt_ratio": 31.27,
            "inventory_turnover_ratio": 2.48,
            "account_receivable_turnover_ratio": 1.24,
            "reinvestment_rate": -30.89,
            "research_to_sale_ratio": 0.1,
            "price_fair": 64.5,
            "eps_avg_yearly": 2.5,
            "eps_latest_yearly": 1.08,
            "eps_growth_yearly": 15.8
        },
        "20151": {
            "year_quarter": 20151,
            "year": 2015,
            "quarter": 1,
            "eps": 0.4,
            "eps_growth_year": -9.09,
            "eps_4q": 1.34,
            "eps_4q_growth_year": -32.19,
            "roe": 1.55,
            "roe_4q": 5.21,
            "gross_profit": 65675,
            "gross_margin": 20.04,
            "gross_margin_4q_avg": 18.91,
            "net_income": 14202,
            "net_income_4q": null,
            "revenue": 327719,
            "revenue_4q": null,
            "common_shares": 350594,
            "book_valuer_per_share": 24.49,
            "book_valuer_per_share_4q_avg": 23.84,
            "equity": 922178,
            "current_ratio": 292.52,
            "debt_ratio": 30.41,
            "inventory_turnover_ratio": 2.24,
            "account_receivable_turnover_ratio": 1.21,
            "reinvestment_rate": -85.38,
            "research_to_sale_ratio": 0.19,
            "price_fair": 88.29,
            "eps_avg_yearly": 2.52,
            "eps_latest_yearly": 1.6,
            "eps_growth_yearly": 33.94
        },
        "20152": {
            "year_quarter": 20152,
            "year": 2015,
            "quarter": 2,
            "eps": 0.07,
            "eps_growth_year": -81.58,
            "eps_4q": 1.03,
            "eps_4q_growth_year": -44.31,
            "roe": 0.38,
            "roe_4q": 4.12,
            "gross_profit": 64830,
            "gross_margin": 18.76,
            "gross_margin_4q_avg": 18.84,
            "net_income": 3405,
            "net_income_4q": null,
            "revenue": 345640,
            "revenue_4q": null,
            "common_shares": 350594,
            "book_valuer_per_share": 23.1,
            "book_valuer_per_share_4q_avg": 23.83,
            "equity": 871580,
            "current_ratio": 260.08,
            "debt_ratio": 33.91,
            "inventory_turnover_ratio": 2.37,
            "account_receivable_turnover_ratio": 1.3,
            "reinvestment_rate": -86.35,
            "research_to_sale_ratio": 0.12,
            "price_fair": 7.01,
            "eps_avg_yearly": 2.34,
            "eps_latest_yearly": 0.28,
            "eps_growth_yearly": -27.82
        },
        "20153": {
            "year_quarter": 20153,
            "year": 2015,
            "quarter": 3,
            "eps": 0.17,
            "eps_growth_year": -41.38,
            "eps_4q": 0.91,
            "eps_4q_growth_year": -43.15,
            "roe": 0.7,
            "roe_4q": 3.6799999999999997,
            "gross_profit": 65815,
            "gross_margin": 20.68,
            "gross_margin_4q_avg": 19.49,
            "net_income": 6133,
            "net_income_4q": null,
            "revenue": 318199,
            "revenue_4q": null,
            "common_shares": 350594,
            "book_valuer_per_share": 23.5,
            "book_valuer_per_share_4q_avg": 23.81,
            "equity": 878164,
            "current_ratio": 296.39,
            "debt_ratio": 30.6,
            "inventory_turnover_ratio": 2.27,
            "account_receivable_turnover_ratio": 1.22,
            "reinvestment_rate": -104.44,
            "research_to_sale_ratio": 0.15,
            "price_fair": 6.32,
            "eps_avg_yearly": 2.11,
            "eps_latest_yearly": 0.68,
            "eps_growth_yearly": -0.03
        },
        "20154": {
            "year_quarter": 20154,
            "year": 2015,
            "quarter": 4,
            "eps": 0.68,
            "eps_growth_year": 152.46,
            "eps_4q": 1.32,
            "eps_4q_growth_year": -1.39,
            "roe": 2.67,
            "roe_4q": 5.3,
            "gross_profit": 72801,
            "gross_margin": 20.59,
            "gross_margin_4q_avg": 20.02,
            "net_income": 23720,
            "net_income_4q": null,
            "revenue": 353534,
            "revenue_4q": null,
            "common_shares": 350594,
            "book_valuer_per_share": 23.95,
            "book_valuer_per_share_4q_avg": 23.76,
            "equity": 897108,
            "current_ratio": 289.31,
            "debt_ratio": 31.53,
            "inventory_turnover_ratio": 2.82,
            "account_receivable_turnover_ratio": 1.21,
            "reinvestment_rate": -33.38,
            "research_to_sale_ratio": 0.09,
            "price_fair": 74.03,
            "eps_avg_yearly": 2.12,
            "eps_latest_yearly": 2.72,
            "eps_growth_yearly": 84.92
        },
        "20161": {
            "year_quarter": 20161,
            "year": 2016,
            "quarter": 1,
            "eps": 0.52,
            "eps_growth_year": 30,
            "eps_4q": 1.44,
            "eps_4q_growth_year": 7.53,
            "roe": 2.07,
            "roe_4q": 5.82,
            "gross_profit": 62558,
            "gross_margin": 22.04,
            "gross_margin_4q_avg": 20.52,
            "net_income": 18789,
            "net_income_4q": null,
            "revenue": 283896,
            "revenue_4q": null,
            "common_shares": 350594,
            "book_valuer_per_share": 24.45,
            "book_valuer_per_share_4q_avg": 23.75,
            "equity": 915462,
            "current_ratio": 306.75,
            "debt_ratio": 30.37,
            "inventory_turnover_ratio": 2.54,
            "account_receivable_turnover_ratio": 0.93,
            "reinvestment_rate": -112.62,
            "research_to_sale_ratio": 0.15,
            "price_fair": 72.19,
            "eps_avg_yearly": 2.06,
            "eps_latest_yearly": 2.08,
            "eps_growth_yearly": 75.96
        },
        "20162": {
            "year_quarter": 20162,
            "year": 2016,
            "quarter": 2,
            "eps": 0.38,
            "eps_growth_year": 442.86,
            "eps_4q": 1.68,
            "eps_4q_growth_year": 62.71,
            "roe": 1.66,
            "roe_4q": 7.1,
            "gross_profit": 62684,
            "gross_margin": 22.46,
            "gross_margin_4q_avg": 21.44,
            "net_income": 15035,
            "net_income_4q": null,
            "revenue": 279058,
            "revenue_4q": null,
            "common_shares": 350594,
            "book_valuer_per_share": 23.98,
            "book_valuer_per_share_4q_avg": 23.97,
            "equity": 900223,
            "current_ratio": 283.02,
            "debt_ratio": 32.76,
            "inventory_turnover_ratio": 2.65,
            "account_receivable_turnover_ratio": 0.99,
            "reinvestment_rate": -123.74,
            "research_to_sale_ratio": 0.15,
            "price_fair": 67.38,
            "eps_avg_yearly": 1.93,
            "eps_latest_yearly": 1.52,
            "eps_growth_yearly": 62.38
        },
        "20163": {
            "year_quarter": 20163,
            "year": 2016,
            "quarter": 3,
            "eps": 2.46,
            "eps_growth_year": 1347.06,
            "eps_4q": 3.99,
            "eps_4q_growth_year": 338.22,
            "roe": 9.87,
            "roe_4q": 16.27,
            "gross_profit": 61596,
            "gross_margin": 20.34,
            "gross_margin_4q_avg": 21.36,
            "net_income": 92847,
            "net_income_4q": null,
            "revenue": 302766,
            "revenue_4q": null,
            "common_shares": 368123,
            "book_valuer_per_share": 25.02,
            "book_valuer_per_share_4q_avg": 24.35,
            "equity": 981674,
            "current_ratio": 318.64,
            "debt_ratio": 29.77,
            "inventory_turnover_ratio": 3.11,
            "account_receivable_turnover_ratio": 1.2,
            "reinvestment_rate": -96.54,
            "research_to_sale_ratio": 0.15,
            "price_fair": 82.16,
            "eps_avg_yearly": 2.35,
            "eps_latest_yearly": 9.84,
            "eps_growth_yearly": 203.53
        },
        "20164": {
            "year_quarter": 20164,
            "year": 2016,
            "quarter": 4,
            "eps": 0.25,
            "eps_growth_year": -63.7,
            "eps_4q": 3.58,
            "eps_4q_growth_year": 171.51,
            "roe": 0.95,
            "roe_4q": 14.549999999999999,
            "gross_profit": 81146,
            "gross_margin": 22.15,
            "gross_margin_4q_avg": 21.75,
            "net_income": 9370,
            "net_income_4q": null,
            "revenue": 366320,
            "revenue_4q": null,
            "common_shares": 368123,
            "book_valuer_per_share": 25.17,
            "book_valuer_per_share_4q_avg": 24.66,
            "equity": 987385,
            "current_ratio": 331.4,
            "debt_ratio": 29.19,
            "inventory_turnover_ratio": 3.87,
            "account_receivable_turnover_ratio": 1.4,
            "reinvestment_rate": -23.93,
            "research_to_sale_ratio": 0.15,
            "price_fair": 77.61,
            "eps_avg_yearly": 2.22,
            "eps_latest_yearly": 1,
            "eps_growth_yearly": 181.07
        },
        "20171": {
            "year_quarter": 20171,
            "year": 2017,
            "quarter": 1,
            "eps": 1.97,
            "eps_growth_year": 278.85,
            "eps_4q": 5.05,
            "eps_4q_growth_year": 251.17,
            "roe": 7.27,
            "roe_4q": 19.749999999999996,
            "gross_profit": 72714,
            "gross_margin": 23.36,
            "gross_margin_4q_avg": 22.08,
            "net_income": 73809,
            "net_income_4q": null,
            "revenue": 311246,
            "revenue_4q": null,
            "common_shares": 368123,
            "book_valuer_per_share": 26.69,
            "book_valuer_per_share_4q_avg": 25.22,
            "equity": 1043272,
            "current_ratio": 374.48,
            "debt_ratio": 26.45,
            "inventory_turnover_ratio": 3.01,
            "account_receivable_turnover_ratio": 1.13,
            "reinvestment_rate": -19.96,
            "research_to_sale_ratio": 0.12,
            "price_fair": 88.11,
            "eps_avg_yearly": 2.52,
            "eps_latest_yearly": 7.88,
            "eps_growth_yearly": 353.07
        },
        "20172": {
            "year_quarter": 20172,
            "year": 2017,
            "quarter": 2,
            "eps": 0.13,
            "eps_growth_year": -65.79,
            "eps_4q": 4.16,
            "eps_4q_growth_year": 147.76,
            "roe": 0.6,
            "roe_4q": 18.689999999999998,
            "gross_profit": 87256,
            "gross_margin": 20.09,
            "gross_margin_4q_avg": 21.49,
            "net_income": 6104,
            "net_income_4q": null,
            "revenue": 434219,
            "revenue_4q": null,
            "common_shares": 368123,
            "book_valuer_per_share": 25.41,
            "book_valuer_per_share_4q_avg": 25.57,
            "equity": 1002262,
            "current_ratio": 265.61,
            "debt_ratio": 35.55,
            "inventory_turnover_ratio": 2.83,
            "account_receivable_turnover_ratio": 1.53,
            "reinvestment_rate": -17.8,
            "research_to_sale_ratio": 0.1,
            "price_fair": 84.26,
            "eps_avg_yearly": 2.41,
            "eps_latest_yearly": 0.52,
            "eps_growth_yearly": 336.21
        },
        "20173": {
            "year_quarter": 20173,
            "year": 2017,
            "quarter": 3,
            "eps": 0.68,
            "eps_growth_year": -72.36,
            "eps_4q": 2.72,
            "eps_4q_growth_year": -31.68,
            "roe": 2.99,
            "roe_4q": 11.809999999999999,
            "gross_profit": 91136,
            "gross_margin": 21.9,
            "gross_margin_4q_avg": 21.88,
            "net_income": 30482,
            "net_income_4q": null,
            "revenue": 416137,
            "revenue_4q": null,
            "common_shares": 427023,
            "book_valuer_per_share": 22.68,
            "book_valuer_per_share_4q_avg": 24.99,
            "equity": 1037287,
            "current_ratio": 319.79,
            "debt_ratio": 30.66,
            "inventory_turnover_ratio": 2.19,
            "account_receivable_turnover_ratio": 1.41,
            "reinvestment_rate": -15.09,
            "research_to_sale_ratio": 0.15,
            "price_fair": 84.79,
            "eps_avg_yearly": 2.42,
            "eps_latest_yearly": 2.72,
            "eps_growth_yearly": 439.79
        },
        "20174": {
            "year_quarter": 20174,
            "year": 2017,
            "quarter": 4,
            "eps": 0.33,
            "eps_growth_year": 33.52,
            "eps_4q": 2.84,
            "eps_4q_growth_year": -20.78,
            "roe": 1.39,
            "roe_4q": 12.25,
            "gross_profit": 83682,
            "gross_margin": 20.17,
            "gross_margin_4q_avg": 21.38,
            "net_income": 14486,
            "net_income_4q": null,
            "revenue": 414937,
            "revenue_4q": null,
            "common_shares": 427023,
            "book_valuer_per_share": 22.99,
            "book_valuer_per_share_4q_avg": 24.44,
            "equity": 1051373,
            "current_ratio": 308.86,
            "debt_ratio": 31.36,
            "inventory_turnover_ratio": 2.76,
            "account_receivable_turnover_ratio": 1.42,
            "reinvestment_rate": -9.91,
            "research_to_sale_ratio": 0.16,
            "price_fair": 82.43,
            "eps_avg_yearly": 2.36,
            "eps_latest_yearly": 1.32,
            "eps_growth_yearly": 427.73
        },
        "20181": {
            "year_quarter": 20181,
            "year": 2018,
            "quarter": 1,
            "eps": 0.07,
            "eps_growth_year": -96.45,
            "eps_4q": 1.22,
            "eps_4q_growth_year": -75.92,
            "roe": 0.32,
            "roe_4q": 5.3,
            "gross_profit": 72481,
            "gross_margin": 20.66,
            "gross_margin_4q_avg": 20.71,
            "net_income": 3427,
            "net_income_4q": null,
            "revenue": 350847,
            "revenue_4q": null,
            "common_shares": 427023,
            "book_valuer_per_share": 23.16,
            "book_valuer_per_share_4q_avg": 23.56,
            "equity": 1060346,
            "current_ratio": 333.71,
            "debt_ratio": 30.1,
            "inventory_turnover_ratio": 2.59,
            "account_receivable_turnover_ratio": 1.24,
            "reinvestment_rate": -19.83,
            "research_to_sale_ratio": 0.13,
            "price_fair": 79.19,
            "eps_avg_yearly": 2.26,
            "eps_latest_yearly": 0.28,
            "eps_growth_yearly": 414.7
        },
        "20182": {
            "year_quarter": 20182,
            "year": 2018,
            "quarter": 2,
            "eps": 0.37,
            "eps_growth_year": 184.62,
            "eps_4q": 1.31,
            "eps_4q_growth_year": -68.54,
            "roe": 1.73,
            "roe_4q": 6.43,
            "gross_profit": 83536,
            "gross_margin": 19.25,
            "gross_margin_4q_avg": 20.5,
            "net_income": 17981,
            "net_income_4q": null,
            "revenue": 433966,
            "revenue_4q": null,
            "common_shares": 427023,
            "book_valuer_per_share": 22.22,
            "book_valuer_per_share_4q_avg": 22.76,
            "equity": 1019057,
            "current_ratio": 287.49,
            "debt_ratio": 34.04,
            "inventory_turnover_ratio": 2.94,
            "account_receivable_turnover_ratio": 1.5,
            "reinvestment_rate": -19.62,
            "research_to_sale_ratio": 0.16,
            "price_fair": 79.1,
            "eps_avg_yearly": 2.26,
            "eps_latest_yearly": 1.48,
            "eps_growth_yearly": 525.25
        },
        "20183": {
            "year_quarter": 20183,
            "year": 2018,
            "quarter": 3,
            "eps": 0.13,
            "eps_growth_year": -80.88,
            "eps_4q": 0.85,
            "eps_4q_growth_year": -68.82,
            "roe": 0.59,
            "roe_4q": 4.029999999999999,
            "gross_profit": 76296,
            "gross_margin": 19.15,
            "gross_margin_4q_avg": 19.81,
            "net_income": 6034,
            "net_income_4q": null,
            "revenue": 398333,
            "revenue_4q": null,
            "common_shares": 491076,
            "book_valuer_per_share": 19.19,
            "book_valuer_per_share_4q_avg": 21.89,
            "equity": 1015278,
            "current_ratio": 342.37,
            "debt_ratio": 29.75,
            "inventory_turnover_ratio": 2.75,
            "account_receivable_turnover_ratio": 1.34,
            "reinvestment_rate": -18.17,
            "research_to_sale_ratio": 0.18,
            "price_fair": 77.7,
            "eps_avg_yearly": 2.22,
            "eps_latest_yearly": 0.52,
            "eps_growth_yearly": 514.95
        },
        "20184": {
            "year_quarter": 20184,
            "year": 2018,
            "quarter": 4,
            "eps": 0.17,
            "eps_growth_year": -49.89,
            "eps_4q": 0.73,
            "eps_4q_growth_year": -74.38,
            "roe": 0.67,
            "roe_4q": 3.31,
            "gross_profit": 68205,
            "gross_margin": 17.49,
            "gross_margin_4q_avg": 19.14,
            "net_income": 6867,
            "net_income_4q": null,
            "revenue": 389969,
            "revenue_4q": null,
            "common_shares": 491076,
            "book_valuer_per_share": 19.38,
            "book_valuer_per_share_4q_avg": 20.99,
            "equity": 1022455,
            "current_ratio": 428.38,
            "debt_ratio": 25.98,
            "inventory_turnover_ratio": 3.06,
            "account_receivable_turnover_ratio": 1.4,
            "reinvestment_rate": -18.62,
            "research_to_sale_ratio": 0.24,
            "price_fair": 76.83,
            "eps_avg_yearly": 2.2,
            "eps_latest_yearly": 0.68,
            "eps_growth_yearly": 524.37
        },
        "20191": {
            "year_quarter": 20191,
            "year": 2019,
            "quarter": 1,
            "eps": 0.19,
            "eps_growth_year": 171.43,
            "eps_4q": 0.86,
            "eps_4q_growth_year": -29.47,
            "roe": 0.84,
            "roe_4q": 3.83,
            "gross_profit": 52738,
            "gross_margin": 14.81,
            "gross_margin_4q_avg": 17.68,
            "net_income": 8720,
            "net_income_4q": null,
            "revenue": 356190,
            "revenue_4q": null,
            "common_shares": 491076,
            "book_valuer_per_share": 19.87,
            "book_valuer_per_share_4q_avg": 20.17,
            "equity": 1046952,
            "current_ratio": 382.71,
            "debt_ratio": 27.12,
            "inventory_turnover_ratio": 3.04,
            "account_receivable_turnover_ratio": 1.35,
            "reinvestment_rate": -15.38,
            "research_to_sale_ratio": 0.19,
            "price_fair": 74.99,
            "eps_avg_yearly": 2.14,
            "eps_latest_yearly": 0.76,
            "eps_growth_yearly": 515.27
        },
        "20192": {
            "year_quarter": 20192,
            "year": 2019,
            "quarter": 2,
            "eps": 0.11,
            "eps_growth_year": -70.27,
            "eps_4q": 0.59,
            "eps_4q_growth_year": -54.91,
            "roe": 0.34,
            "roe_4q": 2.44,
            "gross_profit": 51309,
            "gross_margin": 15.06,
            "gross_margin_4q_avg": 16.63,
            "net_income": 3561,
            "net_income_4q": null,
            "revenue": 340634,
            "revenue_4q": null,
            "common_shares": 491076,
            "book_valuer_per_share": 19.29,
            "book_valuer_per_share_4q_avg": 19.43,
            "equity": 1019443,
            "current_ratio": 293.19,
            "debt_ratio": 31.54,
            "inventory_turnover_ratio": 3.02,
            "account_receivable_turnover_ratio": 1.31,
            "reinvestment_rate": 2.79,
            "research_to_sale_ratio": 0.18,
            "price_fair": 75.34,
            "eps_avg_yearly": 2.15,
            "eps_latest_yearly": 0.44,
            "eps_growth_yearly": 525.37
        },
        "20193": {
            "year_quarter": 20193,
            "year": 2019,
            "quarter": 3,
            "eps": 0.07,
            "eps_growth_year": -46.15,
            "eps_4q": 0.53,
            "eps_4q_growth_year": -37.96,
            "roe": 0.17,
            "roe_4q": 2.02,
            "gross_profit": 54922,
            "gross_margin": 16.06,
            "gross_margin_4q_avg": 15.86,
            "net_income": 1719,
            "net_income_4q": null,
            "revenue": 341972,
            "revenue_4q": null,
            "common_shares": 505809,
            "book_valuer_per_share": 18.69,
            "book_valuer_per_share_4q_avg": 19.31,
            "equity": 1015603,
            "current_ratio": 309.06,
            "debt_ratio": 29.23,
            "inventory_turnover_ratio": 2.98,
            "account_receivable_turnover_ratio": 1.25,
            "reinvestment_rate": 10.41,
            "research_to_sale_ratio": 0.15,
            "price_fair": 74.46,
            "eps_avg_yearly": 2.13,
            "eps_latest_yearly": 0.28,
            "eps_growth_yearly": 480.57
        },
        "20194": {
            "year_quarter": 20194,
            "year": 2019,
            "quarter": 4,
            "eps": -0.11,
            "eps_growth_year": -168.99,
            "eps_4q": 0.25,
            "eps_4q_growth_year": -65.31,
            "roe": -0.6,
            "roe_4q": 0.75,
            "gross_profit": 63649,
            "gross_margin": 19.72,
            "gross_margin_4q_avg": 16.41,
            "net_income": -6100,
            "net_income_4q": null,
            "revenue": 322749,
            "revenue_4q": null,
            "common_shares": 505809,
            "book_valuer_per_share": 18.42,
            "book_valuer_per_share_4q_avg": 19.07,
            "equity": 1001055,
            "current_ratio": 269.17,
            "debt_ratio": 31.59,
            "inventory_turnover_ratio": 2.59,
            "account_receivable_turnover_ratio": 1.24,
            "reinvestment_rate": 9.68,
            "research_to_sale_ratio": 0.2,
            "price_fair": 73.08,
            "eps_avg_yearly": 2.09,
            "eps_latest_yearly": 0.28,
            "eps_growth_yearly": 432.6
        },
        "20201": {
            "year_quarter": 20201,
            "year": 2020,
            "quarter": 1,
            "eps": -0.69,
            "eps_growth_year": -463.16,
            "eps_4q": -0.63,
            "eps_4q_growth_year": -173.26,
            "roe": -3.97,
            "roe_4q": -4.0600000000000005,
            "gross_profit": 58946,
            "gross_margin": 27.46,
            "gross_margin_4q_avg": 19.58,
            "net_income": -38018,
            "net_income_4q": null,
            "revenue": 214687,
            "revenue_4q": null,
            "common_shares": 505809,
            "book_valuer_per_share": 16.86,
            "book_valuer_per_share_4q_avg": 18.32,
            "equity": 913914,
            "current_ratio": 238.25,
            "debt_ratio": 36.37,
            "inventory_turnover_ratio": 1.6,
            "account_receivable_turnover_ratio": 1.09,
            "reinvestment_rate": 2.99,
            "research_to_sale_ratio": 0.08,
            "price_fair": 73.1,
            "eps_avg_yearly": 2.09,
            "eps_latest_yearly": 0.28,
            "eps_growth_yearly": 470.23
        },
        "20202": {
            "year_quarter": 20202,
            "year": 2020,
            "quarter": 2,
            "eps": 0.88,
            "eps_growth_year": 700,
            "eps_4q": 0.14,
            "eps_4q_growth_year": -77.07,
            "roe": 4.63,
            "roe_4q": 0.22999999999999973,
            "gross_profit": 111546,
            "gross_margin": 27.85,
            "gross_margin_4q_avg": 22.77,
            "net_income": 43404,
            "net_income_4q": null,
            "revenue": 400462,
            "revenue_4q": null,
            "common_shares": 505809,
            "book_valuer_per_share": 17.78,
            "book_valuer_per_share_4q_avg": 17.94,
            "equity": 961323,
            "current_ratio": 244.35,
            "debt_ratio": 38.07,
            "inventory_turnover_ratio": 2.44,
            "account_receivable_turnover_ratio": 2.38,
            "reinvestment_rate": -16.12,
            "research_to_sale_ratio": 0.1,
            "price_fair": 74.63,
            "eps_avg_yearly": 2.13,
            "eps_latest_yearly": 0.28,
            "eps_growth_yearly": 514.68
        },
        "20203": {
            "year_quarter": 20203,
            "year": 2020,
            "quarter": 3,
            "eps": -0.07,
            "eps_growth_year": -200,
            "eps_4q": 0,
            "eps_4q_growth_year": -99.08,
            "roe": -0.43,
            "roe_4q": -0.37,
            "gross_profit": 48086,
            "gross_margin": 17.89,
            "gross_margin_4q_avg": 23.23,
            "net_income": -4110,
            "net_income_4q": null,
            "revenue": 268800,
            "revenue_4q": null,
            "common_shares": 505809,
            "book_valuer_per_share": 17.8,
            "book_valuer_per_share_4q_avg": 17.72,
            "equity": 959320,
            "current_ratio": 280.51,
            "debt_ratio": 33.52,
            "inventory_turnover_ratio": 1.67,
            "account_receivable_turnover_ratio": 1.52,
            "reinvestment_rate": -32.07,
            "research_to_sale_ratio": 0.15,
            "price_fair": 52.15,
            "eps_avg_yearly": 1.49,
            "eps_latest_yearly": 0.28,
            "eps_growth_yearly": 375.12
        },
        "20204": {
            "year_quarter": 20204,
            "year": 2020,
            "quarter": 4,
            "eps": 0.39,
            "eps_growth_year": null,
            "eps_4q": 0.5,
            "eps_4q_growth_year": 100.09,
            "roe": 1.84,
            "roe_4q": 2.07,
            "gross_profit": 64695,
            "gross_margin": 23.19,
            "gross_margin_4q_avg": 24.1,
            "net_income": 18041,
            "net_income_4q": null,
            "revenue": 279020,
            "revenue_4q": null,
            "common_shares": 505809,
            "book_valuer_per_share": 18.59,
            "book_valuer_per_share_4q_avg": 17.76,
            "equity": 999839,
            "current_ratio": 304.52,
            "debt_ratio": 33.15,
            "inventory_turnover_ratio": 1.76,
            "account_receivable_turnover_ratio": 1.66,
            "reinvestment_rate": -28.47,
            "research_to_sale_ratio": 0.35,
            "price_fair": 53.71,
            "eps_avg_yearly": 1.53,
            "eps_latest_yearly": 0.28,
            "eps_growth_yearly": 441.89
        },
        "20211": {
            "year_quarter": 20211,
            "year": 2021,
            "quarter": 1,
            "eps": -0.08,
            "eps_growth_year": null,
            "eps_4q": 1.12,
            "eps_4q_growth_year": null,
            "roe": -0.51,
            "roe_4q": 5.53,
            "gross_profit": 42780,
            "gross_margin": 17.08,
            "gross_margin_4q_avg": 21.5,
            "net_income": -5059,
            "net_income_4q": null,
            "revenue": 250498,
            "revenue_4q": null,
            "common_shares": 505809,
            "book_valuer_per_share": 18.14,
            "book_valuer_per_share_4q_avg": 18.08,
            "equity": 973801,
            "current_ratio": 274.69,
            "debt_ratio": 35.34,
            "inventory_turnover_ratio": 1.81,
            "account_receivable_turnover_ratio": 1.53,
            "reinvestment_rate": -51.3,
            "research_to_sale_ratio": 0.25,
            "price_fair": 31.5,
            "eps_avg_yearly": 0.9,
            "eps_latest_yearly": 0.28,
            "eps_growth_yearly": 210.88
        },
        "20212": {
            "year_quarter": 20212,
            "year": 2021,
            "quarter": 2,
            "eps": -0.2,
            "eps_growth_year": -122.73,
            "eps_4q": 0.04,
            "eps_4q_growth_year": -68.38,
            "roe": -1.16,
            "roe_4q": -0.25999999999999984,
            "gross_profit": 40351,
            "gross_margin": 18.63,
            "gross_margin_4q_avg": 19.2,
            "net_income": -11122,
            "net_income_4q": null,
            "revenue": 216552,
            "revenue_4q": null,
            "common_shares": 505809,
            "book_valuer_per_share": 17.6,
            "book_valuer_per_share_4q_avg": 18.03,
            "equity": 942911,
            "current_ratio": 294.92,
            "debt_ratio": 33.43,
            "inventory_turnover_ratio": 1.69,
            "account_receivable_turnover_ratio": 1.45,
            "reinvestment_rate": -63.94,
            "research_to_sale_ratio": 0.2,
            "price_fair": 32.98,
            "eps_avg_yearly": 0.94,
            "eps_latest_yearly": 0.28,
            "eps_growth_yearly": 275.82
        },
        "20213": {
            "year_quarter": 20213,
            "year": 2021,
            "quarter": 3,
            "eps": -0.66,
            "eps_growth_year": null,
            "eps_4q": -0.56,
            "eps_4q_growth_year": -11529.61,
            "roe": -3.93,
            "roe_4q": -3.76,
            "gross_profit": 34410,
            "gross_margin": 18.78,
            "gross_margin_4q_avg": 19.42,
            "net_income": -36165,
            "net_income_4q": null,
            "revenue": 183242,
            "revenue_4q": null,
            "common_shares": 505809,
            "book_valuer_per_share": 16.84,
            "book_valuer_per_share_4q_avg": 17.79,
            "equity": 899463,
            "current_ratio": 303.71,
            "debt_ratio": 32.24,
            "inventory_turnover_ratio": 1.42,
            "account_receivable_turnover_ratio": 1.45,
            "reinvestment_rate": -175.76,
            "research_to_sale_ratio": 0.5,
            "price_fair": 25.2,
            "eps_avg_yearly": 0.72,
            "eps_latest_yearly": 0.28,
            "eps_growth_yearly": 98.76
        },
        "20214": {
            "year_quarter": 20214,
            "year": 2021,
            "quarter": 4,
            "eps": -0.38,
            "eps_growth_year": -198.17,
            "eps_4q": -1.32,
            "eps_4q_growth_year": -361.59,
            "roe": -2.46,
            "roe_4q": -8.06,
            "gross_profit": 36478,
            "gross_margin": 15.96,
            "gross_margin_4q_avg": 17.61,
            "net_income": -21974,
            "net_income_4q": null,
            "revenue": 228494,
            "revenue_4q": null,
            "common_shares": 505809,
            "book_valuer_per_share": 16.58,
            "book_valuer_per_share_4q_avg": 17.29,
            "equity": 884173,
            "current_ratio": 300.32,
            "debt_ratio": 32.15,
            "inventory_turnover_ratio": 1.9,
            "account_receivable_turnover_ratio": 1.62,
            "reinvestment_rate": -1146.22,
            "research_to_sale_ratio": 0.48,
            "price_fair": 22.2,
            "eps_avg_yearly": 0.63,
            "eps_latest_yearly": 0.28,
            "eps_growth_yearly": 142.28
        },
        "20221": {
            "year_quarter": 20221,
            "year": 2022,
            "quarter": 1,
            "eps": -0.42,
            "eps_growth_year": null,
            "eps_4q": -1.66,
            "eps_4q_growth_year": -248.65,
            "roe": -2.71,
            "roe_4q": -10.26,
            "gross_profit": 33966,
            "gross_margin": 17.43,
            "gross_margin_4q_avg": 17.7,
            "net_income": -23930,
            "net_income_4q": null,
            "revenue": 194870,
            "revenue_4q": null,
            "common_shares": 505809,
            "book_valuer_per_share": 16.53,
            "book_valuer_per_share_4q_avg": 16.89,
            "equity": 880549,
            "current_ratio": 273.73,
            "debt_ratio": 33.84,
            "inventory_turnover_ratio": 1.8,
            "account_receivable_turnover_ratio": 1.38,
            "reinvestment_rate": null,
            "research_to_sale_ratio": 0.27,
            "price_fair": 24.27,
            "eps_avg_yearly": 0.69,
            "eps_latest_yearly": 0.28,
            "eps_growth_yearly": 218.51
        },
        "20222": {
            "year_quarter": 20222,
            "year": 2022,
            "quarter": 2,
            "eps": -0.25,
            "eps_growth_year": null,
            "eps_4q": -1.71,
            "eps_4q_growth_year": -4096.38,
            "roe": -1.94,
            "roe_4q": -11.040000000000001,
            "gross_profit": 35647,
            "gross_margin": 19.19,
            "gross_margin_4q_avg": 17.84,
            "net_income": -16890,
            "net_income_4q": null,
            "revenue": 185783,
            "revenue_4q": null,
            "common_shares": 505809,
            "book_valuer_per_share": 16.19,
            "book_valuer_per_share_4q_avg": 16.54,
            "equity": 858052,
            "current_ratio": 272.94,
            "debt_ratio": 33.89,
            "inventory_turnover_ratio": 1.62,
            "account_receivable_turnover_ratio": 1.52,
            "reinvestment_rate": null,
            "research_to_sale_ratio": 0.28,
            "price_fair": 1.61,
            "eps_avg_yearly": 0.54,
            "eps_latest_yearly": 0.28,
            "eps_growth_yearly": -80.64
        },
        "20223": {
            "year_quarter": 20223,
            "year": 2022,
            "quarter": 3,
            "eps": -0.27,
            "eps_growth_year": null,
            "eps_4q": -1.32,
            "eps_4q_growth_year": null,
            "roe": -1.86,
            "roe_4q": -8.969999999999999,
            "gross_profit": 30777,
            "gross_margin": 19.6,
            "gross_margin_4q_avg": 18.05,
            "net_income": -15909,
            "net_income_4q": null,
            "revenue": 157001,
            "revenue_4q": null,
            "common_shares": 505809,
            "book_valuer_per_share": 16.19,
            "book_valuer_per_share_4q_avg": 16.37,
            "equity": 856168,
            "current_ratio": 276.31,
            "debt_ratio": 33.55,
            "inventory_turnover_ratio": 1.19,
            "account_receivable_turnover_ratio": 1.36,
            "reinvestment_rate": null,
            "research_to_sale_ratio": 0.73,
            "price_fair": 1.62,
            "eps_avg_yearly": 0.54,
            "eps_latest_yearly": 0.28,
            "eps_growth_yearly": -35.93
        },
        "20224": {
            "year_quarter": 20224,
            "year": 2022,
            "quarter": 4,
            "eps": -0.34,
            "eps_growth_year": null,
            "eps_4q": -1.27,
            "eps_4q_growth_year": null,
            "roe": -2.19,
            "roe_4q": -8.7,
            "gross_profit": 32747,
            "gross_margin": 20.53,
            "gross_margin_4q_avg": 19.19,
            "net_income": -18488,
            "net_income_4q": null,
            "revenue": 159484,
            "revenue_4q": null,
            "common_shares": 505809,
            "book_valuer_per_share": 15.74,
            "book_valuer_per_share_4q_avg": 16.16,
            "equity": 833916,
            "current_ratio": 303.06,
            "debt_ratio": 30.79,
            "inventory_turnover_ratio": 1.1,
            "account_receivable_turnover_ratio": 1.54,
            "reinvestment_rate": null,
            "research_to_sale_ratio": 0.73,
            "price_fair": 1.48,
            "eps_avg_yearly": 0.49,
            "eps_latest_yearly": 0.28,
            "eps_growth_yearly": -88.94
        },
        "20231": {
            "year_quarter": 20231,
            "year": 2023,
            "quarter": 1,
            "eps": -0.39,
            "eps_growth_year": null,
            "eps_4q": -1.24,
            "eps_4q_growth_year": null,
            "roe": -2.63,
            "roe_4q": -8.620000000000001,
            "gross_profit": 28397,
            "gross_margin": 18.57,
            "gross_margin_4q_avg": 19.47,
            "net_income": -21658,
            "net_income_4q": null,
            "revenue": 152881,
            "revenue_4q": null,
            "common_shares": 505809,
            "book_valuer_per_share": 15.45,
            "book_valuer_per_share_4q_avg": 15.89,
            "equity": 814633,
            "current_ratio": 306.61,
            "debt_ratio": 30.45,
            "inventory_turnover_ratio": 1.17,
            "account_receivable_turnover_ratio": 1.51,
            "reinvestment_rate": null,
            "research_to_sale_ratio": 0.39,
            "price_fair": 1.08,
            "eps_avg_yearly": 0.36,
            "eps_latest_yearly": 0.28,
            "eps_growth_yearly": -156.94
        },
        "20232": {
            "year_quarter": 20232,
            "year": 2023,
            "quarter": 2,
            "eps": -0.17,
            "eps_growth_year": null,
            "eps_4q": -1.16,
            "eps_4q_growth_year": null,
            "roe": -1.37,
            "roe_4q": -8.049999999999999,
            "gross_profit": 37764,
            "gross_margin": 20.07,
            "gross_margin_4q_avg": 19.69,
            "net_income": -11082,
            "net_income_4q": null,
            "revenue": 188133,
            "revenue_4q": null,
            "common_shares": 505809,
            "book_valuer_per_share": 15.28,
            "book_valuer_per_share_4q_avg": 15.67,
            "equity": 805761,
            "current_ratio": 270.66,
            "debt_ratio": 33.52,
            "inventory_turnover_ratio": 1.6,
            "account_receivable_turnover_ratio": 1.81,
            "reinvestment_rate": null,
            "research_to_sale_ratio": 0.09,
            "price_fair": 0.84,
            "eps_avg_yearly": 0.28,
            "eps_latest_yearly": 0.28,
            "eps_growth_yearly": -145.45
        },
        "20233": {
            "year_quarter": 20233,
            "year": 2023,
            "quarter": 3,
            "eps": -0.26,
            "eps_growth_year": null,
            "eps_4q": -1.15,
            "eps_4q_growth_year": null,
            "roe": -1.88,
            "roe_4q": -8.07,
            "gross_profit": 31815,
            "gross_margin": 19.84,
            "gross_margin_4q_avg": 19.75,
            "net_income": -15239,
            "net_income_4q": null,
            "revenue": 160358,
            "revenue_4q": null,
            "common_shares": 505809,
            "book_valuer_per_share": 15.55,
            "book_valuer_per_share_4q_avg": 15.51,
            "equity": 817251,
            "current_ratio": 260.23,
            "debt_ratio": 34.56,
            "inventory_turnover_ratio": 1.41,
            "account_receivable_turnover_ratio": 1.47,
            "reinvestment_rate": null,
            "research_to_sale_ratio": 0.23,
            "price_fair": 0,
            "eps_avg_yearly": 0,
            "eps_latest_yearly": 0,
            "eps_growth_yearly": 0
        }
    },
    "months": {
        "2001-06": {
            "month": "2001-06",
            "price": "7.11",
            "revenue": 48273
        },
        "2001-07": {
            "month": "2001-07",
            "price": "7.74",
            "revenue": 35572
        },
        "2001-08": {
            "month": "2001-08",
            "price": "9.10",
            "revenue": 49253
        },
        "2001-09": {
            "month": "2001-09",
            "price": "8.11",
            "revenue": 45384
        },
        "2001-10": {
            "month": "2001-10",
            "price": "6.84",
            "revenue": 50187
        },
        "2001-11": {
            "month": "2001-11",
            "price": "6.98",
            "revenue": 52632
        },
        "2001-12": {
            "month": "2001-12",
            "price": "5.62",
            "revenue": 56555
        },
        "2002-01": {
            "month": "2002-01",
            "price": "5.12",
            "revenue": 41743
        },
        "2002-02": {
            "month": "2002-02",
            "price": "4.11",
            "revenue": 39487
        },
        "2002-03": {
            "month": "2002-03",
            "price": "4.64",
            "revenue": 48141
        },
        "2002-04": {
            "month": "2002-04",
            "price": "6.54",
            "revenue": 45111
        },
        "2002-05": {
            "month": "2002-05",
            "price": "6.77",
            "revenue": 47321
        },
        "2002-06": {
            "month": "2002-06",
            "price": "5.18",
            "revenue": 41035
        },
        "2002-07": {
            "month": "2002-07",
            "price": "4.88",
            "revenue": 40325
        },
        "2002-08": {
            "month": "2002-08",
            "price": "4.36",
            "revenue": 46616
        },
        "2002-09": {
            "month": "2002-09",
            "price": "4.20",
            "revenue": 45655
        },
        "2002-10": {
            "month": "2002-10",
            "price": "3.62",
            "revenue": 55736
        },
        "2002-11": {
            "month": "2002-11",
            "price": "4.98",
            "revenue": 50923
        },
        "2002-12": {
            "month": "2002-12",
            "price": "4.16",
            "revenue": 44951
        },
        "2003-01": {
            "month": "2003-01",
            "price": "4.16",
            "revenue": 51331
        },
        "2003-02": {
            "month": "2003-02",
            "price": "4.50",
            "revenue": 32898
        },
        "2003-03": {
            "month": "2003-03",
            "price": "4.39",
            "revenue": 45877
        },
        "2003-04": {
            "month": "2003-04",
            "price": "4.43",
            "revenue": 44019
        },
        "2003-05": {
            "month": "2003-05",
            "price": "4.08",
            "revenue": 42050
        },
        "2003-06": {
            "month": "2003-06",
            "price": "4.20",
            "revenue": 43599
        },
        "2003-07": {
            "month": "2003-07",
            "price": "3.93",
            "revenue": 44972
        },
        "2003-08": {
            "month": "2003-08",
            "price": "3.68",
            "revenue": 44161
        },
        "2003-09": {
            "month": "2003-09",
            "price": "3.72",
            "revenue": 51125
        },
        "2003-10": {
            "month": "2003-10",
            "price": "3.74",
            "revenue": 56663
        },
        "2003-11": {
            "month": "2003-11",
            "price": "3.57",
            "revenue": 46632
        },
        "2003-12": {
            "month": "2003-12",
            "price": "3.53",
            "revenue": 53158
        },
        "2004-01": {
            "month": "2004-01",
            "price": "3.43",
            "revenue": 49009
        },
        "2004-02": {
            "month": "2004-02",
            "price": "4.38",
            "revenue": 49284
        },
        "2004-03": {
            "month": "2004-03",
            "price": "4.06",
            "revenue": 49191
        },
        "2004-04": {
            "month": "2004-04",
            "price": "4.48",
            "revenue": 48901
        },
        "2004-05": {
            "month": "2004-05",
            "price": "4.68",
            "revenue": 44292
        },
        "2004-06": {
            "month": "2004-06",
            "price": "4.47",
            "revenue": 45754
        },
        "2004-07": {
            "month": "2004-07",
            "price": "4.24",
            "revenue": 53363
        },
        "2004-08": {
            "month": "2004-08",
            "price": "4.16",
            "revenue": 49657
        },
        "2004-09": {
            "month": "2004-09",
            "price": "3.34",
            "revenue": 53206
        },
        "2004-10": {
            "month": "2004-10",
            "price": "3.14",
            "revenue": 49214
        },
        "2004-11": {
            "month": "2004-11",
            "price": "2.83",
            "revenue": 55251
        },
        "2004-12": {
            "month": "2004-12",
            "price": "2.57",
            "revenue": 47195
        },
        "2005-01": {
            "month": "2005-01",
            "price": "2.66",
            "revenue": 43240
        },
        "2005-02": {
            "month": "2005-02",
            "price": "2.47",
            "revenue": 38929
        },
        "2005-03": {
            "month": "2005-03",
            "price": "2.64",
            "revenue": 56008
        },
        "2005-04": {
            "month": "2005-04",
            "price": "2.40",
            "revenue": 49334
        },
        "2005-05": {
            "month": "2005-05",
            "price": "2.18",
            "revenue": 47232
        },
        "2005-06": {
            "month": "2005-06",
            "price": "1.32",
            "revenue": 80912
        },
        "2005-07": {
            "month": "2005-07",
            "price": "1.24",
            "revenue": 50704
        },
        "2005-08": {
            "month": "2005-08",
            "price": "0.83",
            "revenue": 53964
        },
        "2005-09": {
            "month": "2005-09",
            "price": "1.24",
            "revenue": 60124
        },
        "2005-10": {
            "month": "2005-10",
            "price": "1.32",
            "revenue": 47075
        },
        "2005-11": {
            "month": "2005-11",
            "price": "1.30",
            "revenue": 54937
        },
        "2005-12": {
            "month": "2005-12",
            "price": "1.61",
            "revenue": 75016
        },
        "2006-01": {
            "month": "2006-01",
            "price": "2.60",
            "revenue": 60806
        },
        "2006-02": {
            "month": "2006-02",
            "price": "3.09",
            "revenue": 45699
        },
        "2006-03": {
            "month": "2006-03",
            "price": "2.17",
            "revenue": 56438
        },
        "2006-04": {
            "month": "2006-04",
            "price": "1.98",
            "revenue": 42824
        },
        "2006-06": {
            "month": "2006-06",
            "price": "1.80",
            "revenue": 55286
        },
        "2006-07": {
            "month": "2006-07",
            "price": "1.57",
            "revenue": 48913
        },
        "2006-08": {
            "month": "2006-08",
            "price": "2.59",
            "revenue": 49488
        },
        "2006-09": {
            "month": "2006-09",
            "price": "4.10",
            "revenue": 52140
        },
        "2006-10": {
            "month": "2006-10",
            "price": "3.90",
            "revenue": 45784
        },
        "2006-11": {
            "month": "2006-11",
            "price": "5.64",
            "revenue": 53357
        },
        "2006-12": {
            "month": "2006-12",
            "price": "7.58",
            "revenue": 54949
        },
        "2007-01": {
            "month": "2007-01",
            "price": "7.32",
            "revenue": 52121
        },
        "2007-02": {
            "month": "2007-02",
            "price": "7.34",
            "revenue": 45705
        },
        "2007-03": {
            "month": "2007-03",
            "price": "7.35",
            "revenue": 54931
        },
        "2007-04": {
            "month": "2007-04",
            "price": "8.43",
            "revenue": 53140
        },
        "2007-05": {
            "month": "2007-05",
            "price": "9.76",
            "revenue": 43717
        },
        "2007-06": {
            "month": "2007-06",
            "price": "9.22",
            "revenue": 63521
        },
        "2007-07": {
            "month": "2007-07",
            "price": "9.98",
            "revenue": 58686
        },
        "2007-08": {
            "month": "2007-08",
            "price": "9.41",
            "revenue": 72214
        },
        "2007-09": {
            "month": "2007-09",
            "price": "9.21",
            "revenue": 58439
        },
        "2007-10": {
            "month": "2007-10",
            "price": "10.00",
            "revenue": 66098
        },
        "2007-11": {
            "month": "2007-11",
            "price": "9.73",
            "revenue": 68891
        },
        "2007-12": {
            "month": "2007-12",
            "price": "9.75",
            "revenue": 65529
        },
        "2008-01": {
            "month": "2008-01",
            "price": "9.43",
            "revenue": 69815
        },
        "2008-02": {
            "month": "2008-02",
            "price": "10.14",
            "revenue": 67683
        },
        "2008-03": {
            "month": "2008-03",
            "price": "10.05",
            "revenue": 76275
        },
        "2008-04": {
            "month": "2008-04",
            "price": "9.36",
            "revenue": 79947
        },
        "2008-05": {
            "month": "2008-05",
            "price": "11.84",
            "revenue": 79600
        },
        "2008-06": {
            "month": "2008-06",
            "price": "13.13",
            "revenue": 94565
        },
        "2008-07": {
            "month": "2008-07",
            "price": "12.16",
            "revenue": 78565
        },
        "2008-08": {
            "month": "2008-08",
            "price": "11.76",
            "revenue": 102207
        },
        "2008-09": {
            "month": "2008-09",
            "price": "11.68",
            "revenue": 98876
        },
        "2008-10": {
            "month": "2008-10",
            "price": "11.30",
            "revenue": 103156
        },
        "2008-11": {
            "month": "2008-11",
            "price": "12.05",
            "revenue": 75593
        },
        "2008-12": {
            "month": "2008-12",
            "price": "11.19",
            "revenue": 105390
        },
        "2009-01": {
            "month": "2009-01",
            "price": "11.97",
            "revenue": 58471
        },
        "2009-02": {
            "month": "2009-02",
            "price": "11.65",
            "revenue": 71094
        },
        "2009-03": {
            "month": "2009-03",
            "price": "11.45",
            "revenue": 84678
        },
        "2009-04": {
            "month": "2009-04",
            "price": "13.45",
            "revenue": 82978
        },
        "2009-05": {
            "month": "2009-05",
            "price": "17.98",
            "revenue": 81103
        },
        "2009-06": {
            "month": "2009-06",
            "price": "16.78",
            "revenue": 108842
        },
        "2009-07": {
            "month": "2009-07",
            "price": "18.05",
            "revenue": 97507
        },
        "2009-08": {
            "month": "2009-08",
            "price": "24.79",
            "revenue": 100241
        },
        "2009-09": {
            "month": "2009-09",
            "price": "39.50",
            "revenue": 100839
        },
        "2009-10": {
            "month": "2009-10",
            "price": "37.98",
            "revenue": 101251
        },
        "2009-11": {
            "month": "2009-11",
            "price": "38.26",
            "revenue": 113796
        },
        "2009-12": {
            "month": "2009-12",
            "price": "39.03",
            "revenue": 120375
        },
        "2010-01": {
            "month": "2010-01",
            "price": "41.81",
            "revenue": 89771
        },
        "2010-02": {
            "month": "2010-02",
            "price": "41.80",
            "revenue": 73291
        },
        "2010-03": {
            "month": "2010-03",
            "price": "50.10",
            "revenue": 98244
        },
        "2010-04": {
            "month": "2010-04",
            "price": "50.50",
            "revenue": 104905
        },
        "2010-05": {
            "month": "2010-05",
            "price": "40.86",
            "revenue": 111299
        },
        "2010-06": {
            "month": "2010-06",
            "price": "38.98",
            "revenue": 113632
        },
        "2010-07": {
            "month": "2010-07",
            "price": "38.63",
            "revenue": 135963
        },
        "2010-08": {
            "month": "2010-08",
            "price": "47.57",
            "revenue": 121454
        },
        "2010-09": {
            "month": "2010-09",
            "price": "42.48",
            "revenue": 126126
        },
        "2010-10": {
            "month": "2010-10",
            "price": "41.23",
            "revenue": 135185
        },
        "2010-11": {
            "month": "2010-11",
            "price": "41.18",
            "revenue": 146565
        },
        "2010-12": {
            "month": "2010-12",
            "price": "47.50",
            "revenue": 135666
        },
        "2011-01": {
            "month": "2011-01",
            "price": "46.61",
            "revenue": 103226
        },
        "2011-02": {
            "month": "2011-02",
            "price": "42.44",
            "revenue": 66344
        },
        "2011-03": {
            "month": "2011-03",
            "price": "41.97",
            "revenue": 123116
        },
        "2011-04": {
            "month": "2011-04",
            "price": "41.88",
            "revenue": 101741
        },
        "2011-05": {
            "month": "2011-05",
            "price": "40.06",
            "revenue": 91346
        },
        "2011-06": {
            "month": "2011-06",
            "price": "35.21",
            "revenue": 99503
        },
        "2011-07": {
            "month": "2011-07",
            "price": "30.71",
            "revenue": 114145
        },
        "2011-08": {
            "month": "2011-08",
            "price": "28.70",
            "revenue": 77324
        },
        "2011-09": {
            "month": "2011-09",
            "price": "26.74",
            "revenue": 91782
        },
        "2011-10": {
            "month": "2011-10",
            "price": "23.69",
            "revenue": 70812
        },
        "2011-11": {
            "month": "2011-11",
            "price": "25.05",
            "revenue": 82072
        },
        "2011-12": {
            "month": "2011-12",
            "price": "22.56",
            "revenue": 62757
        },
        "2012-01": {
            "month": "2012-01",
            "price": "22.51",
            "revenue": 71524
        },
        "2012-02": {
            "month": "2012-02",
            "price": "26.54",
            "revenue": 49180
        },
        "2012-03": {
            "month": "2012-03",
            "price": "26.53",
            "revenue": 79375
        },
        "2012-04": {
            "month": "2012-04",
            "price": "25.38",
            "revenue": 77746
        },
        "2012-05": {
            "month": "2012-05",
            "price": "28.53",
            "revenue": 62312
        },
        "2012-06": {
            "month": "2012-06",
            "price": "28.55",
            "revenue": 66205
        },
        "2012-07": {
            "month": "2012-07",
            "price": "31.01",
            "revenue": 71526
        },
        "2012-08": {
            "month": "2012-08",
            "price": "30.68",
            "revenue": 75300
        },
        "2012-09": {
            "month": "2012-09",
            "price": "32.55",
            "revenue": 57877
        },
        "2012-10": {
            "month": "2012-10",
            "price": "30.79",
            "revenue": 61102
        },
        "2012-11": {
            "month": "2012-11",
            "price": "29.04",
            "revenue": 82716
        },
        "2012-12": {
            "month": "2012-12",
            "price": "29.54",
            "revenue": 94994
        },
        "2013-01": {
            "month": "2013-01",
            "price": "30.85",
            "revenue": 112839
        },
        "2013-02": {
            "month": "2013-02",
            "price": "31.11",
            "revenue": 80243
        },
        "2013-03": {
            "month": "2013-03",
            "price": "32.11",
            "revenue": 101353
        },
        "2013-04": {
            "month": "2013-04",
            "price": "31.81",
            "revenue": 106664
        },
        "2013-05": {
            "month": "2013-05",
            "price": "31.84",
            "revenue": 124647
        },
        "2013-06": {
            "month": "2013-06",
            "price": "32.14",
            "revenue": 110602
        },
        "2013-07": {
            "month": "2013-07",
            "price": "38.30",
            "revenue": 105281
        },
        "2013-08": {
            "month": "2013-08",
            "price": "37.52",
            "revenue": 95609
        },
        "2013-09": {
            "month": "2013-09",
            "price": "37.56",
            "revenue": 110177
        },
        "2013-10": {
            "month": "2013-10",
            "price": "40.61",
            "revenue": 113538
        },
        "2013-11": {
            "month": "2013-11",
            "price": "40.04",
            "revenue": 112513
        },
        "2013-12": {
            "month": "2013-12",
            "price": "39.55",
            "revenue": 139147
        },
        "2014-01": {
            "month": "2014-01",
            "price": "42.04",
            "revenue": 112552
        },
        "2014-02": {
            "month": "2014-02",
            "price": "43.87",
            "revenue": 95414
        },
        "2014-03": {
            "month": "2014-03",
            "price": "54.64",
            "revenue": 104677
        },
        "2014-04": {
            "month": "2014-04",
            "price": "58.08",
            "revenue": 99255
        },
        "2014-05": {
            "month": "2014-05",
            "price": "48.18",
            "revenue": 108884
        },
        "2014-06": {
            "month": "2014-06",
            "price": "45.55",
            "revenue": 86311
        },
        "2014-07": {
            "month": "2014-07",
            "price": "44.39",
            "revenue": 97090
        },
        "2014-08": {
            "month": "2014-08",
            "price": "35.70",
            "revenue": 100563
        },
        "2014-09": {
            "month": "2014-09",
            "price": "34.06",
            "revenue": 112652
        },
        "2014-10": {
            "month": "2014-10",
            "price": "31.39",
            "revenue": 88200
        },
        "2014-11": {
            "month": "2014-11",
            "price": "28.29",
            "revenue": 102174
        },
        "2014-12": {
            "month": "2014-12",
            "price": "28.84",
            "revenue": 139029
        },
        "2015-01": {
            "month": "2015-01",
            "price": "30.33",
            "revenue": 127893
        },
        "2015-02": {
            "month": "2015-02",
            "price": "29.83",
            "revenue": 89963
        },
        "2015-03": {
            "month": "2015-03",
            "price": "29.22",
            "revenue": 106956
        },
        "2015-04": {
            "month": "2015-04",
            "price": "29.73",
            "revenue": 100593
        },
        "2015-05": {
            "month": "2015-05",
            "price": "28.30",
            "revenue": 117628
        },
        "2015-06": {
            "month": "2015-06",
            "price": "28.04",
            "revenue": 126654
        },
        "2015-07": {
            "month": "2015-07",
            "price": "26.52",
            "revenue": 109878
        },
        "2015-08": {
            "month": "2015-08",
            "price": "22.79",
            "revenue": 95324
        },
        "2015-09": {
            "month": "2015-09",
            "price": "21.02",
            "revenue": 110517
        },
        "2015-10": {
            "month": "2015-10",
            "price": "23.56",
            "revenue": 113319
        },
        "2015-11": {
            "month": "2015-11",
            "price": "23.67",
            "revenue": 114819
        },
        "2015-12": {
            "month": "2015-12",
            "price": "22.62",
            "revenue": 124549
        },
        "2016-01": {
            "month": "2016-01",
            "price": "21.88",
            "revenue": 100752
        },
        "2016-02": {
            "month": "2016-02",
            "price": "22.54",
            "revenue": 72692
        },
        "2016-03": {
            "month": "2016-03",
            "price": "22.92",
            "revenue": 110606
        },
        "2016-04": {
            "month": "2016-04",
            "price": "22.86",
            "revenue": 86659
        },
        "2016-05": {
            "month": "2016-05",
            "price": "23.32",
            "revenue": 94693
        },
        "2016-06": {
            "month": "2016-06",
            "price": "24.76",
            "revenue": 93268
        },
        "2016-07": {
            "month": "2016-07",
            "price": "24.09",
            "revenue": 92945
        },
        "2016-08": {
            "month": "2016-08",
            "price": "23.14",
            "revenue": 111780
        },
        "2016-09": {
            "month": "2016-09",
            "price": "22.74",
            "revenue": 101730
        },
        "2016-10": {
            "month": "2016-10",
            "price": "23.64",
            "revenue": 109549
        },
        "2016-11": {
            "month": "2016-11",
            "price": "27.74",
            "revenue": 121927
        },
        "2016-12": {
            "month": "2016-12",
            "price": "28.75",
            "revenue": 122966
        },
        "2017-01": {
            "month": "2017-01",
            "price": "28.90",
            "revenue": 116550
        },
        "2017-02": {
            "month": "2017-02",
            "price": "31.89",
            "revenue": 82958
        },
        "2017-03": {
            "month": "2017-03",
            "price": "37.67",
            "revenue": 121096
        },
        "2017-04": {
            "month": "2017-04",
            "price": "40.13",
            "revenue": 97254
        },
        "2017-05": {
            "month": "2017-05",
            "price": "50.72",
            "revenue": 150395
        },
        "2017-06": {
            "month": "2017-06",
            "price": "57.54",
            "revenue": 161679
        },
        "2017-07": {
            "month": "2017-07",
            "price": "62.69",
            "revenue": 146514
        },
        "2017-08": {
            "month": "2017-08",
            "price": "53.53",
            "revenue": 146198
        },
        "2017-09": {
            "month": "2017-09",
            "price": "43.50",
            "revenue": 139336
        },
        "2017-10": {
            "month": "2017-10",
            "price": "44.88",
            "revenue": 146648
        },
        "2017-11": {
            "month": "2017-11",
            "price": "44.75",
            "revenue": 138603
        },
        "2017-12": {
            "month": "2017-12",
            "price": "43.63",
            "revenue": 133892
        },
        "2018-01": {
            "month": "2018-01",
            "price": "42.46",
            "revenue": 134248
        },
        "2018-02": {
            "month": "2018-02",
            "price": "40.01",
            "revenue": 110367
        },
        "2018-03": {
            "month": "2018-03",
            "price": "44.67",
            "revenue": 102933
        },
        "2018-04": {
            "month": "2018-04",
            "price": "43.44",
            "revenue": 156660
        },
        "2018-05": {
            "month": "2018-05",
            "price": "43.19",
            "revenue": 121463
        },
        "2018-06": {
            "month": "2018-06",
            "price": "41.40",
            "revenue": 138244
        },
        "2018-07": {
            "month": "2018-07",
            "price": "39.85",
            "revenue": 150325
        },
        "2018-08": {
            "month": "2018-08",
            "price": "32.02",
            "revenue": 152553
        },
        "2018-09": {
            "month": "2018-09",
            "price": "30.10",
            "revenue": 105908
        },
        "2018-10": {
            "month": "2018-10",
            "price": "26.50",
            "revenue": 132176
        },
        "2018-11": {
            "month": "2018-11",
            "price": "25.45",
            "revenue": 137822
        },
        "2018-12": {
            "month": "2018-12",
            "price": "25.38",
            "revenue": 130894
        },
        "2019-01": {
            "month": "2019-01",
            "price": "25.15",
            "revenue": 118762
        },
        "2019-02": {
            "month": "2019-02",
            "price": "27.31",
            "revenue": 91935
        },
        "2019-03": {
            "month": "2019-03",
            "price": "27.88",
            "revenue": 145766
        },
        "2019-04": {
            "month": "2019-04",
            "price": "27.96",
            "revenue": 103463
        },
        "2019-05": {
            "month": "2019-05",
            "price": "27.58",
            "revenue": 112752
        },
        "2019-06": {
            "month": "2019-06",
            "price": "27.21",
            "revenue": 116766
        },
        "2019-07": {
            "month": "2019-07",
            "price": "27.76",
            "revenue": 108917
        },
        "2019-08": {
            "month": "2019-08",
            "price": "25.47",
            "revenue": 97873
        },
        "2019-09": {
            "month": "2019-09",
            "price": "24.90",
            "revenue": 139900
        },
        "2019-10": {
            "month": "2019-10",
            "price": "24.78",
            "revenue": 108096
        },
        "2019-11": {
            "month": "2019-11",
            "price": "24.59",
            "revenue": 116819
        },
        "2019-12": {
            "month": "2019-12",
            "price": "23.84",
            "revenue": 101037
        },
        "2020-01": {
            "month": "2020-01",
            "price": "24.01",
            "revenue": 62868
        },
        "2020-02": {
            "month": "2020-02",
            "price": "24.99",
            "revenue": 66666
        },
        "2020-03": {
            "month": "2020-03",
            "price": "20.14",
            "revenue": 85029
        },
        "2020-04": {
            "month": "2020-04",
            "price": "21.16",
            "revenue": 122639
        },
        "2020-05": {
            "month": "2020-05",
            "price": "29.70",
            "revenue": 136332
        },
        "2020-06": {
            "month": "2020-06",
            "price": "27.70",
            "revenue": 151160
        },
        "2020-07": {
            "month": "2020-07",
            "price": "25.28",
            "revenue": 94121
        },
        "2020-08": {
            "month": "2020-08",
            "price": "24.95",
            "revenue": 88353
        },
        "2020-09": {
            "month": "2020-09",
            "price": "24.99",
            "revenue": 91097
        },
        "2020-10": {
            "month": "2020-10",
            "price": "23.05",
            "revenue": 101325
        },
        "2020-11": {
            "month": "2020-11",
            "price": "22.02",
            "revenue": 76504
        },
        "2020-12": {
            "month": "2020-12",
            "price": "21.77",
            "revenue": 95365
        },
        "2021-01": {
            "month": "2021-01",
            "price": "20.94",
            "revenue": 104746
        },
        "2021-02": {
            "month": "2021-02",
            "price": "20.53",
            "revenue": 66095
        },
        "2021-03": {
            "month": "2021-03",
            "price": "21.28",
            "revenue": 85836
        },
        "2021-04": {
            "month": "2021-04",
            "price": "22.18",
            "revenue": 65083
        },
        "2021-05": {
            "month": "2021-05",
            "price": "21.15",
            "revenue": 72630
        },
        "2021-06": {
            "month": "2021-06",
            "price": "23.07",
            "revenue": 77533
        },
        "2021-07": {
            "month": "2021-07",
            "price": "22.00",
            "revenue": 57369
        },
        "2021-08": {
            "month": "2021-08",
            "price": "21.06",
            "revenue": 68373
        },
        "2021-09": {
            "month": "2021-09",
            "price": "20.85",
            "revenue": 58638
        },
        "2021-10": {
            "month": "2021-10",
            "price": "21.07",
            "revenue": 73638
        },
        "2021-11": {
            "month": "2021-11",
            "price": "21.26",
            "revenue": 82155
        },
        "2021-12": {
            "month": "2021-12",
            "price": "21.38",
            "revenue": 73962
        },
        "2022-01": {
            "month": "2022-01",
            "price": "21.49",
            "revenue": 82838
        },
        "2022-02": {
            "month": "2022-02",
            "price": "21.34",
            "revenue": 50274
        },
        "2022-03": {
            "month": "2022-03",
            "price": "20.84",
            "revenue": 61346
        },
        "2022-04": {
            "month": "2022-04",
            "price": "20.80",
            "revenue": 55957
        },
        "2022-05": {
            "month": "2022-05",
            "price": "20.39",
            "revenue": 72252
        },
        "2022-06": {
            "month": "2022-06",
            "price": "20.40",
            "revenue": 59968
        },
        "2022-07": {
            "month": "2022-07",
            "price": "19.66",
            "revenue": 61623
        },
        "2022-08": {
            "month": "2022-08",
            "price": "20.02",
            "revenue": 44855
        },
        "2022-09": {
            "month": "2022-09",
            "price": "20.36",
            "revenue": 47534
        },
        "2022-10": {
            "month": "2022-10",
            "price": "19.82",
            "revenue": 52445
        },
        "2022-11": {
            "month": "2022-11",
            "price": "20.18",
            "revenue": 51284
        },
        "2022-12": {
            "month": "2022-12",
            "price": "20.84",
            "revenue": 62598
        },
        "2023-01": {
            "month": "2023-01",
            "price": "20.35",
            "revenue": 44855
        },
        "2023-02": {
            "month": "2023-02",
            "price": "20.88",
            "revenue": 42831
        },
        "2023-03": {
            "month": "2023-03",
            "price": "21.53",
            "revenue": 65225
        },
        "2023-04": {
            "month": "2023-04",
            "price": "21.54",
            "revenue": 62412
        },
        "2023-05": {
            "month": "2023-05",
            "price": "21.79",
            "revenue": 70972
        },
        "2023-06": {
            "month": "2023-06",
            "price": "21.76",
            "revenue": 55383
        },
        "2023-07": {
            "month": "2023-07",
            "price": "21.13",
            "revenue": 52358
        },
        "2023-08": {
            "month": "2023-08",
            "price": "20.50",
            "revenue": 55649
        },
        "2023-09": {
            "month": "2023-09",
            "price": "20.51",
            "revenue": 52217
        },
        "2023-10": {
            "month": "2023-10",
            "price": "20.20",
            "revenue": 62708
        },
        "2023-11": {
            "month": "2023-11",
            "price": "20.20",
            "revenue": 66127
        }
    }
}
