{
    "summary": {
        "stock_name": "青鋼",
        "stock_id": "8930",
        "category": "鋼鐵",
        "main_business": "輕鋼架.防火門之製造,買賣業務<br>經營有關進出口業務<br>各種機械之製造及買賣業務",
        "website_url": "http://www.ckm.com.tw",
        "ceo": "陳元籐",
        "pe_ratio": 13,
        "report_year_from": 2001,
        "report_year_to": 2023,
        "age": 22,
        "eps_negative_percentage": 4,
        "eps_growth_avg": {
            "last_all": 4.37,
            "last_2y": 45.63,
            "last_4y": 13.49,
            "last_8y": -2.82,
            "last_12y": 5.41,
            "last_16y": 7.66,
            "last_20y": 4.37,
            "at_2006_last_3y": 20.56,
            "at_2007_last_3y": 28.61,
            "at_2008_last_3y": 2.22,
            "at_2009_last_3y": 14.41,
            "at_2010_last_3y": 13.75,
            "at_2011_last_3y": 7.97,
            "at_2012_last_3y": -5.77,
            "at_2013_last_3y": 21.88,
            "at_2014_last_3y": -24.96,
            "at_2015_last_3y": -37.63,
            "at_2016_last_3y": -30,
            "at_2017_last_3y": -30,
            "at_2018_last_3y": -24.39,
            "at_2019_last_3y": 10.17,
            "at_2020_last_3y": -8.14,
            "at_2021_last_3y": -8.14,
            "at_2022_last_3y": 35.15,
            "at_2023_last_3y": 35.15,
            "at_2006_last_all": 12.96,
            "at_2007_last_all": 6.43,
            "at_2008_last_all": 4.71,
            "at_2009_last_all": 2.8,
            "at_2010_last_all": 13.31,
            "at_2011_last_all": 7.04,
            "at_2012_last_all": 0.9,
            "at_2013_last_all": 9.16,
            "at_2014_last_all": 1.53,
            "at_2015_last_all": -5.72,
            "at_2016_last_all": -5.72,
            "at_2017_last_all": 1.33,
            "at_2018_last_all": -3.33,
            "at_2019_last_all": -2.91,
            "at_2020_last_all": -6.26,
            "at_2021_last_all": -0.67,
            "at_2022_last_all": 4.37,
            "at_2023_last_all": 4.37
        },
        "latest_eps": 2.56,
        "latest_price": 32.45,
        "latest_roe": 16.06,
        "latest_gross_margin": 30.46,
        "latest_equity": 1367301,
        "latest_revenue": 368744,
        "latest_gross_profit": 112307,
        "latest_net_income": 69654,
        "latest_debt_ratio": 39.48,
        "latest_current_ratio": 440.65,
        "latest_account_receivable_turnover_ratio": 1.21,
        "latest_inventory_turnover_ratio": 0.94,
        "latest_reinvestment_rate": 89.49,
        "latest_research_to_sale_ratio": 1.1
    },
    "eps_dividends": {
        "1998": {
            "cash": 0,
            "stock": 0.7,
            "eps": 0
        },
        "1999": {
            "cash": 0.7,
            "stock": 0,
            "eps": 0
        },
        "2000": {
            "cash": 0,
            "stock": 2.2,
            "eps": 0
        },
        "2001": {
            "cash": 0,
            "stock": 0,
            "eps": 1.66
        },
        "2002": {
            "cash": 0.46,
            "stock": 1,
            "eps": 1.37
        },
        "2003": {
            "cash": 0,
            "stock": 1.15,
            "eps": 0.57
        },
        "2004": {
            "cash": 0,
            "stock": 0.32,
            "eps": 1.23
        },
        "2005": {
            "cash": 0.6,
            "stock": 0,
            "eps": 0.5
        },
        "2006": {
            "cash": 0.88,
            "stock": 0,
            "eps": 1.22
        },
        "2007": {
            "cash": 0.3,
            "stock": 0.7,
            "eps": 0.9
        },
        "2008": {
            "cash": 0.45,
            "stock": 0.45,
            "eps": 0.85
        },
        "2009": {
            "cash": 0.66,
            "stock": 0,
            "eps": 0.76
        },
        "2010": {
            "cash": 0.66,
            "stock": 0,
            "eps": 1.5
        },
        "2011": {
            "cash": 0.89,
            "stock": 0,
            "eps": 0.76
        },
        "2012": {
            "cash": 0.97,
            "stock": 0,
            "eps": 0.3
        },
        "2013": {
            "cash": 0.11,
            "stock": 0.11,
            "eps": 4
        },
        "2014": {
            "cash": 1.43,
            "stock": 0,
            "eps": 0.4
        },
        "2015": {
            "cash": 0.5,
            "stock": 0,
            "eps": -0.45
        },
        "2016": {
            "cash": 0,
            "stock": 0,
            "eps": 0.74
        },
        "2017": {
            "cash": 0.7,
            "stock": 0,
            "eps": 3.02
        },
        "2018": {
            "cash": 0.7,
            "stock": 1.8,
            "eps": 0.81
        },
        "2019": {
            "cash": 0.6,
            "stock": 0,
            "eps": 0.84
        },
        "2020": {
            "cash": 0.6,
            "stock": 0,
            "eps": 0.31
        },
        "2021": {
            "cash": 0.5,
            "stock": 0,
            "eps": 1
        },
        "2022": {
            "cash": 0.8,
            "stock": 0,
            "eps": 2.12
        },
        "2023": {
            "cash": 1,
            "stock": 0,
            "eps": 1.49
        }
    },
    "dividends": {
        "1998-04-25": {
            "cash": 0,
            "stock": 0.7
        },
        "1999-06-30": {
            "cash": 0.7,
            "stock": 0
        },
        "2000-06-17": {
            "cash": 0,
            "stock": 2.2
        },
        "2002-06-17": {
            "cash": 0.46,
            "stock": 1
        },
        "2003-06-23": {
            "cash": 0,
            "stock": 1.15
        },
        "2004-03-22": {
            "cash": 0,
            "stock": 0.32
        },
        "2005-03-17": {
            "cash": 0.6,
            "stock": 0
        },
        "2006-03-22": {
            "cash": 0.88,
            "stock": 0
        },
        "2007-03-23": {
            "cash": 0.3,
            "stock": 0.7
        },
        "2008-03-28": {
            "cash": 0.45,
            "stock": 0.45
        },
        "2009-03-24": {
            "cash": 0.66,
            "stock": 0
        },
        "2010-03-29": {
            "cash": 0.66,
            "stock": 0
        },
        "2011-03-25": {
            "cash": 0.89,
            "stock": 0
        },
        "2012-06-20": {
            "cash": 0.97,
            "stock": 0
        },
        "2013-06-14": {
            "cash": 0.11,
            "stock": 0.11
        },
        "2014-06-19": {
            "cash": 1.43,
            "stock": 0
        },
        "2015-08-12": {
            "cash": 0.5,
            "stock": 0
        },
        "2017-07-31": {
            "cash": 0.7,
            "stock": 0
        },
        "2018-09-26": {
            "cash": 0.7,
            "stock": 1.8
        },
        "2019-07-26": {
            "cash": 0.6,
            "stock": 0
        },
        "2020-07-16": {
            "cash": 0.6,
            "stock": 0
        },
        "2021-04-28": {
            "cash": 0.5,
            "stock": 0
        },
        "2022-04-28": {
            "cash": 0.8,
            "stock": 0
        },
        "2023-04-27": {
            "cash": 1,
            "stock": 0
        }
    },
    "prices": {
        "200101": "9.74",
        "200102": "11.66",
        "200103": "12.27",
        "200104": "10.99",
        "200105": "10.19",
        "200106": "10.02",
        "200107": "9.59",
        "200108": "9.42",
        "200109": "9.37",
        "200110": "10.10",
        "200111": "10.05",
        "200112": "14.18",
        "200201": "18.32",
        "200202": "16.42",
        "200203": "15.44",
        "200204": "15.70",
        "200205": "15.72",
        "200206": "16.46",
        "200207": "16.38",
        "200208": "15.24",
        "200209": "14.49",
        "200210": "12.93",
        "200211": "13.73",
        "200212": "14.49",
        "200301": "15.71",
        "200302": "14.93",
        "200303": "14.59",
        "200304": "14.61",
        "200305": "13.54",
        "200306": "13.56",
        "200307": "13.27",
        "200308": "12.68",
        "200309": "9.24",
        "200310": "9.31",
        "200311": "10.60",
        "200312": "10.33",
        "200401": "10.25",
        "200402": "11.26",
        "200403": "11.92",
        "200404": "11.82",
        "200405": "10.20",
        "200406": "9.85",
        "200407": "9.52",
        "200408": "9.15",
        "200409": "9.35",
        "200410": "9.24",
        "200411": "8.90",
        "200412": "8.52",
        "200501": "8.84",
        "200502": "9.03",
        "200503": "8.84",
        "200504": "8.39",
        "200505": "8.38",
        "200506": "8.43",
        "200507": "8.58",
        "200508": "8.25",
        "200509": "7.68",
        "200510": "7.16",
        "200511": "6.48",
        "200512": "6.85",
        "200601": "6.94",
        "200602": "6.57",
        "200603": "6.63",
        "200604": "8.16",
        "200605": "8.94",
        "200606": "8.95",
        "200607": "9.32",
        "200608": "9.08",
        "200609": "9.34",
        "200610": "11.28",
        "200611": "11.12",
        "200612": "11.74",
        "200701": "12.29",
        "200702": "12.29",
        "200703": "12.43",
        "200704": "14.73",
        "200705": "13.11",
        "200706": "13.56",
        "200707": "15.22",
        "200708": "17.50",
        "200709": "17.14",
        "200710": "18.90",
        "200711": "15.77",
        "200712": "13.82",
        "200801": "13.03",
        "200802": "12.99",
        "200803": "14.04",
        "200804": "15.03",
        "200805": "18.12",
        "200806": "17.49",
        "200807": "16.93",
        "200808": "14.75",
        "200809": "13.55",
        "200810": "10.99",
        "200811": "10.43",
        "200812": "9.58",
        "200901": "9.22",
        "200902": "8.58",
        "200903": "9.22",
        "200904": "10.36",
        "200905": "9.74",
        "200906": "10.22",
        "200907": "10.17",
        "200908": "10.17",
        "200909": "10.01",
        "200910": "10.36",
        "200911": "11.02",
        "200912": "12.11",
        "201001": "14.47",
        "201002": "13.31",
        "201003": "14.22",
        "201004": "14.99",
        "201005": "14.61",
        "201006": "14.60",
        "201007": "14.69",
        "201008": "14.96",
        "201009": "15.81",
        "201010": "16.49",
        "201011": "15.63",
        "201012": "15.67",
        "201101": "15.80",
        "201102": "15.60",
        "201103": "15.11",
        "201104": "15.25",
        "201105": "15.02",
        "201106": "15.99",
        "201107": "16.51",
        "201108": "14.86",
        "201109": "12.54",
        "201110": "12.12",
        "201111": "12.74",
        "201112": "13.36",
        "201201": "13.04",
        "201202": "13.06",
        "201203": "13.07",
        "201204": "12.89",
        "201205": "12.23",
        "201206": "11.54",
        "201207": "11.60",
        "201208": "10.51",
        "201209": "11.30",
        "201210": "11.36",
        "201211": "10.77",
        "201212": "11.30",
        "201301": "12.63",
        "201302": "12.26",
        "201303": "12.80",
        "201304": "13.62",
        "201305": "14.28",
        "201306": "14.93",
        "201307": "14.55",
        "201308": "14.62",
        "201309": "14.22",
        "201310": "15.12",
        "201311": "14.92",
        "201312": "14.91",
        "201401": "15.78",
        "201402": "15.97",
        "201403": "17.23",
        "201404": "17.79",
        "201405": "16.55",
        "201406": "16.26",
        "201407": "14.86",
        "201408": "14.50",
        "201409": "13.77",
        "201410": "12.86",
        "201411": "13.20",
        "201412": "13.28",
        "201501": "14.15",
        "201502": "14.16",
        "201503": "14.00",
        "201504": "13.76",
        "201505": "12.89",
        "201506": "12.48",
        "201507": "11.65",
        "201508": "10.28",
        "201509": "9.05",
        "201510": "9.04",
        "201511": "9.05",
        "201512": "8.97",
        "201601": "8.90",
        "201602": "9.18",
        "201603": "9.31",
        "201604": "9.06",
        "201605": "9.00",
        "201606": "8.98",
        "201607": "9.28",
        "201608": "10.50",
        "201609": "11.06",
        "201610": "10.68",
        "201611": "11.08",
        "201612": "12.49",
        "201701": "13.05",
        "201702": "13.01",
        "201703": "14.84",
        "201704": "14.47",
        "201705": "14.34",
        "201706": "14.46",
        "201707": "13.75",
        "201708": "13.88",
        "201709": "14.23",
        "201710": "14.11",
        "201711": "14.59",
        "201712": "14.42",
        "201801": "14.66",
        "201802": "14.92",
        "201803": "16.81",
        "201804": "18.38",
        "201805": "17.78",
        "201806": "18.02",
        "201807": "17.14",
        "201808": "16.11",
        "201809": "13.29",
        "201810": "11.98",
        "201811": "11.52",
        "201812": "12.57",
        "201901": "12.57",
        "201902": "12.63",
        "201903": "12.58",
        "201904": "12.58",
        "201905": "12.95",
        "201906": "13.12",
        "201907": "12.50",
        "201908": "12.40",
        "201909": "13.93",
        "201910": "13.91",
        "201911": "13.67",
        "201912": "13.23",
        "202001": "12.96",
        "202002": "12.33",
        "202003": "11.02",
        "202004": "11.12",
        "202005": "11.80",
        "202006": "11.85",
        "202007": "11.29",
        "202008": "11.04",
        "202009": "11.30",
        "202010": "12.13",
        "202011": "12.93",
        "202012": "13.97",
        "202101": "13.64",
        "202102": "14.06",
        "202103": "14.01",
        "202104": "16.10",
        "202105": "15.05",
        "202106": "15.37",
        "202107": "18.52",
        "202108": "16.09",
        "202109": "15.29",
        "202110": "14.63",
        "202111": "14.87",
        "202112": "15.05",
        "202201": "15.10",
        "202202": "15.12",
        "202203": "17.17",
        "202204": "17.35",
        "202205": "16.39",
        "202206": "15.64",
        "202207": "14.55",
        "202208": "16.41",
        "202209": "16.87",
        "202210": "16.14",
        "202211": "16.72",
        "202212": "16.84",
        "202301": "16.98",
        "202302": "17.47",
        "202303": "17.95",
        "202304": "17.11",
        "202305": "19.82",
        "202306": "22.38",
        "202307": "23.32",
        "202308": "27.62",
        "202309": "31.62"
    },
    "quarters": {
        "20011": {
            "year_quarter": 20011,
            "year": 2001,
            "quarter": 1,
            "eps": 0.27,
            "eps_growth_year": 28.57,
            "eps_4q": 0.86,
            "eps_4q_growth_year": null,
            "roe": 2.3,
            "roe_4q": 2.3,
            "gross_profit": 38715,
            "gross_margin": 23.06,
            "gross_margin_4q_avg": 23.06,
            "net_income": 8193,
            "revenue": 167883,
            "common_shares": 300242,
            "book_valuer_per_share": 11.98,
            "book_valuer_per_share_4q_avg": 11.98,
            "equity": 359614,
            "current_ratio": 134.16,
            "debt_ratio": 51.39,
            "inventory_turnover_ratio": 1.81,
            "account_receivable_turnover_ratio": null,
            "reinvestment_rate": null,
            "research_to_sale_ratio": null,
            "price_fair": 0,
            "eps_avg_yearly": 0,
            "eps_latest_yearly": 0,
            "eps_growth_yearly": 0
        },
        "20012": {
            "year_quarter": 20012,
            "year": 2001,
            "quarter": 2,
            "eps": 0.43,
            "eps_growth_year": 16.22,
            "eps_4q": 0.99,
            "eps_4q_growth_year": null,
            "roe": 3.65,
            "roe_4q": 5.949999999999999,
            "gross_profit": 46133,
            "gross_margin": 24.86,
            "gross_margin_4q_avg": 23.96,
            "net_income": 12980,
            "revenue": 185586,
            "common_shares": 300242,
            "book_valuer_per_share": 11.72,
            "book_valuer_per_share_4q_avg": 11.85,
            "equity": 351856,
            "current_ratio": 105.98,
            "debt_ratio": 53.61,
            "inventory_turnover_ratio": 1.87,
            "account_receivable_turnover_ratio": null,
            "reinvestment_rate": null,
            "research_to_sale_ratio": null,
            "price_fair": 0,
            "eps_avg_yearly": 0,
            "eps_latest_yearly": 0,
            "eps_growth_yearly": 0
        },
        "20013": {
            "year_quarter": 20013,
            "year": 2001,
            "quarter": 3,
            "eps": 0.49,
            "eps_growth_year": 133.33,
            "eps_4q": 1.27,
            "eps_4q_growth_year": null,
            "roe": 4.13,
            "roe_4q": 10.079999999999998,
            "gross_profit": 50108,
            "gross_margin": 25.94,
            "gross_margin_4q_avg": 24.62,
            "net_income": 14831,
            "revenue": 193136,
            "common_shares": 300242,
            "book_valuer_per_share": 12.21,
            "book_valuer_per_share_4q_avg": 11.97,
            "equity": 366687,
            "current_ratio": 118.82,
            "debt_ratio": 51.06,
            "inventory_turnover_ratio": 1.86,
            "account_receivable_turnover_ratio": null,
            "reinvestment_rate": null,
            "research_to_sale_ratio": null,
            "price_fair": 0,
            "eps_avg_yearly": 0,
            "eps_latest_yearly": 0,
            "eps_growth_yearly": 0
        },
        "20014": {
            "year_quarter": 20014,
            "year": 2001,
            "quarter": 4,
            "eps": 0.47,
            "eps_growth_year": 487.5,
            "eps_4q": 1.68,
            "eps_4q_growth_year": 118.47,
            "roe": 3.74,
            "roe_4q": 13.82,
            "gross_profit": 49207,
            "gross_margin": 24.17,
            "gross_margin_4q_avg": 24.51,
            "net_income": 13965,
            "revenue": 203554,
            "common_shares": 300242,
            "book_valuer_per_share": 12.68,
            "book_valuer_per_share_4q_avg": 12.15,
            "equity": 380652,
            "current_ratio": 150.78,
            "debt_ratio": 47.91,
            "inventory_turnover_ratio": 2.28,
            "account_receivable_turnover_ratio": null,
            "reinvestment_rate": null,
            "research_to_sale_ratio": null,
            "price_fair": 0,
            "eps_avg_yearly": 0,
            "eps_latest_yearly": 0,
            "eps_growth_yearly": 0
        },
        "20021": {
            "year_quarter": 20021,
            "year": 2002,
            "quarter": 1,
            "eps": 0.29,
            "eps_growth_year": 7.41,
            "eps_4q": 1.7,
            "eps_4q_growth_year": 97.42,
            "roe": 2.24,
            "roe_4q": 13.76,
            "gross_profit": 39180,
            "gross_margin": 21.34,
            "gross_margin_4q_avg": 24.08,
            "net_income": 8613,
            "revenue": 183575,
            "common_shares": 300242,
            "book_valuer_per_share": 12.97,
            "book_valuer_per_share_4q_avg": 12.4,
            "equity": 389265,
            "current_ratio": 151.54,
            "debt_ratio": 47.88,
            "inventory_turnover_ratio": 2.19,
            "account_receivable_turnover_ratio": null,
            "reinvestment_rate": null,
            "research_to_sale_ratio": null,
            "price_fair": 3.48,
            "eps_avg_yearly": 1.16,
            "eps_latest_yearly": 1.16,
            "eps_growth_yearly": -153.19
        },
        "20022": {
            "year_quarter": 20022,
            "year": 2002,
            "quarter": 2,
            "eps": 0.4,
            "eps_growth_year": -6.98,
            "eps_4q": 1.63,
            "eps_4q_growth_year": 64.82,
            "roe": 3.13,
            "roe_4q": 13.239999999999998,
            "gross_profit": 48752,
            "gross_margin": 22.6,
            "gross_margin_4q_avg": 23.51,
            "net_income": 12123,
            "revenue": 215755,
            "common_shares": 300242,
            "book_valuer_per_share": 12.86,
            "book_valuer_per_share_4q_avg": 12.68,
            "equity": 386221,
            "current_ratio": 148.51,
            "debt_ratio": 48.13,
            "inventory_turnover_ratio": 2.02,
            "account_receivable_turnover_ratio": null,
            "reinvestment_rate": null,
            "research_to_sale_ratio": null,
            "price_fair": 4.14,
            "eps_avg_yearly": 1.38,
            "eps_latest_yearly": 1.6,
            "eps_growth_yearly": -0.73
        },
        "20023": {
            "year_quarter": 20023,
            "year": 2002,
            "quarter": 3,
            "eps": 0.19,
            "eps_growth_year": -61.22,
            "eps_4q": 1.23,
            "eps_4q_growth_year": -3.17,
            "roe": 1.63,
            "roe_4q": 10.74,
            "gross_profit": 44377,
            "gross_margin": 20.6,
            "gross_margin_4q_avg": 22.18,
            "net_income": 6349,
            "revenue": 215393,
            "common_shares": 330266,
            "book_valuer_per_share": 11.9,
            "book_valuer_per_share_4q_avg": 12.6,
            "equity": 393175,
            "current_ratio": 127.72,
            "debt_ratio": 51.86,
            "inventory_turnover_ratio": 1.51,
            "account_receivable_turnover_ratio": null,
            "reinvestment_rate": null,
            "research_to_sale_ratio": null,
            "price_fair": 3.52,
            "eps_avg_yearly": 1.17,
            "eps_latest_yearly": 0.76,
            "eps_growth_yearly": -70.49
        },
        "20024": {
            "year_quarter": 20024,
            "year": 2002,
            "quarter": 4,
            "eps": 0.49,
            "eps_growth_year": 4.26,
            "eps_4q": 1.31,
            "eps_4q_growth_year": -22.38,
            "roe": 4.06,
            "roe_4q": 11.06,
            "gross_profit": 62064,
            "gross_margin": 22.71,
            "gross_margin_4q_avg": 21.81,
            "net_income": 16278,
            "revenue": 273297,
            "common_shares": 330266,
            "book_valuer_per_share": 12.39,
            "book_valuer_per_share_4q_avg": 12.53,
            "equity": 409345,
            "current_ratio": 108.14,
            "debt_ratio": 54.32,
            "inventory_turnover_ratio": 1.75,
            "account_receivable_turnover_ratio": null,
            "reinvestment_rate": null,
            "research_to_sale_ratio": null,
            "price_fair": 47.95,
            "eps_avg_yearly": 1.37,
            "eps_latest_yearly": 1.96,
            "eps_growth_yearly": 105.03
        },
        "20031": {
            "year_quarter": 20031,
            "year": 2003,
            "quarter": 1,
            "eps": 0.16,
            "eps_growth_year": -44.83,
            "eps_4q": 1.21,
            "eps_4q_growth_year": -28.74,
            "roe": 1.29,
            "roe_4q": 10.11,
            "gross_profit": 46155,
            "gross_margin": 18.46,
            "gross_margin_4q_avg": 21.09,
            "net_income": 5300,
            "revenue": 250045,
            "common_shares": 330266,
            "book_valuer_per_share": 12.55,
            "book_valuer_per_share_4q_avg": 12.43,
            "equity": 414630,
            "current_ratio": 113.36,
            "debt_ratio": 56.22,
            "inventory_turnover_ratio": 1.92,
            "account_receivable_turnover_ratio": null,
            "reinvestment_rate": null,
            "research_to_sale_ratio": null,
            "price_fair": 42.84,
            "eps_avg_yearly": 1.22,
            "eps_latest_yearly": 0.64,
            "eps_growth_yearly": 30.14
        },
        "20032": {
            "year_quarter": 20032,
            "year": 2003,
            "quarter": 2,
            "eps": 0.18,
            "eps_growth_year": -55,
            "eps_4q": 1.01,
            "eps_4q_growth_year": -38.47,
            "roe": 1.46,
            "roe_4q": 8.44,
            "gross_profit": 39534,
            "gross_margin": 18.26,
            "gross_margin_4q_avg": 20.01,
            "net_income": 6089,
            "revenue": 216502,
            "common_shares": 330266,
            "book_valuer_per_share": 12.68,
            "book_valuer_per_share_4q_avg": 12.38,
            "equity": 418667,
            "current_ratio": 139.07,
            "debt_ratio": 58.99,
            "inventory_turnover_ratio": 1.42,
            "account_receivable_turnover_ratio": null,
            "reinvestment_rate": null,
            "research_to_sale_ratio": null,
            "price_fair": 39.9,
            "eps_avg_yearly": 1.14,
            "eps_latest_yearly": 0.72,
            "eps_growth_yearly": 33.45
        },
        "20033": {
            "year_quarter": 20033,
            "year": 2003,
            "quarter": 3,
            "eps": 0,
            "eps_growth_year": -100,
            "eps_4q": 0.75,
            "eps_4q_growth_year": -38.62,
            "roe": 0.02,
            "roe_4q": 6.83,
            "gross_profit": 38377,
            "gross_margin": 16.99,
            "gross_margin_4q_avg": 19.11,
            "net_income": 99,
            "revenue": 225898,
            "common_shares": 368247,
            "book_valuer_per_share": 11.29,
            "book_valuer_per_share_4q_avg": 12.23,
            "equity": 415871,
            "current_ratio": 138.95,
            "debt_ratio": 56.51,
            "inventory_turnover_ratio": 1.42,
            "account_receivable_turnover_ratio": null,
            "reinvestment_rate": null,
            "research_to_sale_ratio": null,
            "price_fair": 39.9,
            "eps_avg_yearly": 1.14,
            "eps_latest_yearly": 0.72,
            "eps_growth_yearly": 33.45
        },
        "20034": {
            "year_quarter": 20034,
            "year": 2003,
            "quarter": 4,
            "eps": 0.23,
            "eps_growth_year": -53.06,
            "eps_4q": 0.54,
            "eps_4q_growth_year": -58.9,
            "roe": 2.05,
            "roe_4q": 4.82,
            "gross_profit": 40719,
            "gross_margin": 16.89,
            "gross_margin_4q_avg": 17.65,
            "net_income": 8623,
            "revenue": 241013,
            "common_shares": 368247,
            "book_valuer_per_share": 11.52,
            "book_valuer_per_share_4q_avg": 12.01,
            "equity": 424076,
            "current_ratio": 140.43,
            "debt_ratio": 57.14,
            "inventory_turnover_ratio": 1.87,
            "account_receivable_turnover_ratio": null,
            "reinvestment_rate": 53.07,
            "research_to_sale_ratio": null,
            "price_fair": 39.9,
            "eps_avg_yearly": 1.14,
            "eps_latest_yearly": 0.72,
            "eps_growth_yearly": 33.45
        },
        "20041": {
            "year_quarter": 20041,
            "year": 2004,
            "quarter": 1,
            "eps": 0.39,
            "eps_growth_year": 143.75,
            "eps_4q": 0.79,
            "eps_4q_growth_year": -34.36,
            "roe": 3.33,
            "roe_4q": 6.859999999999999,
            "gross_profit": 48990,
            "gross_margin": 18.23,
            "gross_margin_4q_avg": 17.59,
            "net_income": 14311,
            "revenue": 268713,
            "common_shares": 368247,
            "book_valuer_per_share": 11.82,
            "book_valuer_per_share_4q_avg": 11.83,
            "equity": 435106,
            "current_ratio": 134.17,
            "debt_ratio": 53.33,
            "inventory_turnover_ratio": 2.07,
            "account_receivable_turnover_ratio": null,
            "reinvestment_rate": -3.54,
            "research_to_sale_ratio": null,
            "price_fair": 42,
            "eps_avg_yearly": 1.2,
            "eps_latest_yearly": 1.56,
            "eps_growth_yearly": 68.43
        },
        "20042": {
            "year_quarter": 20042,
            "year": 2004,
            "quarter": 2,
            "eps": 0.21,
            "eps_growth_year": 16.67,
            "eps_4q": 0.84,
            "eps_4q_growth_year": -16.48,
            "roe": 1.75,
            "roe_4q": 7.1499999999999995,
            "gross_profit": 46195,
            "gross_margin": 18.98,
            "gross_margin_4q_avg": 17.77,
            "net_income": 7679,
            "revenue": 243438,
            "common_shares": 368247,
            "book_valuer_per_share": 12.07,
            "book_valuer_per_share_4q_avg": 11.68,
            "equity": 444632,
            "current_ratio": 137.14,
            "debt_ratio": 52.68,
            "inventory_turnover_ratio": 1.37,
            "account_receivable_turnover_ratio": null,
            "reinvestment_rate": -4.09,
            "research_to_sale_ratio": null,
            "price_fair": 40.43,
            "eps_avg_yearly": 1.16,
            "eps_latest_yearly": 0.84,
            "eps_growth_yearly": 36.8
        },
        "20043": {
            "year_quarter": 20043,
            "year": 2004,
            "quarter": 3,
            "eps": 0.36,
            "eps_growth_year": null,
            "eps_4q": 1.17,
            "eps_4q_growth_year": 54.89,
            "roe": 3.02,
            "roe_4q": 10.149999999999999,
            "gross_profit": 46463,
            "gross_margin": 16.56,
            "gross_margin_4q_avg": 17.67,
            "net_income": 13641,
            "revenue": 280528,
            "common_shares": 380031,
            "book_valuer_per_share": 12.08,
            "book_valuer_per_share_4q_avg": 11.87,
            "equity": 459052,
            "current_ratio": 148.69,
            "debt_ratio": 50.65,
            "inventory_turnover_ratio": 1.49,
            "account_receivable_turnover_ratio": null,
            "reinvestment_rate": -11.9,
            "research_to_sale_ratio": null,
            "price_fair": 41.53,
            "eps_avg_yearly": 1.19,
            "eps_latest_yearly": 1.44,
            "eps_growth_yearly": 64.45
        },
        "20044": {
            "year_quarter": 20044,
            "year": 2004,
            "quarter": 4,
            "eps": 0.27,
            "eps_growth_year": 17.39,
            "eps_4q": 1.21,
            "eps_4q_growth_year": 125.18,
            "roe": 2.23,
            "roe_4q": 10.33,
            "gross_profit": 44315,
            "gross_margin": 15.94,
            "gross_margin_4q_avg": 17.43,
            "net_income": 10257,
            "revenue": 278068,
            "common_shares": 380031,
            "book_valuer_per_share": 12.12,
            "book_valuer_per_share_4q_avg": 12.02,
            "equity": 460438,
            "current_ratio": 148.39,
            "debt_ratio": 53.16,
            "inventory_turnover_ratio": 1.39,
            "account_receivable_turnover_ratio": null,
            "reinvestment_rate": 40.66,
            "research_to_sale_ratio": null,
            "price_fair": 41.16,
            "eps_avg_yearly": 1.18,
            "eps_latest_yearly": 1.08,
            "eps_growth_yearly": 48.01
        },
        "20051": {
            "year_quarter": 20051,
            "year": 2005,
            "quarter": 1,
            "eps": 0.26,
            "eps_growth_year": -33.33,
            "eps_4q": 1.08,
            "eps_4q_growth_year": 36.24,
            "roe": 2.15,
            "roe_4q": 9.15,
            "gross_profit": 44195,
            "gross_margin": 15.6,
            "gross_margin_4q_avg": 16.77,
            "net_income": 9997,
            "revenue": 283224,
            "common_shares": 380031,
            "book_valuer_per_share": 12.36,
            "book_valuer_per_share_4q_avg": 12.16,
            "equity": 469897,
            "current_ratio": 167.9,
            "debt_ratio": 52.56,
            "inventory_turnover_ratio": 1.18,
            "account_receivable_turnover_ratio": null,
            "reinvestment_rate": -22.21,
            "research_to_sale_ratio": null,
            "price_fair": 40.73,
            "eps_avg_yearly": 1.16,
            "eps_latest_yearly": 1.04,
            "eps_growth_yearly": 42.3
        },
        "20052": {
            "year_quarter": 20052,
            "year": 2005,
            "quarter": 2,
            "eps": 0.1,
            "eps_growth_year": -52.38,
            "eps_4q": 1.02,
            "eps_4q_growth_year": 21.66,
            "roe": 0.8,
            "roe_4q": 8.2,
            "gross_profit": 31432,
            "gross_margin": 12.99,
            "gross_margin_4q_avg": 15.27,
            "net_income": 3677,
            "revenue": 241882,
            "common_shares": 380031,
            "book_valuer_per_share": 11.84,
            "book_valuer_per_share_4q_avg": 12.1,
            "equity": 449824,
            "current_ratio": 118.48,
            "debt_ratio": 54.74,
            "inventory_turnover_ratio": 0.97,
            "account_receivable_turnover_ratio": null,
            "reinvestment_rate": -28.86,
            "research_to_sale_ratio": null,
            "price_fair": 31.09,
            "eps_avg_yearly": 1.1,
            "eps_latest_yearly": 0.4,
            "eps_growth_yearly": 18.26
        },
        "20053": {
            "year_quarter": 20053,
            "year": 2005,
            "quarter": 3,
            "eps": -0.02,
            "eps_growth_year": -105.56,
            "eps_4q": 0.61,
            "eps_4q_growth_year": -47.86,
            "roe": -0.17,
            "roe_4q": 5.01,
            "gross_profit": 24520,
            "gross_margin": 10.24,
            "gross_margin_4q_avg": 13.69,
            "net_income": -791,
            "revenue": 239482,
            "common_shares": 380031,
            "book_valuer_per_share": 12.02,
            "book_valuer_per_share_4q_avg": 12.09,
            "equity": 456786,
            "current_ratio": 218.43,
            "debt_ratio": 45.82,
            "inventory_turnover_ratio": 1.15,
            "account_receivable_turnover_ratio": null,
            "reinvestment_rate": -29.94,
            "research_to_sale_ratio": null,
            "price_fair": 31.09,
            "eps_avg_yearly": 1.1,
            "eps_latest_yearly": 0.4,
            "eps_growth_yearly": 18.26
        },
        "20054": {
            "year_quarter": 20054,
            "year": 2005,
            "quarter": 4,
            "eps": 0.16,
            "eps_growth_year": -40.74,
            "eps_4q": 0.49,
            "eps_4q_growth_year": -59.25,
            "roe": 1.35,
            "roe_4q": 4.13,
            "gross_profit": 32550,
            "gross_margin": 12.19,
            "gross_margin_4q_avg": 12.76,
            "net_income": 6204,
            "revenue": 267070,
            "common_shares": 380031,
            "book_valuer_per_share": 12.18,
            "book_valuer_per_share_4q_avg": 12.1,
            "equity": 462892,
            "current_ratio": 173.81,
            "debt_ratio": 50.19,
            "inventory_turnover_ratio": 1.64,
            "account_receivable_turnover_ratio": null,
            "reinvestment_rate": 54.05,
            "research_to_sale_ratio": null,
            "price_fair": 31.09,
            "eps_avg_yearly": 1.1,
            "eps_latest_yearly": 0.4,
            "eps_growth_yearly": 18.26
        },
        "20061": {
            "year_quarter": 20061,
            "year": 2006,
            "quarter": 1,
            "eps": 0.22,
            "eps_growth_year": -15.38,
            "eps_4q": 0.46,
            "eps_4q_growth_year": -57.66,
            "roe": 1.8,
            "roe_4q": 3.7800000000000002,
            "gross_profit": 33668,
            "gross_margin": 13.41,
            "gross_margin_4q_avg": 12.21,
            "net_income": 8409,
            "revenue": 250985,
            "common_shares": 380031,
            "book_valuer_per_share": 12.39,
            "book_valuer_per_share_4q_avg": 12.11,
            "equity": 470722,
            "current_ratio": 207.07,
            "debt_ratio": 46.09,
            "inventory_turnover_ratio": 1.83,
            "account_receivable_turnover_ratio": null,
            "reinvestment_rate": -19.05,
            "research_to_sale_ratio": null,
            "price_fair": 37.68,
            "eps_avg_yearly": 1.08,
            "eps_latest_yearly": 0.88,
            "eps_growth_yearly": 43.53
        },
        "20062": {
            "year_quarter": 20062,
            "year": 2006,
            "quarter": 2,
            "eps": 0.57,
            "eps_growth_year": 470,
            "eps_4q": 0.93,
            "eps_4q_growth_year": -8.79,
            "roe": 4.69,
            "roe_4q": 7.67,
            "gross_profit": 41753,
            "gross_margin": 14.07,
            "gross_margin_4q_avg": 12.48,
            "net_income": 21764,
            "revenue": 296832,
            "common_shares": 380031,
            "book_valuer_per_share": 12.04,
            "book_valuer_per_share_4q_avg": 12.16,
            "equity": 457393,
            "current_ratio": 165.89,
            "debt_ratio": 51.66,
            "inventory_turnover_ratio": 2.32,
            "account_receivable_turnover_ratio": null,
            "reinvestment_rate": -17.47,
            "research_to_sale_ratio": null,
            "price_fair": 39.67,
            "eps_avg_yearly": 1.13,
            "eps_latest_yearly": 2.28,
            "eps_growth_yearly": 83.91
        },
        "20063": {
            "year_quarter": 20063,
            "year": 2006,
            "quarter": 3,
            "eps": 0.26,
            "eps_growth_year": null,
            "eps_4q": 1.23,
            "eps_4q_growth_year": 101.65,
            "roe": 2.1,
            "roe_4q": 9.940000000000001,
            "gross_profit": 35311,
            "gross_margin": 13.42,
            "gross_margin_4q_avg": 13.27,
            "net_income": 9772,
            "revenue": 263194,
            "common_shares": 380031,
            "book_valuer_per_share": 12.43,
            "book_valuer_per_share_4q_avg": 12.26,
            "equity": 472303,
            "current_ratio": 187.59,
            "debt_ratio": 47.78,
            "inventory_turnover_ratio": 1.89,
            "account_receivable_turnover_ratio": null,
            "reinvestment_rate": -33.29,
            "research_to_sale_ratio": null,
            "price_fair": 40.48,
            "eps_avg_yearly": 1.16,
            "eps_latest_yearly": 1.04,
            "eps_growth_yearly": 83.28
        },
        "20064": {
            "year_quarter": 20064,
            "year": 2006,
            "quarter": 4,
            "eps": 0.17,
            "eps_growth_year": 6.25,
            "eps_4q": 1.23,
            "eps_4q_growth_year": 150.83,
            "roe": 1.35,
            "roe_4q": 9.940000000000001,
            "gross_profit": 32012,
            "gross_margin": 11.38,
            "gross_margin_4q_avg": 13.07,
            "net_income": 6378,
            "revenue": 281344,
            "common_shares": 380031,
            "book_valuer_per_share": 12.4,
            "book_valuer_per_share_4q_avg": 12.32,
            "equity": 471318,
            "current_ratio": 134.06,
            "debt_ratio": 58.32,
            "inventory_turnover_ratio": 1.54,
            "account_receivable_turnover_ratio": null,
            "reinvestment_rate": 78.91,
            "research_to_sale_ratio": null,
            "price_fair": 30.57,
            "eps_avg_yearly": 1.05,
            "eps_latest_yearly": 0.68,
            "eps_growth_yearly": 19.11
        },
        "20071": {
            "year_quarter": 20071,
            "year": 2007,
            "quarter": 1,
            "eps": 0.08,
            "eps_growth_year": -63.64,
            "eps_4q": 1.1,
            "eps_4q_growth_year": 141,
            "roe": 0.62,
            "roe_4q": 8.760000000000002,
            "gross_profit": 29543,
            "gross_margin": 9.93,
            "gross_margin_4q_avg": 12.2,
            "net_income": 2964,
            "revenue": 297441,
            "common_shares": 380031,
            "book_valuer_per_share": 12.61,
            "book_valuer_per_share_4q_avg": 12.37,
            "equity": 479246,
            "current_ratio": 143.09,
            "debt_ratio": 54.49,
            "inventory_turnover_ratio": 1.29,
            "account_receivable_turnover_ratio": null,
            "reinvestment_rate": -67.47,
            "research_to_sale_ratio": null,
            "price_fair": 34.71,
            "eps_avg_yearly": 1.02,
            "eps_latest_yearly": 0.32,
            "eps_growth_yearly": 23.92
        },
        "20072": {
            "year_quarter": 20072,
            "year": 2007,
            "quarter": 2,
            "eps": 0.63,
            "eps_growth_year": 10.53,
            "eps_4q": 1.13,
            "eps_4q_growth_year": 21.7,
            "roe": 4.92,
            "roe_4q": 8.99,
            "gross_profit": 37817,
            "gross_margin": 9.71,
            "gross_margin_4q_avg": 11.11,
            "net_income": 23880,
            "revenue": 389443,
            "common_shares": 380031,
            "book_valuer_per_share": 12.94,
            "book_valuer_per_share_4q_avg": 12.6,
            "equity": 491745,
            "current_ratio": 131.13,
            "debt_ratio": 55.43,
            "inventory_turnover_ratio": 1.68,
            "account_receivable_turnover_ratio": null,
            "reinvestment_rate": -58.35,
            "research_to_sale_ratio": null,
            "price_fair": 41.07,
            "eps_avg_yearly": 1.17,
            "eps_latest_yearly": 2.52,
            "eps_growth_yearly": 248.92
        },
        "20073": {
            "year_quarter": 20073,
            "year": 2007,
            "quarter": 3,
            "eps": 0.38,
            "eps_growth_year": 46.15,
            "eps_4q": 1.2,
            "eps_4q_growth_year": -2.18,
            "roe": 3.07,
            "roe_4q": 9.959999999999999,
            "gross_profit": 36947,
            "gross_margin": 9.13,
            "gross_margin_4q_avg": 10.04,
            "net_income": 15375,
            "revenue": 404499,
            "common_shares": 406633,
            "book_valuer_per_share": 12.51,
            "book_valuer_per_share_4q_avg": 12.62,
            "equity": 508632,
            "current_ratio": 140.24,
            "debt_ratio": 54.19,
            "inventory_turnover_ratio": 1.97,
            "account_receivable_turnover_ratio": null,
            "reinvestment_rate": -59.55,
            "research_to_sale_ratio": null,
            "price_fair": 42,
            "eps_avg_yearly": 1.2,
            "eps_latest_yearly": 1.52,
            "eps_growth_yearly": 217.56
        },
        "20074": {
            "year_quarter": 20074,
            "year": 2007,
            "quarter": 4,
            "eps": -0.19,
            "eps_growth_year": -211.76,
            "eps_4q": 0.84,
            "eps_4q_growth_year": -31.97,
            "roe": -1.5,
            "roe_4q": 7.11,
            "gross_profit": 34969,
            "gross_margin": 8.44,
            "gross_margin_4q_avg": 9.3,
            "net_income": -7861,
            "revenue": 414211,
            "common_shares": 406746,
            "book_valuer_per_share": 13.23,
            "book_valuer_per_share_4q_avg": 12.82,
            "equity": 537966,
            "current_ratio": 157.4,
            "debt_ratio": 61.42,
            "inventory_turnover_ratio": 1.93,
            "account_receivable_turnover_ratio": null,
            "reinvestment_rate": 69.18,
            "research_to_sale_ratio": null,
            "price_fair": 42,
            "eps_avg_yearly": 1.2,
            "eps_latest_yearly": 1.52,
            "eps_growth_yearly": 217.56
        },
        "20081": {
            "year_quarter": 20081,
            "year": 2008,
            "quarter": 1,
            "eps": 0.33,
            "eps_growth_year": 312.5,
            "eps_4q": 1.1,
            "eps_4q_growth_year": -0.29,
            "roe": 2.48,
            "roe_4q": 8.969999999999999,
            "gross_profit": 70403,
            "gross_margin": 17.02,
            "gross_margin_4q_avg": 11.08,
            "net_income": 13453,
            "revenue": 413750,
            "common_shares": 407311,
            "book_valuer_per_share": 13.42,
            "book_valuer_per_share_4q_avg": 13.03,
            "equity": 546634,
            "current_ratio": 154.07,
            "debt_ratio": 59.29,
            "inventory_turnover_ratio": 1.58,
            "account_receivable_turnover_ratio": null,
            "reinvestment_rate": 119.95,
            "research_to_sale_ratio": null,
            "price_fair": 40.95,
            "eps_avg_yearly": 1.17,
            "eps_latest_yearly": 1.52,
            "eps_growth_yearly": 212.5
        },
        "20082": {
            "year_quarter": 20082,
            "year": 2008,
            "quarter": 2,
            "eps": 1.01,
            "eps_growth_year": 60.32,
            "eps_4q": 1.52,
            "eps_4q_growth_year": 34.38,
            "roe": 7.33,
            "roe_4q": 11.38,
            "gross_profit": 160821,
            "gross_margin": 31.84,
            "gross_margin_4q_avg": 16.61,
            "net_income": 41183,
            "revenue": 505116,
            "common_shares": 409853,
            "book_valuer_per_share": 14.08,
            "book_valuer_per_share_4q_avg": 13.31,
            "equity": 576895,
            "current_ratio": 132.08,
            "debt_ratio": 65.42,
            "inventory_turnover_ratio": 1.31,
            "account_receivable_turnover_ratio": null,
            "reinvestment_rate": 99.63,
            "research_to_sale_ratio": null,
            "price_fair": 50.28,
            "eps_avg_yearly": 1.44,
            "eps_latest_yearly": 4.04,
            "eps_growth_yearly": 296.57
        },
        "20083": {
            "year_quarter": 20083,
            "year": 2008,
            "quarter": 3,
            "eps": 0.77,
            "eps_growth_year": 102.63,
            "eps_4q": 1.86,
            "eps_4q_growth_year": 55.15,
            "roe": 5.43,
            "roe_4q": 13.74,
            "gross_profit": 125246,
            "gross_margin": 28.46,
            "gross_margin_4q_avg": 21.44,
            "net_income": 32936,
            "revenue": 440002,
            "common_shares": 434283,
            "book_valuer_per_share": 14.65,
            "book_valuer_per_share_4q_avg": 13.85,
            "equity": 636051,
            "current_ratio": 135.31,
            "debt_ratio": 61.43,
            "inventory_turnover_ratio": 0.88,
            "account_receivable_turnover_ratio": null,
            "reinvestment_rate": 118.83,
            "research_to_sale_ratio": null,
            "price_fair": 55.07,
            "eps_avg_yearly": 1.57,
            "eps_latest_yearly": 3.08,
            "eps_growth_yearly": 264.84
        },
        "20084": {
            "year_quarter": 20084,
            "year": 2008,
            "quarter": 4,
            "eps": -1.26,
            "eps_growth_year": null,
            "eps_4q": 0.79,
            "eps_4q_growth_year": -5.95,
            "roe": -8.77,
            "roe_4q": 6.470000000000001,
            "gross_profit": -92939,
            "gross_margin": -35.26,
            "gross_margin_4q_avg": 10.52,
            "net_income": -53862,
            "revenue": 263613,
            "common_shares": 434422,
            "book_valuer_per_share": 13.65,
            "book_valuer_per_share_4q_avg": 13.95,
            "equity": 592838,
            "current_ratio": 141.8,
            "debt_ratio": 58.75,
            "inventory_turnover_ratio": 1.05,
            "account_receivable_turnover_ratio": 3.04,
            "reinvestment_rate": 112.78,
            "research_to_sale_ratio": null,
            "price_fair": 56.64,
            "eps_avg_yearly": 1.62,
            "eps_latest_yearly": 3.08,
            "eps_growth_yearly": 298.01
        },
        "20091": {
            "year_quarter": 20091,
            "year": 2009,
            "quarter": 1,
            "eps": -0.71,
            "eps_growth_year": -315.15,
            "eps_4q": -0.24,
            "eps_4q_growth_year": -122.19,
            "roe": -5.29,
            "roe_4q": -1.299999999999999,
            "gross_profit": 3031,
            "gross_margin": 1.23,
            "gross_margin_4q_avg": 6.57,
            "net_income": -30861,
            "revenue": 246784,
            "common_shares": 434422,
            "book_valuer_per_share": 13.21,
            "book_valuer_per_share_4q_avg": 13.9,
            "equity": 573704,
            "current_ratio": 148.96,
            "debt_ratio": 55.78,
            "inventory_turnover_ratio": 1.07,
            "account_receivable_turnover_ratio": 1.54,
            "reinvestment_rate": 292.94,
            "research_to_sale_ratio": null,
            "price_fair": 58.66,
            "eps_avg_yearly": 1.68,
            "eps_latest_yearly": 3.08,
            "eps_growth_yearly": 329.29
        },
        "20092": {
            "year_quarter": 20092,
            "year": 2009,
            "quarter": 2,
            "eps": 0.33,
            "eps_growth_year": -67.33,
            "eps_4q": -0.88,
            "eps_4q_growth_year": -157.44,
            "roe": 2.53,
            "roe_4q": -6.1,
            "gross_profit": 88999,
            "gross_margin": 25.74,
            "gross_margin_4q_avg": 5.04,
            "net_income": 14177,
            "revenue": 345804,
            "common_shares": 434422,
            "book_valuer_per_share": 12.61,
            "book_valuer_per_share_4q_avg": 13.53,
            "equity": 547834,
            "current_ratio": 132.16,
            "debt_ratio": 60.44,
            "inventory_turnover_ratio": 1.68,
            "account_receivable_turnover_ratio": 1.89,
            "reinvestment_rate": 253.65,
            "research_to_sale_ratio": null,
            "price_fair": 63.62,
            "eps_avg_yearly": 1.82,
            "eps_latest_yearly": 3.08,
            "eps_growth_yearly": 393.23
        },
        "20093": {
            "year_quarter": 20093,
            "year": 2009,
            "quarter": 3,
            "eps": 0.83,
            "eps_growth_year": 7.79,
            "eps_4q": -0.81,
            "eps_4q_growth_year": -143.28,
            "roe": 6.36,
            "roe_4q": -5.169999999999999,
            "gross_profit": 105692,
            "gross_margin": 27.43,
            "gross_margin_4q_avg": 4.79,
            "net_income": 35778,
            "revenue": 385251,
            "common_shares": 434422,
            "book_valuer_per_share": 13.27,
            "book_valuer_per_share_4q_avg": 13.19,
            "equity": 576639,
            "current_ratio": 136.87,
            "debt_ratio": 58.74,
            "inventory_turnover_ratio": 1.78,
            "account_receivable_turnover_ratio": 1.74,
            "reinvestment_rate": 182.12,
            "research_to_sale_ratio": null,
            "price_fair": 68.88,
            "eps_avg_yearly": 1.97,
            "eps_latest_yearly": 3.32,
            "eps_growth_yearly": 414.51
        },
        "20094": {
            "year_quarter": 20094,
            "year": 2009,
            "quarter": 4,
            "eps": 0.31,
            "eps_growth_year": null,
            "eps_4q": 0.75,
            "eps_4q_growth_year": -5.58,
            "roe": 2.3,
            "roe_4q": 5.8999999999999995,
            "gross_profit": 67861,
            "gross_margin": 20.83,
            "gross_margin_4q_avg": 18.81,
            "net_income": 13311,
            "revenue": 325820,
            "common_shares": 434422,
            "book_valuer_per_share": 13.4,
            "book_valuer_per_share_4q_avg": 13.12,
            "equity": 582175,
            "current_ratio": 102.87,
            "debt_ratio": 57.15,
            "inventory_turnover_ratio": 1.3,
            "account_receivable_turnover_ratio": 3.03,
            "reinvestment_rate": 343.94,
            "research_to_sale_ratio": null,
            "price_fair": 66.56,
            "eps_avg_yearly": 1.9,
            "eps_latest_yearly": 1.24,
            "eps_growth_yearly": 354.05
        },
        "20101": {
            "year_quarter": 20101,
            "year": 2010,
            "quarter": 1,
            "eps": 0.47,
            "eps_growth_year": null,
            "eps_4q": 1.83,
            "eps_4q_growth_year": null,
            "roe": 3.4,
            "roe_4q": 14.589999999999998,
            "gross_profit": 70098,
            "gross_margin": 19.05,
            "gross_margin_4q_avg": 23.26,
            "net_income": 20220,
            "revenue": 368058,
            "common_shares": 449348,
            "book_valuer_per_share": 13.5,
            "book_valuer_per_share_4q_avg": 13.2,
            "equity": 606524,
            "current_ratio": 106.75,
            "debt_ratio": 56.8,
            "inventory_turnover_ratio": 1.31,
            "account_receivable_turnover_ratio": 1.69,
            "reinvestment_rate": 384.41,
            "research_to_sale_ratio": 0.54,
            "price_fair": 69.75,
            "eps_avg_yearly": 1.99,
            "eps_latest_yearly": 1.88,
            "eps_growth_yearly": 359.18
        },
        "20102": {
            "year_quarter": 20102,
            "year": 2010,
            "quarter": 2,
            "eps": 0.58,
            "eps_growth_year": 74.71,
            "eps_4q": 2.05,
            "eps_4q_growth_year": null,
            "roe": 4.41,
            "roe_4q": 16.47,
            "gross_profit": 110434,
            "gross_margin": 27.27,
            "gross_margin_4q_avg": 23.65,
            "net_income": 27184,
            "revenue": 404938,
            "common_shares": 466735,
            "book_valuer_per_share": 13.45,
            "book_valuer_per_share_4q_avg": 13.41,
            "equity": 627679,
            "current_ratio": 107.9,
            "debt_ratio": 56.87,
            "inventory_turnover_ratio": 1.2,
            "account_receivable_turnover_ratio": 1.81,
            "reinvestment_rate": 389.7,
            "research_to_sale_ratio": 0.57,
            "price_fair": 69.87,
            "eps_avg_yearly": 2,
            "eps_latest_yearly": 2.32,
            "eps_growth_yearly": 309.84
        },
        "20103": {
            "year_quarter": 20103,
            "year": 2010,
            "quarter": 3,
            "eps": 0.38,
            "eps_growth_year": -53.84,
            "eps_4q": 1.57,
            "eps_4q_growth_year": null,
            "roe": 2.92,
            "roe_4q": 13.030000000000001,
            "gross_profit": 50556,
            "gross_margin": 11.98,
            "gross_margin_4q_avg": 19.78,
            "net_income": 19557,
            "revenue": 421855,
            "common_shares": 496634,
            "book_valuer_per_share": 14.84,
            "book_valuer_per_share_4q_avg": 13.8,
            "equity": 710210,
            "current_ratio": 129.58,
            "debt_ratio": 50.04,
            "inventory_turnover_ratio": 1.53,
            "account_receivable_turnover_ratio": 1.74,
            "reinvestment_rate": 375.58,
            "research_to_sale_ratio": 0.41,
            "price_fair": 71.4,
            "eps_avg_yearly": 2.04,
            "eps_latest_yearly": 1.52,
            "eps_growth_yearly": 317.08
        },
        "20104": {
            "year_quarter": 20104,
            "year": 2010,
            "quarter": 4,
            "eps": 0.07,
            "eps_growth_year": -77.74,
            "eps_4q": 1.35,
            "eps_4q_growth_year": 81.34,
            "roe": 0.51,
            "roe_4q": 11.24,
            "gross_profit": 106714,
            "gross_margin": 28.1,
            "gross_margin_4q_avg": 21.6,
            "net_income": 3600,
            "revenue": 379753,
            "common_shares": 539211,
            "book_valuer_per_share": 13.38,
            "book_valuer_per_share_4q_avg": 13.79,
            "equity": 697444,
            "current_ratio": 135.08,
            "debt_ratio": 48.75,
            "inventory_turnover_ratio": 1.26,
            "account_receivable_turnover_ratio": 1.59,
            "reinvestment_rate": 264.19,
            "research_to_sale_ratio": 0.42,
            "price_fair": 70.13,
            "eps_avg_yearly": 2,
            "eps_latest_yearly": 0.28,
            "eps_growth_yearly": 300
        },
        "20111": {
            "year_quarter": 20111,
            "year": 2011,
            "quarter": 1,
            "eps": 0.48,
            "eps_growth_year": 2.13,
            "eps_4q": 1.42,
            "eps_4q_growth_year": -22.43,
            "roe": 3.51,
            "roe_4q": 11.35,
            "gross_profit": 73888,
            "gross_margin": 18.07,
            "gross_margin_4q_avg": 21.36,
            "net_income": 25295,
            "revenue": 408841,
            "common_shares": 539211,
            "book_valuer_per_share": 14.29,
            "book_valuer_per_share_4q_avg": 13.99,
            "equity": 744524,
            "current_ratio": 138.32,
            "debt_ratio": 49.5,
            "inventory_turnover_ratio": 1.64,
            "account_receivable_turnover_ratio": 1.75,
            "reinvestment_rate": 341.96,
            "research_to_sale_ratio": 0.35,
            "price_fair": 75.22,
            "eps_avg_yearly": 2.15,
            "eps_latest_yearly": 1.92,
            "eps_growth_yearly": 532.24
        },
        "20112": {
            "year_quarter": 20112,
            "year": 2011,
            "quarter": 2,
            "eps": 0.08,
            "eps_growth_year": -86.67,
            "eps_4q": 0.97,
            "eps_4q_growth_year": -52.48,
            "roe": 0.57,
            "roe_4q": 7.51,
            "gross_profit": 86473,
            "gross_margin": 22.74,
            "gross_margin_4q_avg": 20.22,
            "net_income": 4159,
            "revenue": 380342,
            "common_shares": 552414,
            "book_valuer_per_share": 13.29,
            "book_valuer_per_share_4q_avg": 13.95,
            "equity": 709907,
            "current_ratio": 174.19,
            "debt_ratio": 49.02,
            "inventory_turnover_ratio": 1.38,
            "account_receivable_turnover_ratio": 1.53,
            "reinvestment_rate": 379.4,
            "research_to_sale_ratio": 0.7,
            "price_fair": 68.22,
            "eps_avg_yearly": 1.95,
            "eps_latest_yearly": 0.32,
            "eps_growth_yearly": 251.93
        },
        "20113": {
            "year_quarter": 20113,
            "year": 2011,
            "quarter": 3,
            "eps": 0.12,
            "eps_growth_year": -67.84,
            "eps_4q": 0.72,
            "eps_4q_growth_year": -54.07,
            "roe": 0.93,
            "roe_4q": 5.52,
            "gross_profit": 35423,
            "gross_margin": 8.74,
            "gross_margin_4q_avg": 19.41,
            "net_income": 6798,
            "revenue": 405206,
            "common_shares": 569873,
            "book_valuer_per_share": 13.75,
            "book_valuer_per_share_4q_avg": 13.68,
            "equity": 758506,
            "current_ratio": 177.76,
            "debt_ratio": 48.19,
            "inventory_turnover_ratio": 1.65,
            "account_receivable_turnover_ratio": 1.56,
            "reinvestment_rate": 442.15,
            "research_to_sale_ratio": 0.42,
            "price_fair": 64.91,
            "eps_avg_yearly": 1.85,
            "eps_latest_yearly": 0.48,
            "eps_growth_yearly": 284.55
        },
        "20114": {
            "year_quarter": 20114,
            "year": 2011,
            "quarter": 4,
            "eps": 0.08,
            "eps_growth_year": 20.3,
            "eps_4q": 0.77,
            "eps_4q_growth_year": -42.79,
            "roe": 0.59,
            "roe_4q": 5.6,
            "gross_profit": 108984,
            "gross_margin": 31.16,
            "gross_margin_4q_avg": 20.18,
            "net_income": 4357,
            "revenue": 349797,
            "common_shares": 569873,
            "book_valuer_per_share": 13.93,
            "book_valuer_per_share_4q_avg": 13.82,
            "equity": 730860,
            "current_ratio": 183.32,
            "debt_ratio": 46.62,
            "inventory_turnover_ratio": 1.04,
            "account_receivable_turnover_ratio": 1.36,
            "reinvestment_rate": 261.06,
            "research_to_sale_ratio": 0.6,
            "price_fair": 60.43,
            "eps_avg_yearly": 1.73,
            "eps_latest_yearly": 0.32,
            "eps_growth_yearly": 249.72
        },
        "20121": {
            "year_quarter": 20121,
            "year": 2012,
            "quarter": 1,
            "eps": -0.02,
            "eps_growth_year": -104.17,
            "eps_4q": 0.27,
            "eps_4q_growth_year": -80.71,
            "roe": -0.13,
            "roe_4q": 1.96,
            "gross_profit": 49659,
            "gross_margin": 13.76,
            "gross_margin_4q_avg": 19.1,
            "net_income": -979,
            "revenue": 360831,
            "common_shares": 569873,
            "book_valuer_per_share": 13.74,
            "book_valuer_per_share_4q_avg": 13.68,
            "equity": 720891,
            "current_ratio": 174.25,
            "debt_ratio": 49.22,
            "inventory_turnover_ratio": 1.38,
            "account_receivable_turnover_ratio": 1.44,
            "reinvestment_rate": 270.41,
            "research_to_sale_ratio": 0.47,
            "price_fair": 60.43,
            "eps_avg_yearly": 1.73,
            "eps_latest_yearly": 0.32,
            "eps_growth_yearly": 249.72
        },
        "20122": {
            "year_quarter": 20122,
            "year": 2012,
            "quarter": 2,
            "eps": 0.01,
            "eps_growth_year": -88.77,
            "eps_4q": 0.2,
            "eps_4q_growth_year": -79.17,
            "roe": 0.06,
            "roe_4q": 1.4500000000000002,
            "gross_profit": 84487,
            "gross_margin": 23.11,
            "gross_margin_4q_avg": 19.19,
            "net_income": 453,
            "revenue": 365557,
            "common_shares": 569873,
            "book_valuer_per_share": 12.84,
            "book_valuer_per_share_4q_avg": 13.57,
            "equity": 673644,
            "current_ratio": 111.56,
            "debt_ratio": 50.54,
            "inventory_turnover_ratio": 1.34,
            "account_receivable_turnover_ratio": 1.38,
            "reinvestment_rate": 375.37,
            "research_to_sale_ratio": 0.51,
            "price_fair": 53.07,
            "eps_avg_yearly": 1.52,
            "eps_latest_yearly": 0.32,
            "eps_growth_yearly": 197.49
        },
        "20123": {
            "year_quarter": 20123,
            "year": 2012,
            "quarter": 3,
            "eps": 0.21,
            "eps_growth_year": 71.18,
            "eps_4q": 0.28,
            "eps_4q_growth_year": -60.69,
            "roe": 1.64,
            "roe_4q": 2.1599999999999997,
            "gross_profit": 35598,
            "gross_margin": 10,
            "gross_margin_4q_avg": 19.51,
            "net_income": 11068,
            "revenue": 355952,
            "common_shares": 569873,
            "book_valuer_per_share": 12.89,
            "book_valuer_per_share_4q_avg": 13.35,
            "equity": 676452,
            "current_ratio": 114.6,
            "debt_ratio": 49.6,
            "inventory_turnover_ratio": 1.62,
            "account_receivable_turnover_ratio": 1.38,
            "reinvestment_rate": 394.14,
            "research_to_sale_ratio": 0.44,
            "price_fair": 45.95,
            "eps_avg_yearly": 1.31,
            "eps_latest_yearly": 0.84,
            "eps_growth_yearly": 933.41
        },
        "20124": {
            "year_quarter": 20124,
            "year": 2012,
            "quarter": 4,
            "eps": 0.1,
            "eps_growth_year": 16.41,
            "eps_4q": 0.3,
            "eps_4q_growth_year": -61.55,
            "roe": 0.75,
            "roe_4q": 2.32,
            "gross_profit": 101912,
            "gross_margin": 32.25,
            "gross_margin_4q_avg": 19.78,
            "net_income": 5072,
            "revenue": 315964,
            "common_shares": 569873,
            "book_valuer_per_share": 12.98,
            "book_valuer_per_share_4q_avg": 13.11,
            "equity": 681081,
            "current_ratio": 108.86,
            "debt_ratio": 52.24,
            "inventory_turnover_ratio": 1.16,
            "account_receivable_turnover_ratio": 1.33,
            "reinvestment_rate": 269.19,
            "research_to_sale_ratio": 0.47,
            "price_fair": 43.28,
            "eps_avg_yearly": 1.24,
            "eps_latest_yearly": 0.4,
            "eps_growth_yearly": 838.16
        },
        "20131": {
            "year_quarter": 20131,
            "year": 2013,
            "quarter": 1,
            "eps": 0.02,
            "eps_growth_year": null,
            "eps_4q": 0.34,
            "eps_4q_growth_year": 23.73,
            "roe": 0.17,
            "roe_4q": 2.62,
            "gross_profit": 59876,
            "gross_margin": 19.21,
            "gross_margin_4q_avg": 21.14,
            "net_income": 1144,
            "revenue": 311692,
            "common_shares": 553493,
            "book_valuer_per_share": 13.19,
            "book_valuer_per_share_4q_avg": 12.98,
            "equity": 692128,
            "current_ratio": 124.03,
            "debt_ratio": 53.92,
            "inventory_turnover_ratio": 1.33,
            "account_receivable_turnover_ratio": 1.31,
            "reinvestment_rate": -63,
            "research_to_sale_ratio": 0.57,
            "price_fair": 40.17,
            "eps_avg_yearly": 1.15,
            "eps_latest_yearly": 0.08,
            "eps_growth_yearly": 749.07
        },
        "20132": {
            "year_quarter": 20132,
            "year": 2013,
            "quarter": 2,
            "eps": 3.62,
            "eps_growth_year": 41836.98,
            "eps_4q": 3.77,
            "eps_4q_growth_year": 1759.09,
            "roe": 23.82,
            "roe_4q": 26.380000000000003,
            "gross_profit": 71129,
            "gross_margin": 20.1,
            "gross_margin_4q_avg": 20.39,
            "net_income": 191264,
            "revenue": 353903,
            "common_shares": 582562,
            "book_valuer_per_share": 16.5,
            "book_valuer_per_share_4q_avg": 13.89,
            "equity": 914012,
            "current_ratio": 87.46,
            "debt_ratio": 49.86,
            "inventory_turnover_ratio": 1.35,
            "account_receivable_turnover_ratio": 1.4,
            "reinvestment_rate": 104.6,
            "research_to_sale_ratio": 0.68,
            "price_fair": 73.5,
            "eps_avg_yearly": 2.1,
            "eps_latest_yearly": 14.48,
            "eps_growth_yearly": 5838.42
        },
        "20133": {
            "year_quarter": 20133,
            "year": 2013,
            "quarter": 3,
            "eps": 0.21,
            "eps_growth_year": -0.43,
            "eps_4q": 3.35,
            "eps_4q_growth_year": 1081.36,
            "roe": 1.36,
            "roe_4q": 26.1,
            "gross_profit": 79415,
            "gross_margin": 20.73,
            "gross_margin_4q_avg": 23.07,
            "net_income": 13146,
            "revenue": 383180,
            "common_shares": 639287,
            "book_valuer_per_share": 16.2,
            "book_valuer_per_share_4q_avg": 14.72,
            "equity": 1017347,
            "current_ratio": 98.21,
            "debt_ratio": 43.66,
            "inventory_turnover_ratio": 1.54,
            "account_receivable_turnover_ratio": 1.42,
            "reinvestment_rate": 116.7,
            "research_to_sale_ratio": 0.75,
            "price_fair": 67.3,
            "eps_avg_yearly": 1.92,
            "eps_latest_yearly": 0.84,
            "eps_growth_yearly": 5768.22
        },
        "20134": {
            "year_quarter": 20134,
            "year": 2013,
            "quarter": 4,
            "eps": 0.15,
            "eps_growth_year": 54.39,
            "eps_4q": 3.29,
            "eps_4q_growth_year": 1007.03,
            "roe": 0.93,
            "roe_4q": 26.28,
            "gross_profit": 62685,
            "gross_margin": 18.12,
            "gross_margin_4q_avg": 19.54,
            "net_income": 9754,
            "revenue": 345957,
            "common_shares": 664979,
            "book_valuer_per_share": 16.37,
            "book_valuer_per_share_4q_avg": 15.57,
            "equity": 1070285,
            "current_ratio": 105.38,
            "debt_ratio": 41.43,
            "inventory_turnover_ratio": 1.52,
            "account_receivable_turnover_ratio": 1.31,
            "reinvestment_rate": 14.66,
            "research_to_sale_ratio": 0.62,
            "price_fair": 65.7,
            "eps_avg_yearly": 1.88,
            "eps_latest_yearly": 0.6,
            "eps_growth_yearly": 5777.96
        },
        "20141": {
            "year_quarter": 20141,
            "year": 2014,
            "quarter": 1,
            "eps": 0.02,
            "eps_growth_year": 0,
            "eps_4q": 3.12,
            "eps_4q_growth_year": 824.42,
            "roe": 0.1,
            "roe_4q": 26.21,
            "gross_profit": 63585,
            "gross_margin": 19.3,
            "gross_margin_4q_avg": 19.56,
            "net_income": 1139,
            "revenue": 329481,
            "common_shares": 692209,
            "book_valuer_per_share": 16.24,
            "book_valuer_per_share_4q_avg": 16.33,
            "equity": 1119320,
            "current_ratio": 124.8,
            "debt_ratio": 38.43,
            "inventory_turnover_ratio": 1.39,
            "account_receivable_turnover_ratio": 1.31,
            "reinvestment_rate": 21.44,
            "research_to_sale_ratio": 0.76,
            "price_fair": 61.2,
            "eps_avg_yearly": 1.75,
            "eps_latest_yearly": 0.08,
            "eps_growth_yearly": 5738.45
        },
        "20142": {
            "year_quarter": 20142,
            "year": 2014,
            "quarter": 2,
            "eps": 0.09,
            "eps_growth_year": -97.51,
            "eps_4q": 0.45,
            "eps_4q_growth_year": -88.11,
            "roe": 0.58,
            "roe_4q": 2.9699999999999998,
            "gross_profit": 83411,
            "gross_margin": 21.51,
            "gross_margin_4q_avg": 19.92,
            "net_income": 6152,
            "revenue": 387836,
            "common_shares": 700132,
            "book_valuer_per_share": 14.69,
            "book_valuer_per_share_4q_avg": 15.88,
            "equity": 990457,
            "current_ratio": 147.55,
            "debt_ratio": 47.81,
            "inventory_turnover_ratio": 1.57,
            "account_receivable_turnover_ratio": 1.38,
            "reinvestment_rate": 10.49,
            "research_to_sale_ratio": 0.5,
            "price_fair": 56.3,
            "eps_avg_yearly": 1.61,
            "eps_latest_yearly": 0.36,
            "eps_growth_yearly": 5831.76
        },
        "20143": {
            "year_quarter": 20143,
            "year": 2014,
            "quarter": 3,
            "eps": 0.23,
            "eps_growth_year": 9.52,
            "eps_4q": 0.48,
            "eps_4q_growth_year": -85.68,
            "roe": 1.53,
            "roe_4q": 3.14,
            "gross_profit": 63591,
            "gross_margin": 18.71,
            "gross_margin_4q_avg": 19.41,
            "net_income": 15333,
            "revenue": 339914,
            "common_shares": 700132,
            "book_valuer_per_share": 15.08,
            "book_valuer_per_share_4q_avg": 15.6,
            "equity": 1016555,
            "current_ratio": 191.65,
            "debt_ratio": 46.66,
            "inventory_turnover_ratio": 1.42,
            "account_receivable_turnover_ratio": 1.1,
            "reinvestment_rate": 9.41,
            "research_to_sale_ratio": 0.53,
            "price_fair": 54.8,
            "eps_avg_yearly": 1.57,
            "eps_latest_yearly": 0.92,
            "eps_growth_yearly": 5886.06
        },
        "20144": {
            "year_quarter": 20144,
            "year": 2014,
            "quarter": 4,
            "eps": 0.06,
            "eps_growth_year": -59.17,
            "eps_4q": 0.4,
            "eps_4q_growth_year": -87.76,
            "roe": 0.4,
            "roe_4q": 2.6100000000000003,
            "gross_profit": 57840,
            "gross_margin": 18.38,
            "gross_margin_4q_avg": 19.48,
            "net_income": 4028,
            "revenue": 314626,
            "common_shares": 700132,
            "book_valuer_per_share": 15.33,
            "book_valuer_per_share_4q_avg": 15.34,
            "equity": 1013327,
            "current_ratio": 214.29,
            "debt_ratio": 43.89,
            "inventory_turnover_ratio": 1.41,
            "account_receivable_turnover_ratio": 1.09,
            "reinvestment_rate": 29.66,
            "research_to_sale_ratio": 0.59,
            "price_fair": 54.7,
            "eps_avg_yearly": 1.56,
            "eps_latest_yearly": 0.24,
            "eps_growth_yearly": 5888.25
        },
        "20151": {
            "year_quarter": 20151,
            "year": 2015,
            "quarter": 1,
            "eps": -0.08,
            "eps_growth_year": -500,
            "eps_4q": 0.3,
            "eps_4q_growth_year": -90.45,
            "roe": -0.57,
            "roe_4q": 1.94,
            "gross_profit": 52668,
            "gross_margin": 17.94,
            "gross_margin_4q_avg": 19.14,
            "net_income": -5781,
            "revenue": 293604,
            "common_shares": 700132,
            "book_valuer_per_share": 15.17,
            "book_valuer_per_share_4q_avg": 15.07,
            "equity": 1002882,
            "current_ratio": 223.46,
            "debt_ratio": 42.2,
            "inventory_turnover_ratio": 1.36,
            "account_receivable_turnover_ratio": 1.17,
            "reinvestment_rate": 21.66,
            "research_to_sale_ratio": 0.52,
            "price_fair": 53.74,
            "eps_avg_yearly": 1.54,
            "eps_latest_yearly": 0.24,
            "eps_growth_yearly": 6160.97
        },
        "20152": {
            "year_quarter": 20152,
            "year": 2015,
            "quarter": 2,
            "eps": -0.03,
            "eps_growth_year": -133.33,
            "eps_4q": 0.18,
            "eps_4q_growth_year": -60.81,
            "roe": -0.2,
            "roe_4q": 1.1600000000000001,
            "gross_profit": 54441,
            "gross_margin": 18.61,
            "gross_margin_4q_avg": 18.41,
            "net_income": -1980,
            "revenue": 292465,
            "common_shares": 700132,
            "book_valuer_per_share": 14.53,
            "book_valuer_per_share_4q_avg": 15.03,
            "equity": 960648,
            "current_ratio": 178.95,
            "debt_ratio": 47.03,
            "inventory_turnover_ratio": 1.37,
            "account_receivable_turnover_ratio": 1.25,
            "reinvestment_rate": 19.3,
            "research_to_sale_ratio": 0.57,
            "price_fair": 57.28,
            "eps_avg_yearly": 1.64,
            "eps_latest_yearly": 0.24,
            "eps_growth_yearly": 6702.16
        },
        "20153": {
            "year_quarter": 20153,
            "year": 2015,
            "quarter": 3,
            "eps": -0.19,
            "eps_growth_year": -182.61,
            "eps_4q": -0.25,
            "eps_4q_growth_year": -151.62,
            "roe": -1.32,
            "roe_4q": -1.69,
            "gross_profit": 42314,
            "gross_margin": 16.77,
            "gross_margin_4q_avg": 17.93,
            "net_income": -12653,
            "revenue": 252347,
            "common_shares": 700132,
            "book_valuer_per_share": 14.57,
            "book_valuer_per_share_4q_avg": 14.9,
            "equity": 963312,
            "current_ratio": 204,
            "debt_ratio": 43.92,
            "inventory_turnover_ratio": 1.31,
            "account_receivable_turnover_ratio": 1.13,
            "reinvestment_rate": -0.05,
            "research_to_sale_ratio": 0.64,
            "price_fair": 60.96,
            "eps_avg_yearly": 1.74,
            "eps_latest_yearly": 0.24,
            "eps_growth_yearly": 7293.27
        },
        "20154": {
            "year_quarter": 20154,
            "year": 2015,
            "quarter": 4,
            "eps": -0.15,
            "eps_growth_year": -344.94,
            "eps_4q": -0.46,
            "eps_4q_growth_year": -213.61,
            "roe": -1.04,
            "roe_4q": -3.1300000000000003,
            "gross_profit": 50885,
            "gross_margin": 20.74,
            "gross_margin_4q_avg": 18.52,
            "net_income": -9866,
            "revenue": 245364,
            "common_shares": 700132,
            "book_valuer_per_share": 14.21,
            "book_valuer_per_share_4q_avg": 14.62,
            "equity": 939211,
            "current_ratio": 272.76,
            "debt_ratio": 42.22,
            "inventory_turnover_ratio": 1.32,
            "account_receivable_turnover_ratio": 1.2,
            "reinvestment_rate": -12.2,
            "research_to_sale_ratio": 0.96,
            "price_fair": 65.94,
            "eps_avg_yearly": 1.88,
            "eps_latest_yearly": 0.24,
            "eps_growth_yearly": 8035.93
        },
        "20161": {
            "year_quarter": 20161,
            "year": 2016,
            "quarter": 1,
            "eps": -0.06,
            "eps_growth_year": null,
            "eps_4q": -0.43,
            "eps_4q_growth_year": -242.73,
            "roe": -0.39,
            "roe_4q": -2.95,
            "gross_profit": 47657,
            "gross_margin": 20.67,
            "gross_margin_4q_avg": 19.2,
            "net_income": -3665,
            "revenue": 230536,
            "common_shares": 700132,
            "book_valuer_per_share": 14.13,
            "book_valuer_per_share_4q_avg": 14.36,
            "equity": 933946,
            "current_ratio": 265.44,
            "debt_ratio": 40.79,
            "inventory_turnover_ratio": 1.32,
            "account_receivable_turnover_ratio": 1.22,
            "reinvestment_rate": -8.09,
            "research_to_sale_ratio": 0.53,
            "price_fair": 65.94,
            "eps_avg_yearly": 1.88,
            "eps_latest_yearly": 0.24,
            "eps_growth_yearly": 8035.93
        },
        "20162": {
            "year_quarter": 20162,
            "year": 2016,
            "quarter": 2,
            "eps": 0.31,
            "eps_growth_year": null,
            "eps_4q": -0.09,
            "eps_4q_growth_year": -150.43,
            "roe": 2.17,
            "roe_4q": -0.5800000000000003,
            "gross_profit": 80234,
            "gross_margin": 24.98,
            "gross_margin_4q_avg": 20.79,
            "net_income": 20334,
            "revenue": 321223,
            "common_shares": 700132,
            "book_valuer_per_share": 14.27,
            "book_valuer_per_share_4q_avg": 14.3,
            "equity": 943325,
            "current_ratio": 260.89,
            "debt_ratio": 41.62,
            "inventory_turnover_ratio": 1.82,
            "account_receivable_turnover_ratio": 1.42,
            "reinvestment_rate": -26.93,
            "research_to_sale_ratio": 0.45,
            "price_fair": 65.94,
            "eps_avg_yearly": 1.88,
            "eps_latest_yearly": 0.24,
            "eps_growth_yearly": 8035.93
        },
        "20163": {
            "year_quarter": 20163,
            "year": 2016,
            "quarter": 3,
            "eps": 0.14,
            "eps_growth_year": null,
            "eps_4q": 0.24,
            "eps_4q_growth_year": null,
            "roe": 0.99,
            "roe_4q": 1.73,
            "gross_profit": 59595,
            "gross_margin": 22.22,
            "gross_margin_4q_avg": 22.15,
            "net_income": 9311,
            "revenue": 268194,
            "common_shares": 700132,
            "book_valuer_per_share": 14.24,
            "book_valuer_per_share_4q_avg": 14.21,
            "equity": 941174,
            "current_ratio": 323.95,
            "debt_ratio": 39.69,
            "inventory_turnover_ratio": 1.58,
            "account_receivable_turnover_ratio": 1.06,
            "reinvestment_rate": -31.59,
            "research_to_sale_ratio": 0.36,
            "price_fair": 64.96,
            "eps_avg_yearly": 1.86,
            "eps_latest_yearly": 0.56,
            "eps_growth_yearly": 7213.99
        },
        "20164": {
            "year_quarter": 20164,
            "year": 2016,
            "quarter": 4,
            "eps": 0.35,
            "eps_growth_year": null,
            "eps_4q": 0.74,
            "eps_4q_growth_year": null,
            "roe": 2.44,
            "roe_4q": 5.21,
            "gross_profit": -745,
            "gross_margin": -0.39,
            "gross_margin_4q_avg": 16.87,
            "net_income": 23176,
            "revenue": 193435,
            "common_shares": 700132,
            "book_valuer_per_share": 14.48,
            "book_valuer_per_share_4q_avg": 14.28,
            "equity": 956931,
            "current_ratio": 647.31,
            "debt_ratio": 38.1,
            "inventory_turnover_ratio": 1.51,
            "account_receivable_turnover_ratio": 0.8,
            "reinvestment_rate": -167.2,
            "research_to_sale_ratio": 0.51,
            "price_fair": 68.46,
            "eps_avg_yearly": 1.96,
            "eps_latest_yearly": 1.4,
            "eps_growth_yearly": 7294.95
        },
        "20171": {
            "year_quarter": 20171,
            "year": 2017,
            "quarter": 1,
            "eps": 2.06,
            "eps_growth_year": null,
            "eps_4q": 2.81,
            "eps_4q_growth_year": null,
            "roe": 13.12,
            "roe_4q": 18.72,
            "gross_profit": 44352,
            "gross_margin": 16.53,
            "gross_margin_4q_avg": 15.84,
            "net_income": 136605,
            "revenue": 268274,
            "common_shares": 700132,
            "book_valuer_per_share": 16.7,
            "book_valuer_per_share_4q_avg": 14.92,
            "equity": 1125669,
            "current_ratio": 575.34,
            "debt_ratio": 31.23,
            "inventory_turnover_ratio": 1.87,
            "account_receivable_turnover_ratio": 1.12,
            "reinvestment_rate": 24.32,
            "research_to_sale_ratio": 0.38,
            "price_fair": 97.02,
            "eps_avg_yearly": 2.77,
            "eps_latest_yearly": 8.24,
            "eps_growth_yearly": 7522.38
        },
        "20172": {
            "year_quarter": 20172,
            "year": 2017,
            "quarter": 2,
            "eps": 0.36,
            "eps_growth_year": 16.13,
            "eps_4q": 2.87,
            "eps_4q_growth_year": null,
            "roe": 2.18,
            "roe_4q": 18.729999999999997,
            "gross_profit": 40544,
            "gross_margin": 16.02,
            "gross_margin_4q_avg": 13.6,
            "net_income": 24319,
            "revenue": 253140,
            "common_shares": 674232,
            "book_valuer_per_share": 16.36,
            "book_valuer_per_share_4q_avg": 15.45,
            "equity": 1102884,
            "current_ratio": 555.53,
            "debt_ratio": 31.69,
            "inventory_turnover_ratio": 1.65,
            "account_receivable_turnover_ratio": 1.16,
            "reinvestment_rate": -172.4,
            "research_to_sale_ratio": 0.54,
            "price_fair": 51.38,
            "eps_avg_yearly": 1.47,
            "eps_latest_yearly": 1.44,
            "eps_growth_yearly": 289.37
        },
        "20173": {
            "year_quarter": 20173,
            "year": 2017,
            "quarter": 3,
            "eps": 0.33,
            "eps_growth_year": 135.71,
            "eps_4q": 3.06,
            "eps_4q_growth_year": 1156.78,
            "roe": 2.01,
            "roe_4q": 19.75,
            "gross_profit": 39443,
            "gross_margin": 14.98,
            "gross_margin_4q_avg": 11.79,
            "net_income": 22450,
            "revenue": 263278,
            "common_shares": 674232,
            "book_valuer_per_share": 16.7,
            "book_valuer_per_share_4q_avg": 16.06,
            "equity": 1125731,
            "current_ratio": 814.79,
            "debt_ratio": 30.64,
            "inventory_turnover_ratio": 1.56,
            "account_receivable_turnover_ratio": 1.21,
            "reinvestment_rate": -170.5,
            "research_to_sale_ratio": 0.69,
            "price_fair": 53.06,
            "eps_avg_yearly": 1.52,
            "eps_latest_yearly": 1.32,
            "eps_growth_yearly": 323.71
        },
        "20174": {
            "year_quarter": 20174,
            "year": 2017,
            "quarter": 4,
            "eps": 0.27,
            "eps_growth_year": -22.86,
            "eps_4q": 2.99,
            "eps_4q_growth_year": 302.13,
            "roe": 1.61,
            "roe_4q": 18.92,
            "gross_profit": 38613,
            "gross_margin": 15.28,
            "gross_margin_4q_avg": 15.7,
            "net_income": 18234,
            "revenue": 252624,
            "common_shares": 674232,
            "book_valuer_per_share": 16.99,
            "book_valuer_per_share_4q_avg": 16.69,
            "equity": 1145600,
            "current_ratio": 890.97,
            "debt_ratio": 29.91,
            "inventory_turnover_ratio": 1.45,
            "account_receivable_turnover_ratio": 1.08,
            "reinvestment_rate": -166.3,
            "research_to_sale_ratio": 0.74,
            "price_fair": 54.74,
            "eps_avg_yearly": 1.56,
            "eps_latest_yearly": 1.08,
            "eps_growth_yearly": 327.87
        },
        "20181": {
            "year_quarter": 20181,
            "year": 2018,
            "quarter": 1,
            "eps": 0.34,
            "eps_growth_year": -83.5,
            "eps_4q": 1.3,
            "eps_4q_growth_year": -53.56,
            "roe": 1.98,
            "roe_4q": 7.779999999999999,
            "gross_profit": 41377,
            "gross_margin": 14.56,
            "gross_margin_4q_avg": 15.21,
            "net_income": 22970,
            "revenue": 284235,
            "common_shares": 674232,
            "book_valuer_per_share": 17.35,
            "book_valuer_per_share_4q_avg": 16.85,
            "equity": 1169710,
            "current_ratio": 729.67,
            "debt_ratio": 32.81,
            "inventory_turnover_ratio": 1.58,
            "account_receivable_turnover_ratio": 1.16,
            "reinvestment_rate": -163.32,
            "research_to_sale_ratio": 0.91,
            "price_fair": 59.22,
            "eps_avg_yearly": 1.69,
            "eps_latest_yearly": 1.36,
            "eps_growth_yearly": 372.9
        },
        "20182": {
            "year_quarter": 20182,
            "year": 2018,
            "quarter": 2,
            "eps": 0.21,
            "eps_growth_year": -41.67,
            "eps_4q": 0.98,
            "eps_4q_growth_year": -65.76,
            "roe": 1.26,
            "roe_4q": 6.86,
            "gross_profit": 47068,
            "gross_margin": 16.81,
            "gross_margin_4q_avg": 15.41,
            "net_income": 14486,
            "revenue": 280057,
            "common_shares": 674232,
            "book_valuer_per_share": 16.88,
            "book_valuer_per_share_4q_avg": 16.98,
            "equity": 1138275,
            "current_ratio": 612.52,
            "debt_ratio": 34.49,
            "inventory_turnover_ratio": 1.62,
            "account_receivable_turnover_ratio": 1.05,
            "reinvestment_rate": -154.35,
            "research_to_sale_ratio": 1.3,
            "price_fair": 60.9,
            "eps_avg_yearly": 1.74,
            "eps_latest_yearly": 0.84,
            "eps_growth_yearly": 217.61
        },
        "20183": {
            "year_quarter": 20183,
            "year": 2018,
            "quarter": 3,
            "eps": -0.06,
            "eps_growth_year": -118.18,
            "eps_4q": 0.64,
            "eps_4q_growth_year": -79.16,
            "roe": -0.43,
            "roe_4q": 4.42,
            "gross_profit": 37502,
            "gross_margin": 14.35,
            "gross_margin_4q_avg": 15.25,
            "net_income": -4899,
            "revenue": 261400,
            "common_shares": 795594,
            "book_valuer_per_share": 14.26,
            "book_valuer_per_share_4q_avg": 16.37,
            "equity": 1134311,
            "current_ratio": 764.33,
            "debt_ratio": 32.97,
            "inventory_turnover_ratio": 1.86,
            "account_receivable_turnover_ratio": 0.97,
            "reinvestment_rate": -166.34,
            "research_to_sale_ratio": 1.37,
            "price_fair": 64.09,
            "eps_avg_yearly": 1.83,
            "eps_latest_yearly": 0.84,
            "eps_growth_yearly": 172.65
        },
        "20184": {
            "year_quarter": 20184,
            "year": 2018,
            "quarter": 4,
            "eps": 0.32,
            "eps_growth_year": 16.77,
            "eps_4q": 0.73,
            "eps_4q_growth_year": -75.5,
            "roe": 2.17,
            "roe_4q": 4.98,
            "gross_profit": 54029,
            "gross_margin": 17.24,
            "gross_margin_4q_avg": 15.74,
            "net_income": 24663,
            "revenue": 313415,
            "common_shares": 795594,
            "book_valuer_per_share": 14.57,
            "book_valuer_per_share_4q_avg": 15.77,
            "equity": 1138298,
            "current_ratio": 860.11,
            "debt_ratio": 32.43,
            "inventory_turnover_ratio": 2.18,
            "account_receivable_turnover_ratio": 1.17,
            "reinvestment_rate": -160.07,
            "research_to_sale_ratio": 1.04,
            "price_fair": 71.05,
            "eps_avg_yearly": 2.03,
            "eps_latest_yearly": 0.84,
            "eps_growth_yearly": 231.19
        },
        "20191": {
            "year_quarter": 20191,
            "year": 2019,
            "quarter": 1,
            "eps": 0.37,
            "eps_growth_year": 8.82,
            "eps_4q": 0.81,
            "eps_4q_growth_year": -37.74,
            "roe": 2.52,
            "roe_4q": 5.52,
            "gross_profit": 49153,
            "gross_margin": 19.8,
            "gross_margin_4q_avg": 17.05,
            "net_income": 29084,
            "revenue": 248285,
            "common_shares": 795594,
            "book_valuer_per_share": 14.96,
            "book_valuer_per_share_4q_avg": 15.17,
            "equity": 1166630,
            "current_ratio": 805.34,
            "debt_ratio": 32.43,
            "inventory_turnover_ratio": 1.54,
            "account_receivable_turnover_ratio": 0.92,
            "reinvestment_rate": -134.08,
            "research_to_sale_ratio": 1.18,
            "price_fair": 68.91,
            "eps_avg_yearly": 1.97,
            "eps_latest_yearly": 1.48,
            "eps_growth_yearly": 212.45
        },
        "20192": {
            "year_quarter": 20192,
            "year": 2019,
            "quarter": 2,
            "eps": 0.25,
            "eps_growth_year": 19.05,
            "eps_4q": 0.88,
            "eps_4q_growth_year": -10.59,
            "roe": 1.7,
            "roe_4q": 5.96,
            "gross_profit": 51176,
            "gross_margin": 18.74,
            "gross_margin_4q_avg": 17.53,
            "net_income": 19619,
            "revenue": 273135,
            "common_shares": 795594,
            "book_valuer_per_share": 14.63,
            "book_valuer_per_share_4q_avg": 14.61,
            "equity": 1140405,
            "current_ratio": 590.95,
            "debt_ratio": 34.27,
            "inventory_turnover_ratio": 1.57,
            "account_receivable_turnover_ratio": 1.02,
            "reinvestment_rate": -121.98,
            "research_to_sale_ratio": 1.14,
            "price_fair": 65.52,
            "eps_avg_yearly": 1.87,
            "eps_latest_yearly": 1,
            "eps_growth_yearly": 178.23
        },
        "20193": {
            "year_quarter": 20193,
            "year": 2019,
            "quarter": 3,
            "eps": 0.03,
            "eps_growth_year": null,
            "eps_4q": 0.97,
            "eps_4q_growth_year": 52.34,
            "roe": 0.22,
            "roe_4q": 6.609999999999999,
            "gross_profit": 52483,
            "gross_margin": 19.18,
            "gross_margin_4q_avg": 18.74,
            "net_income": 2458,
            "revenue": 273681,
            "common_shares": 795594,
            "book_valuer_per_share": 14.67,
            "book_valuer_per_share_4q_avg": 14.71,
            "equity": 1143798,
            "current_ratio": 583.52,
            "debt_ratio": 34.5,
            "inventory_turnover_ratio": 1.39,
            "account_receivable_turnover_ratio": 1,
            "reinvestment_rate": -107.54,
            "research_to_sale_ratio": 1.17,
            "price_fair": 59.95,
            "eps_avg_yearly": 1.71,
            "eps_latest_yearly": 0.12,
            "eps_growth_yearly": 130.03
        },
        "20194": {
            "year_quarter": 20194,
            "year": 2019,
            "quarter": 4,
            "eps": 0.19,
            "eps_growth_year": -41.33,
            "eps_4q": 0.84,
            "eps_4q_growth_year": 14.85,
            "roe": 1.26,
            "roe_4q": 5.699999999999999,
            "gross_profit": 50431,
            "gross_margin": 19.01,
            "gross_margin_4q_avg": 19.18,
            "net_income": 14444,
            "revenue": 265240,
            "common_shares": 795594,
            "book_valuer_per_share": 14.85,
            "book_valuer_per_share_4q_avg": 14.78,
            "equity": 1157871,
            "current_ratio": 497.84,
            "debt_ratio": 34.13,
            "inventory_turnover_ratio": 1.28,
            "account_receivable_turnover_ratio": 1.01,
            "reinvestment_rate": -85.69,
            "research_to_sale_ratio": 1.36,
            "price_fair": 57.17,
            "eps_avg_yearly": 1.63,
            "eps_latest_yearly": 0.76,
            "eps_growth_yearly": 296.97
        },
        "20201": {
            "year_quarter": 20201,
            "year": 2020,
            "quarter": 1,
            "eps": -0.1,
            "eps_growth_year": -127.03,
            "eps_4q": 0.37,
            "eps_4q_growth_year": -54.89,
            "roe": -0.67,
            "roe_4q": 2.51,
            "gross_profit": 36415,
            "gross_margin": 17.01,
            "gross_margin_4q_avg": 18.49,
            "net_income": -7642,
            "revenue": 214132,
            "common_shares": 806694,
            "book_valuer_per_share": 14.07,
            "book_valuer_per_share_4q_avg": 14.56,
            "equity": 1108586,
            "current_ratio": 423.16,
            "debt_ratio": 37.02,
            "inventory_turnover_ratio": 1.05,
            "account_receivable_turnover_ratio": 0.9,
            "reinvestment_rate": -74.29,
            "research_to_sale_ratio": 1.52,
            "price_fair": 57.17,
            "eps_avg_yearly": 1.63,
            "eps_latest_yearly": 0.76,
            "eps_growth_yearly": 296.97
        },
        "20202": {
            "year_quarter": 20202,
            "year": 2020,
            "quarter": 2,
            "eps": 0.06,
            "eps_growth_year": -76,
            "eps_4q": 0.18,
            "eps_4q_growth_year": -79.44,
            "roe": 0.43,
            "roe_4q": 1.24,
            "gross_profit": 40173,
            "gross_margin": 19.18,
            "gross_margin_4q_avg": 18.6,
            "net_income": 4781,
            "revenue": 209419,
            "common_shares": 806694,
            "book_valuer_per_share": 14.17,
            "book_valuer_per_share_4q_avg": 14.44,
            "equity": 1101763,
            "current_ratio": 314.2,
            "debt_ratio": 38.6,
            "inventory_turnover_ratio": 0.9,
            "account_receivable_turnover_ratio": 0.98,
            "reinvestment_rate": -60.81,
            "research_to_sale_ratio": 1.43,
            "price_fair": 57.17,
            "eps_avg_yearly": 1.63,
            "eps_latest_yearly": 0.76,
            "eps_growth_yearly": 296.97
        },
        "20203": {
            "year_quarter": 20203,
            "year": 2020,
            "quarter": 3,
            "eps": 0.16,
            "eps_growth_year": 433.33,
            "eps_4q": 0.31,
            "eps_4q_growth_year": -67.96,
            "roe": 1.14,
            "roe_4q": 2.1599999999999997,
            "gross_profit": 53945,
            "gross_margin": 20.97,
            "gross_margin_4q_avg": 19.04,
            "net_income": 12654,
            "revenue": 257241,
            "common_shares": 806694,
            "book_valuer_per_share": 14.33,
            "book_valuer_per_share_4q_avg": 14.36,
            "equity": 1114734,
            "current_ratio": 375.92,
            "debt_ratio": 42.06,
            "inventory_turnover_ratio": 1.02,
            "account_receivable_turnover_ratio": 1.19,
            "reinvestment_rate": -29.54,
            "research_to_sale_ratio": 1.21,
            "price_fair": 57.4,
            "eps_avg_yearly": 1.64,
            "eps_latest_yearly": 0.64,
            "eps_growth_yearly": 370.81
        },
        "20204": {
            "year_quarter": 20204,
            "year": 2020,
            "quarter": 4,
            "eps": 0.19,
            "eps_growth_year": 5.22,
            "eps_4q": 0.32,
            "eps_4q_growth_year": -61.87,
            "roe": 1.35,
            "roe_4q": 2.2500000000000004,
            "gross_profit": 58073,
            "gross_margin": 21.35,
            "gross_margin_4q_avg": 19.63,
            "net_income": 15161,
            "revenue": 271970,
            "common_shares": 806694,
            "book_valuer_per_share": 14.51,
            "book_valuer_per_share_4q_avg": 14.27,
            "equity": 1128422,
            "current_ratio": 476.55,
            "debt_ratio": 42.72,
            "inventory_turnover_ratio": 1.17,
            "account_receivable_turnover_ratio": 1.14,
            "reinvestment_rate": 76.8,
            "research_to_sale_ratio": 1.27,
            "price_fair": 55.53,
            "eps_avg_yearly": 1.59,
            "eps_latest_yearly": 0.76,
            "eps_growth_yearly": 327.06
        },
        "20211": {
            "year_quarter": 20211,
            "year": 2021,
            "quarter": 1,
            "eps": 0.27,
            "eps_growth_year": null,
            "eps_4q": 0.68,
            "eps_4q_growth_year": 85.97,
            "roe": 1.88,
            "roe_4q": 4.8,
            "gross_profit": 55222,
            "gross_margin": 20.68,
            "gross_margin_4q_avg": 20.55,
            "net_income": 21164,
            "revenue": 266981,
            "common_shares": 817794,
            "book_valuer_per_share": 14.17,
            "book_valuer_per_share_4q_avg": 14.3,
            "equity": 1118135,
            "current_ratio": 317.07,
            "debt_ratio": 44.46,
            "inventory_turnover_ratio": 1.24,
            "account_receivable_turnover_ratio": 1.09,
            "reinvestment_rate": 130.68,
            "research_to_sale_ratio": 0.91,
            "price_fair": 34.65,
            "eps_avg_yearly": 0.99,
            "eps_latest_yearly": 1.08,
            "eps_growth_yearly": 178.23
        },
        "20212": {
            "year_quarter": 20212,
            "year": 2021,
            "quarter": 2,
            "eps": 0.17,
            "eps_growth_year": 183.33,
            "eps_4q": 0.77,
            "eps_4q_growth_year": 329.2,
            "roe": 1.18,
            "roe_4q": 5.55,
            "gross_profit": 66590,
            "gross_margin": 21.23,
            "gross_margin_4q_avg": 21.06,
            "net_income": 13403,
            "revenue": 313656,
            "common_shares": 818094,
            "book_valuer_per_share": 14.36,
            "book_valuer_per_share_4q_avg": 14.34,
            "equity": 1156457,
            "current_ratio": 468.15,
            "debt_ratio": 46.31,
            "inventory_turnover_ratio": 1.09,
            "account_receivable_turnover_ratio": 1.17,
            "reinvestment_rate": 145.34,
            "research_to_sale_ratio": 1.13,
            "price_fair": 32.43,
            "eps_avg_yearly": 0.93,
            "eps_latest_yearly": 0.68,
            "eps_growth_yearly": 193.4
        },
        "20213": {
            "year_quarter": 20213,
            "year": 2021,
            "quarter": 3,
            "eps": 0.33,
            "eps_growth_year": 106.25,
            "eps_4q": 0.95,
            "eps_4q_growth_year": 205.54,
            "roe": 2.3,
            "roe_4q": 6.709999999999999,
            "gross_profit": 68444,
            "gross_margin": 21.54,
            "gross_margin_4q_avg": 21.2,
            "net_income": 26928,
            "revenue": 317730,
            "common_shares": 818094,
            "book_valuer_per_share": 14.7,
            "book_valuer_per_share_4q_avg": 14.44,
            "equity": 1183385,
            "current_ratio": 506.04,
            "debt_ratio": 47.22,
            "inventory_turnover_ratio": 0.79,
            "account_receivable_turnover_ratio": 1.1,
            "reinvestment_rate": 155.39,
            "research_to_sale_ratio": 1.12,
            "price_fair": 32.43,
            "eps_avg_yearly": 0.93,
            "eps_latest_yearly": 1.32,
            "eps_growth_yearly": 227.55
        },
        "20214": {
            "year_quarter": 20214,
            "year": 2021,
            "quarter": 4,
            "eps": 0.23,
            "eps_growth_year": 17.1,
            "eps_4q": 0.99,
            "eps_4q_growth_year": 209.21,
            "roe": 1.54,
            "roe_4q": 6.8999999999999995,
            "gross_profit": 56824,
            "gross_margin": 16.99,
            "gross_margin_4q_avg": 20.11,
            "net_income": 18377,
            "revenue": 334484,
            "common_shares": 818094,
            "book_valuer_per_share": 14.9,
            "book_valuer_per_share_4q_avg": 14.53,
            "equity": 1199539,
            "current_ratio": 500.04,
            "debt_ratio": 45.48,
            "inventory_turnover_ratio": 0.85,
            "account_receivable_turnover_ratio": 1.13,
            "reinvestment_rate": 165.22,
            "research_to_sale_ratio": 1.27,
            "price_fair": 31.97,
            "eps_avg_yearly": 0.91,
            "eps_latest_yearly": 0.92,
            "eps_growth_yearly": 223.51
        },
        "20221": {
            "year_quarter": 20221,
            "year": 2022,
            "quarter": 1,
            "eps": 0.47,
            "eps_growth_year": 74.07,
            "eps_4q": 1.19,
            "eps_4q_growth_year": 73.96,
            "roe": 3.2,
            "roe_4q": 8.22,
            "gross_profit": 70084,
            "gross_margin": 21.54,
            "gross_margin_4q_avg": 20.33,
            "net_income": 38280,
            "revenue": 325378,
            "common_shares": 818094,
            "book_valuer_per_share": 14.57,
            "book_valuer_per_share_4q_avg": 14.63,
            "equity": 1192151,
            "current_ratio": 431.04,
            "debt_ratio": 46.39,
            "inventory_turnover_ratio": 0.86,
            "account_receivable_turnover_ratio": 1.05,
            "reinvestment_rate": 153.84,
            "research_to_sale_ratio": 1.17,
            "price_fair": 33.48,
            "eps_avg_yearly": 0.96,
            "eps_latest_yearly": 1.88,
            "eps_growth_yearly": 249.65
        },
        "20222": {
            "year_quarter": 20222,
            "year": 2022,
            "quarter": 2,
            "eps": 0.59,
            "eps_growth_year": 247.06,
            "eps_4q": 1.61,
            "eps_4q_growth_year": 107.81,
            "roe": 3.96,
            "roe_4q": 11,
            "gross_profit": 78383,
            "gross_margin": 23.17,
            "gross_margin_4q_avg": 20.81,
            "net_income": 48144,
            "revenue": 338284,
            "common_shares": 818094,
            "book_valuer_per_share": 15.16,
            "book_valuer_per_share_4q_avg": 14.83,
            "equity": 1240295,
            "current_ratio": 605.45,
            "debt_ratio": 44.73,
            "inventory_turnover_ratio": 0.85,
            "account_receivable_turnover_ratio": 1.18,
            "reinvestment_rate": 135.47,
            "research_to_sale_ratio": 0.99,
            "price_fair": 37.92,
            "eps_avg_yearly": 1.08,
            "eps_latest_yearly": 2.36,
            "eps_growth_yearly": 270.9
        },
        "20223": {
            "year_quarter": 20223,
            "year": 2022,
            "quarter": 3,
            "eps": 0.65,
            "eps_growth_year": 96.97,
            "eps_4q": 1.93,
            "eps_4q_growth_year": 103.1,
            "roe": 4.22,
            "roe_4q": 12.919999999999998,
            "gross_profit": 67417,
            "gross_margin": 22.9,
            "gross_margin_4q_avg": 21.15,
            "net_income": 53404,
            "revenue": 294355,
            "common_shares": 818094,
            "book_valuer_per_share": 15.81,
            "book_valuer_per_share_4q_avg": 15.11,
            "equity": 1293699,
            "current_ratio": 324.83,
            "debt_ratio": 40.56,
            "inventory_turnover_ratio": 0.76,
            "account_receivable_turnover_ratio": 1.16,
            "reinvestment_rate": 110.12,
            "research_to_sale_ratio": 1.31,
            "price_fair": 42,
            "eps_avg_yearly": 1.2,
            "eps_latest_yearly": 2.6,
            "eps_growth_yearly": 253.19
        },
        "20224": {
            "year_quarter": 20224,
            "year": 2022,
            "quarter": 4,
            "eps": 0.41,
            "eps_growth_year": 80.85,
            "eps_4q": 2.12,
            "eps_4q_growth_year": 113.89,
            "roe": 2.58,
            "roe_4q": 13.96,
            "gross_profit": 97160,
            "gross_margin": 27.49,
            "gross_margin_4q_avg": 23.78,
            "net_income": 33772,
            "revenue": 353412,
            "common_shares": 818094,
            "book_valuer_per_share": 16.22,
            "book_valuer_per_share_4q_avg": 15.44,
            "equity": 1326867,
            "current_ratio": 371.72,
            "debt_ratio": 44.84,
            "inventory_turnover_ratio": 0.96,
            "account_receivable_turnover_ratio": 1.29,
            "reinvestment_rate": 103.45,
            "research_to_sale_ratio": 1.19,
            "price_fair": 43.1,
            "eps_avg_yearly": 1.23,
            "eps_latest_yearly": 1.64,
            "eps_growth_yearly": 224.56
        },
        "20231": {
            "year_quarter": 20231,
            "year": 2023,
            "quarter": 1,
            "eps": 0.64,
            "eps_growth_year": 36.17,
            "eps_4q": 2.3,
            "eps_4q_growth_year": 93.74,
            "roe": 4.01,
            "roe_4q": 14.77,
            "gross_profit": 100220,
            "gross_margin": 29.17,
            "gross_margin_4q_avg": 25.68,
            "net_income": 52589,
            "revenue": 343573,
            "common_shares": 818094,
            "book_valuer_per_share": 15.86,
            "book_valuer_per_share_4q_avg": 15.76,
            "equity": 1297647,
            "current_ratio": 277.51,
            "debt_ratio": 41.44,
            "inventory_turnover_ratio": 0.92,
            "account_receivable_turnover_ratio": 1.14,
            "reinvestment_rate": 100.65,
            "research_to_sale_ratio": 1.23,
            "price_fair": 45.8,
            "eps_avg_yearly": 1.31,
            "eps_latest_yearly": 2.56,
            "eps_growth_yearly": 236.12
        },
        "20232": {
            "year_quarter": 20232,
            "year": 2023,
            "quarter": 2,
            "eps": 0.85,
            "eps_growth_year": 44.07,
            "eps_4q": 2.56,
            "eps_4q_growth_year": 58.98,
            "roe": 5.23,
            "roe_4q": 16.04,
            "gross_profit": 112307,
            "gross_margin": 30.46,
            "gross_margin_4q_avg": 27.51,
            "net_income": 69654,
            "revenue": 368744,
            "common_shares": 818094,
            "book_valuer_per_share": 16.71,
            "book_valuer_per_share_4q_avg": 16.15,
            "equity": 1367301,
            "current_ratio": 440.65,
            "debt_ratio": 39.48,
            "inventory_turnover_ratio": 0.94,
            "account_receivable_turnover_ratio": 1.21,
            "reinvestment_rate": 89.49,
            "research_to_sale_ratio": 1.1,
            "price_fair": 51.8,
            "eps_avg_yearly": 1.48,
            "eps_latest_yearly": 3.4,
            "eps_growth_yearly": 254.76
        }
    },
    "months": {
        "2001-06": {
            "month": "2001-06",
            "price": "10.02",
            "revenue": 67555
        },
        "2001-07": {
            "month": "2001-07",
            "price": "9.59",
            "revenue": 66279
        },
        "2001-08": {
            "month": "2001-08",
            "price": "9.42",
            "revenue": 71590
        },
        "2001-09": {
            "month": "2001-09",
            "price": "9.37",
            "revenue": 55267
        },
        "2001-10": {
            "month": "2001-10",
            "price": "10.10",
            "revenue": 70885
        },
        "2001-11": {
            "month": "2001-11",
            "price": "10.05",
            "revenue": 65485
        },
        "2001-12": {
            "month": "2001-12",
            "price": "14.18",
            "revenue": 67535
        },
        "2002-01": {
            "month": "2002-01",
            "price": "18.32",
            "revenue": 58668
        },
        "2002-02": {
            "month": "2002-02",
            "price": "16.42",
            "revenue": 44992
        },
        "2002-03": {
            "month": "2002-03",
            "price": "15.44",
            "revenue": 79914
        },
        "2002-04": {
            "month": "2002-04",
            "price": "15.70",
            "revenue": 71155
        },
        "2002-05": {
            "month": "2002-05",
            "price": "15.72",
            "revenue": 77325
        },
        "2002-06": {
            "month": "2002-06",
            "price": "16.46",
            "revenue": 67276
        },
        "2002-07": {
            "month": "2002-07",
            "price": "16.38",
            "revenue": 84077
        },
        "2002-08": {
            "month": "2002-08",
            "price": "15.24",
            "revenue": 72419
        },
        "2002-09": {
            "month": "2002-09",
            "price": "14.49",
            "revenue": 58877
        },
        "2002-10": {
            "month": "2002-10",
            "price": "12.93",
            "revenue": 91131
        },
        "2002-11": {
            "month": "2002-11",
            "price": "13.73",
            "revenue": 84099
        },
        "2002-12": {
            "month": "2002-12",
            "price": "14.49",
            "revenue": 98068
        },
        "2003-01": {
            "month": "2003-01",
            "price": "15.71",
            "revenue": 79894
        },
        "2003-02": {
            "month": "2003-02",
            "price": "14.93",
            "revenue": 61486
        },
        "2003-03": {
            "month": "2003-03",
            "price": "14.59",
            "revenue": 108697
        },
        "2003-04": {
            "month": "2003-04",
            "price": "14.61",
            "revenue": 93442
        },
        "2003-05": {
            "month": "2003-05",
            "price": "13.54",
            "revenue": 65285
        },
        "2003-06": {
            "month": "2003-06",
            "price": "13.56",
            "revenue": 57775
        },
        "2003-07": {
            "month": "2003-07",
            "price": "13.27",
            "revenue": 71353
        },
        "2003-08": {
            "month": "2003-08",
            "price": "12.68",
            "revenue": 69764
        },
        "2003-09": {
            "month": "2003-09",
            "price": "9.24",
            "revenue": 84781
        },
        "2003-10": {
            "month": "2003-10",
            "price": "9.31",
            "revenue": 72246
        },
        "2003-11": {
            "month": "2003-11",
            "price": "10.60",
            "revenue": 80591
        },
        "2003-12": {
            "month": "2003-12",
            "price": "10.33",
            "revenue": 88109
        },
        "2004-01": {
            "month": "2004-01",
            "price": "10.25",
            "revenue": 68030
        },
        "2004-02": {
            "month": "2004-02",
            "price": "11.26",
            "revenue": 93520
        },
        "2004-03": {
            "month": "2004-03",
            "price": "11.92",
            "revenue": 107163
        },
        "2004-04": {
            "month": "2004-04",
            "price": "11.82",
            "revenue": 74140
        },
        "2004-05": {
            "month": "2004-05",
            "price": "10.20",
            "revenue": 78411
        },
        "2004-06": {
            "month": "2004-06",
            "price": "9.85",
            "revenue": 90887
        },
        "2004-07": {
            "month": "2004-07",
            "price": "9.52",
            "revenue": 84461
        },
        "2004-08": {
            "month": "2004-08",
            "price": "9.15",
            "revenue": 86372
        },
        "2004-09": {
            "month": "2004-09",
            "price": "9.35",
            "revenue": 109695
        },
        "2004-10": {
            "month": "2004-10",
            "price": "9.24",
            "revenue": 82484
        },
        "2004-11": {
            "month": "2004-11",
            "price": "8.90",
            "revenue": 87190
        },
        "2004-12": {
            "month": "2004-12",
            "price": "8.52",
            "revenue": 108394
        },
        "2005-01": {
            "month": "2005-01",
            "price": "8.84",
            "revenue": 97341
        },
        "2005-02": {
            "month": "2005-02",
            "price": "9.03",
            "revenue": 75999
        },
        "2005-03": {
            "month": "2005-03",
            "price": "8.84",
            "revenue": 109883
        },
        "2005-04": {
            "month": "2005-04",
            "price": "8.39",
            "revenue": 89698
        },
        "2005-05": {
            "month": "2005-05",
            "price": "8.38",
            "revenue": 82250
        },
        "2005-06": {
            "month": "2005-06",
            "price": "8.43",
            "revenue": 69936
        },
        "2005-07": {
            "month": "2005-07",
            "price": "8.58",
            "revenue": 77583
        },
        "2005-08": {
            "month": "2005-08",
            "price": "8.25",
            "revenue": 74939
        },
        "2005-09": {
            "month": "2005-09",
            "price": "7.68",
            "revenue": 86959
        },
        "2005-10": {
            "month": "2005-10",
            "price": "7.16",
            "revenue": 102060
        },
        "2005-11": {
            "month": "2005-11",
            "price": "6.48",
            "revenue": 80953
        },
        "2005-12": {
            "month": "2005-12",
            "price": "6.85",
            "revenue": 84057
        },
        "2006-01": {
            "month": "2006-01",
            "price": "6.94",
            "revenue": 59831
        },
        "2006-02": {
            "month": "2006-02",
            "price": "6.57",
            "revenue": 86081
        },
        "2006-03": {
            "month": "2006-03",
            "price": "6.63",
            "revenue": 105073
        },
        "2006-04": {
            "month": "2006-04",
            "price": "8.16",
            "revenue": 93731
        },
        "2006-05": {
            "month": "2006-05",
            "price": "8.94",
            "revenue": 92720
        },
        "2006-06": {
            "month": "2006-06",
            "price": "8.95",
            "revenue": 110381
        },
        "2006-07": {
            "month": "2006-07",
            "price": "9.32",
            "revenue": 90627
        },
        "2006-08": {
            "month": "2006-08",
            "price": "9.08",
            "revenue": 98447
        },
        "2006-09": {
            "month": "2006-09",
            "price": "9.34",
            "revenue": 74120
        },
        "2006-10": {
            "month": "2006-10",
            "price": "11.28",
            "revenue": 94434
        },
        "2006-11": {
            "month": "2006-11",
            "price": "11.12",
            "revenue": 79100
        },
        "2006-12": {
            "month": "2006-12",
            "price": "11.74",
            "revenue": 107810
        },
        "2007-01": {
            "month": "2007-01",
            "price": "12.29",
            "revenue": 110334
        },
        "2007-02": {
            "month": "2007-02",
            "price": "12.29",
            "revenue": 53422
        },
        "2007-03": {
            "month": "2007-03",
            "price": "12.43",
            "revenue": 129260
        },
        "2007-04": {
            "month": "2007-04",
            "price": "14.73",
            "revenue": 126313
        },
        "2007-05": {
            "month": "2007-05",
            "price": "13.11",
            "revenue": 131453
        },
        "2007-06": {
            "month": "2007-06",
            "price": "13.56",
            "revenue": 131677
        },
        "2007-07": {
            "month": "2007-07",
            "price": "15.22",
            "revenue": 141714
        },
        "2007-08": {
            "month": "2007-08",
            "price": "17.50",
            "revenue": 137904
        },
        "2007-09": {
            "month": "2007-09",
            "price": "17.14",
            "revenue": 124338
        },
        "2007-10": {
            "month": "2007-10",
            "price": "18.90",
            "revenue": 131414
        },
        "2007-11": {
            "month": "2007-11",
            "price": "15.77",
            "revenue": 136344
        },
        "2007-12": {
            "month": "2007-12",
            "price": "13.82",
            "revenue": 146453
        },
        "2008-01": {
            "month": "2008-01",
            "price": "13.03",
            "revenue": 133447
        },
        "2008-02": {
            "month": "2008-02",
            "price": "12.99",
            "revenue": 86978
        },
        "2008-03": {
            "month": "2008-03",
            "price": "14.04",
            "revenue": 127744
        },
        "2008-04": {
            "month": "2008-04",
            "price": "15.03",
            "revenue": 126076
        },
        "2008-05": {
            "month": "2008-05",
            "price": "18.12",
            "revenue": 127080
        },
        "2008-06": {
            "month": "2008-06",
            "price": "17.49",
            "revenue": 154717
        },
        "2008-07": {
            "month": "2008-07",
            "price": "16.93",
            "revenue": 124603
        },
        "2008-08": {
            "month": "2008-08",
            "price": "14.75",
            "revenue": 131086
        },
        "2008-09": {
            "month": "2008-09",
            "price": "13.55",
            "revenue": 86139
        },
        "2008-10": {
            "month": "2008-10",
            "price": "10.99",
            "revenue": 97817
        },
        "2008-11": {
            "month": "2008-11",
            "price": "10.43",
            "revenue": 56977
        },
        "2008-12": {
            "month": "2008-12",
            "price": "9.58",
            "revenue": 74323
        },
        "2009-01": {
            "month": "2009-01",
            "price": "9.22",
            "revenue": 55556
        },
        "2009-02": {
            "month": "2009-02",
            "price": "8.58",
            "revenue": 82286
        },
        "2009-03": {
            "month": "2009-03",
            "price": "9.22",
            "revenue": 62979
        },
        "2009-04": {
            "month": "2009-04",
            "price": "10.36",
            "revenue": 83986
        },
        "2009-05": {
            "month": "2009-05",
            "price": "9.74",
            "revenue": 79890
        },
        "2009-06": {
            "month": "2009-06",
            "price": "10.22",
            "revenue": 111887
        },
        "2009-07": {
            "month": "2009-07",
            "price": "10.17",
            "revenue": 105994
        },
        "2009-08": {
            "month": "2009-08",
            "price": "10.17",
            "revenue": 98174
        },
        "2009-09": {
            "month": "2009-09",
            "price": "10.01",
            "revenue": 100346
        },
        "2009-10": {
            "month": "2009-10",
            "price": "10.36",
            "revenue": 72851
        },
        "2009-11": {
            "month": "2009-11",
            "price": "11.02",
            "revenue": 95844
        },
        "2009-12": {
            "month": "2009-12",
            "price": "12.11",
            "revenue": 110159
        },
        "2010-01": {
            "month": "2010-01",
            "price": "14.47",
            "revenue": 110535
        },
        "2010-02": {
            "month": "2010-02",
            "price": "13.31",
            "revenue": 75129
        },
        "2010-03": {
            "month": "2010-03",
            "price": "14.22",
            "revenue": 109785
        },
        "2010-04": {
            "month": "2010-04",
            "price": "14.99",
            "revenue": 123999
        },
        "2010-05": {
            "month": "2010-05",
            "price": "14.61",
            "revenue": 102444
        },
        "2010-06": {
            "month": "2010-06",
            "price": "14.60",
            "revenue": 95532
        },
        "2010-07": {
            "month": "2010-07",
            "price": "14.69",
            "revenue": 107275
        },
        "2010-08": {
            "month": "2010-08",
            "price": "14.96",
            "revenue": 114282
        },
        "2010-09": {
            "month": "2010-09",
            "price": "15.81",
            "revenue": 114837
        },
        "2010-10": {
            "month": "2010-10",
            "price": "16.49",
            "revenue": 95462
        },
        "2010-11": {
            "month": "2010-11",
            "price": "15.63",
            "revenue": 94558
        },
        "2010-12": {
            "month": "2010-12",
            "price": "15.67",
            "revenue": 151483
        },
        "2011-01": {
            "month": "2011-01",
            "price": "15.80",
            "revenue": 109554
        },
        "2011-02": {
            "month": "2011-02",
            "price": "15.60",
            "revenue": 74355
        },
        "2011-03": {
            "month": "2011-03",
            "price": "15.11",
            "revenue": 131720
        },
        "2011-04": {
            "month": "2011-04",
            "price": "15.25",
            "revenue": 90924
        },
        "2011-05": {
            "month": "2011-05",
            "price": "15.02",
            "revenue": 110514
        },
        "2011-06": {
            "month": "2011-06",
            "price": "15.99",
            "revenue": 113546
        },
        "2011-07": {
            "month": "2011-07",
            "price": "16.51",
            "revenue": 108577
        },
        "2011-08": {
            "month": "2011-08",
            "price": "14.86",
            "revenue": 111551
        },
        "2011-09": {
            "month": "2011-09",
            "price": "12.54",
            "revenue": 115399
        },
        "2011-10": {
            "month": "2011-10",
            "price": "12.12",
            "revenue": 99781
        },
        "2011-11": {
            "month": "2011-11",
            "price": "12.74",
            "revenue": 121150
        },
        "2011-12": {
            "month": "2011-12",
            "price": "13.36",
            "revenue": 116023
        },
        "2012-01": {
            "month": "2012-01",
            "price": "13.04",
            "revenue": 92447
        },
        "2012-02": {
            "month": "2012-02",
            "price": "13.06",
            "revenue": 127655
        },
        "2012-03": {
            "month": "2012-03",
            "price": "13.07",
            "revenue": 135004
        },
        "2012-04": {
            "month": "2012-04",
            "price": "12.89",
            "revenue": 119597
        },
        "2012-05": {
            "month": "2012-05",
            "price": "12.23",
            "revenue": 134336
        },
        "2012-06": {
            "month": "2012-06",
            "price": "11.54",
            "revenue": 115610
        },
        "2012-07": {
            "month": "2012-07",
            "price": "11.60",
            "revenue": 118681
        },
        "2012-08": {
            "month": "2012-08",
            "price": "10.51",
            "revenue": 120948
        },
        "2012-09": {
            "month": "2012-09",
            "price": "11.30",
            "revenue": 113810
        },
        "2012-10": {
            "month": "2012-10",
            "price": "11.36",
            "revenue": 106587
        },
        "2012-11": {
            "month": "2012-11",
            "price": "10.77",
            "revenue": 125195
        },
        "2012-12": {
            "month": "2012-12",
            "price": "11.30",
            "revenue": 93247
        },
        "2013-01": {
            "month": "2013-01",
            "price": "12.63",
            "revenue": 118168
        },
        "2013-02": {
            "month": "2013-02",
            "price": "12.26",
            "revenue": 74947
        },
        "2013-03": {
            "month": "2013-03",
            "price": "12.80",
            "revenue": 120478
        },
        "2013-04": {
            "month": "2013-04",
            "price": "13.62",
            "revenue": 131301
        },
        "2013-05": {
            "month": "2013-05",
            "price": "14.28",
            "revenue": 115558
        },
        "2013-06": {
            "month": "2013-06",
            "price": "14.93",
            "revenue": 106955
        },
        "2013-07": {
            "month": "2013-07",
            "price": "14.55",
            "revenue": 105092
        },
        "2013-08": {
            "month": "2013-08",
            "price": "14.62",
            "revenue": 144948
        },
        "2013-09": {
            "month": "2013-09",
            "price": "14.22",
            "revenue": 132584
        },
        "2013-10": {
            "month": "2013-10",
            "price": "15.12",
            "revenue": 119577
        },
        "2013-11": {
            "month": "2013-11",
            "price": "14.92",
            "revenue": 112811
        },
        "2013-12": {
            "month": "2013-12",
            "price": "14.91",
            "revenue": 114510
        },
        "2014-01": {
            "month": "2014-01",
            "price": "15.78",
            "revenue": 94539
        },
        "2014-02": {
            "month": "2014-02",
            "price": "15.97",
            "revenue": 116065
        },
        "2014-03": {
            "month": "2014-03",
            "price": "17.23",
            "revenue": 119320
        },
        "2014-04": {
            "month": "2014-04",
            "price": "17.79",
            "revenue": 122401
        },
        "2014-05": {
            "month": "2014-05",
            "price": "16.55",
            "revenue": 117514
        },
        "2014-06": {
            "month": "2014-06",
            "price": "16.26",
            "revenue": 146896
        },
        "2014-07": {
            "month": "2014-07",
            "price": "14.86",
            "revenue": 101505
        },
        "2014-08": {
            "month": "2014-08",
            "price": "14.50",
            "revenue": 113490
        },
        "2014-09": {
            "month": "2014-09",
            "price": "13.77",
            "revenue": 127837
        },
        "2014-10": {
            "month": "2014-10",
            "price": "12.86",
            "revenue": 109377
        },
        "2014-11": {
            "month": "2014-11",
            "price": "13.20",
            "revenue": 93119
        },
        "2014-12": {
            "month": "2014-12",
            "price": "13.28",
            "revenue": 117079
        },
        "2015-01": {
            "month": "2015-01",
            "price": "14.15",
            "revenue": 117670
        },
        "2015-02": {
            "month": "2015-02",
            "price": "14.16",
            "revenue": 55523
        },
        "2015-03": {
            "month": "2015-03",
            "price": "14.00",
            "revenue": 109899
        },
        "2015-04": {
            "month": "2015-04",
            "price": "13.76",
            "revenue": 104746
        },
        "2015-05": {
            "month": "2015-05",
            "price": "12.89",
            "revenue": 92159
        },
        "2015-06": {
            "month": "2015-06",
            "price": "12.48",
            "revenue": 96490
        },
        "2015-07": {
            "month": "2015-07",
            "price": "11.65",
            "revenue": 88759
        },
        "2015-08": {
            "month": "2015-08",
            "price": "10.28",
            "revenue": 81058
        },
        "2015-09": {
            "month": "2015-09",
            "price": "9.05",
            "revenue": 85675
        },
        "2015-10": {
            "month": "2015-10",
            "price": "9.04",
            "revenue": 79129
        },
        "2015-11": {
            "month": "2015-11",
            "price": "9.05",
            "revenue": 79859
        },
        "2015-12": {
            "month": "2015-12",
            "price": "8.97",
            "revenue": 84318
        },
        "2016-01": {
            "month": "2016-01",
            "price": "8.90",
            "revenue": 75398
        },
        "2016-02": {
            "month": "2016-02",
            "price": "9.18",
            "revenue": 51192
        },
        "2016-03": {
            "month": "2016-03",
            "price": "9.31",
            "revenue": 106064
        },
        "2016-04": {
            "month": "2016-04",
            "price": "9.06",
            "revenue": 110316
        },
        "2016-05": {
            "month": "2016-05",
            "price": "9.00",
            "revenue": 102041
        },
        "2016-06": {
            "month": "2016-06",
            "price": "8.98",
            "revenue": 108677
        },
        "2016-07": {
            "month": "2016-07",
            "price": "9.28",
            "revenue": 83875
        },
        "2016-08": {
            "month": "2016-08",
            "price": "10.50",
            "revenue": 99239
        },
        "2016-09": {
            "month": "2016-09",
            "price": "11.06",
            "revenue": 85810
        },
        "2016-10": {
            "month": "2016-10",
            "price": "10.68",
            "revenue": 93646
        },
        "2016-11": {
            "month": "2016-11",
            "price": "11.08",
            "revenue": 106299
        },
        "2016-12": {
            "month": "2016-12",
            "price": "12.49",
            "revenue": 103221
        },
        "2017-01": {
            "month": "2017-01",
            "price": "13.05",
            "revenue": 65222
        },
        "2017-02": {
            "month": "2017-02",
            "price": "13.01",
            "revenue": 95262
        },
        "2017-03": {
            "month": "2017-03",
            "price": "14.84",
            "revenue": 115953
        },
        "2017-04": {
            "month": "2017-04",
            "price": "14.47",
            "revenue": 86651
        },
        "2017-05": {
            "month": "2017-05",
            "price": "14.34",
            "revenue": 93598
        },
        "2017-06": {
            "month": "2017-06",
            "price": "14.46",
            "revenue": 72892
        },
        "2017-07": {
            "month": "2017-07",
            "price": "13.75",
            "revenue": 71446
        },
        "2017-08": {
            "month": "2017-08",
            "price": "13.88",
            "revenue": 101050
        },
        "2017-09": {
            "month": "2017-09",
            "price": "14.23",
            "revenue": 90782
        },
        "2017-10": {
            "month": "2017-10",
            "price": "14.11",
            "revenue": 92945
        },
        "2017-11": {
            "month": "2017-11",
            "price": "14.59",
            "revenue": 81895
        },
        "2017-12": {
            "month": "2017-12",
            "price": "14.42",
            "revenue": 77785
        },
        "2018-01": {
            "month": "2018-01",
            "price": "14.66",
            "revenue": 98462
        },
        "2018-02": {
            "month": "2018-02",
            "price": "14.92",
            "revenue": 60492
        },
        "2018-03": {
            "month": "2018-03",
            "price": "16.81",
            "revenue": 125281
        },
        "2018-04": {
            "month": "2018-04",
            "price": "18.38",
            "revenue": 94865
        },
        "2018-05": {
            "month": "2018-05",
            "price": "17.78",
            "revenue": 99137
        },
        "2018-06": {
            "month": "2018-06",
            "price": "18.02",
            "revenue": 86055
        },
        "2018-07": {
            "month": "2018-07",
            "price": "17.14",
            "revenue": 89197
        },
        "2018-08": {
            "month": "2018-08",
            "price": "16.11",
            "revenue": 92381
        },
        "2018-09": {
            "month": "2018-09",
            "price": "13.29",
            "revenue": 79821
        },
        "2018-10": {
            "month": "2018-10",
            "price": "11.98",
            "revenue": 107022
        },
        "2018-11": {
            "month": "2018-11",
            "price": "11.52",
            "revenue": 103056
        },
        "2018-12": {
            "month": "2018-12",
            "price": "12.57",
            "revenue": 103337
        },
        "2019-01": {
            "month": "2019-01",
            "price": "12.57",
            "revenue": 91095
        },
        "2019-02": {
            "month": "2019-02",
            "price": "12.63",
            "revenue": 59678
        },
        "2019-03": {
            "month": "2019-03",
            "price": "12.58",
            "revenue": 97512
        },
        "2019-04": {
            "month": "2019-04",
            "price": "12.58",
            "revenue": 102257
        },
        "2019-05": {
            "month": "2019-05",
            "price": "12.95",
            "revenue": 92194
        },
        "2019-06": {
            "month": "2019-06",
            "price": "13.12",
            "revenue": 78685
        },
        "2019-07": {
            "month": "2019-07",
            "price": "12.50",
            "revenue": 92545
        },
        "2019-08": {
            "month": "2019-08",
            "price": "12.40",
            "revenue": 99802
        },
        "2019-09": {
            "month": "2019-09",
            "price": "13.93",
            "revenue": 81355
        },
        "2019-10": {
            "month": "2019-10",
            "price": "13.91",
            "revenue": 93419
        },
        "2019-11": {
            "month": "2019-11",
            "price": "13.67",
            "revenue": 83466
        },
        "2019-12": {
            "month": "2019-12",
            "price": "13.23",
            "revenue": 88354
        },
        "2020-01": {
            "month": "2020-01",
            "price": "12.96",
            "revenue": 56886
        },
        "2020-02": {
            "month": "2020-02",
            "price": "12.33",
            "revenue": 75716
        },
        "2020-03": {
            "month": "2020-03",
            "price": "11.02",
            "revenue": 81530
        },
        "2020-04": {
            "month": "2020-04",
            "price": "11.12",
            "revenue": 69893
        },
        "2020-05": {
            "month": "2020-05",
            "price": "11.80",
            "revenue": 65483
        },
        "2020-06": {
            "month": "2020-06",
            "price": "11.85",
            "revenue": 74042
        },
        "2020-07": {
            "month": "2020-07",
            "price": "11.29",
            "revenue": 88710
        },
        "2020-08": {
            "month": "2020-08",
            "price": "11.04",
            "revenue": 79327
        },
        "2020-09": {
            "month": "2020-09",
            "price": "11.30",
            "revenue": 89204
        },
        "2020-10": {
            "month": "2020-10",
            "price": "12.13",
            "revenue": 90668
        },
        "2020-11": {
            "month": "2020-11",
            "price": "12.93",
            "revenue": 85658
        },
        "2020-12": {
            "month": "2020-12",
            "price": "13.97",
            "revenue": 95644
        },
        "2021-01": {
            "month": "2021-01",
            "price": "13.64",
            "revenue": 87068
        },
        "2021-02": {
            "month": "2021-02",
            "price": "14.06",
            "revenue": 67064
        },
        "2021-03": {
            "month": "2021-03",
            "price": "14.01",
            "revenue": 112848
        },
        "2021-04": {
            "month": "2021-04",
            "price": "16.10",
            "revenue": 100729
        },
        "2021-05": {
            "month": "2021-05",
            "price": "15.05",
            "revenue": 104285
        },
        "2021-06": {
            "month": "2021-06",
            "price": "15.37",
            "revenue": 108643
        },
        "2021-07": {
            "month": "2021-07",
            "price": "18.52",
            "revenue": 113068
        },
        "2021-08": {
            "month": "2021-08",
            "price": "16.09",
            "revenue": 99649
        },
        "2021-09": {
            "month": "2021-09",
            "price": "15.29",
            "revenue": 105014
        },
        "2021-10": {
            "month": "2021-10",
            "price": "14.63",
            "revenue": 99728
        },
        "2021-11": {
            "month": "2021-11",
            "price": "14.87",
            "revenue": 124624
        },
        "2021-12": {
            "month": "2021-12",
            "price": "15.05",
            "revenue": 110131
        },
        "2022-01": {
            "month": "2022-01",
            "price": "15.10",
            "revenue": 91790
        },
        "2022-02": {
            "month": "2022-02",
            "price": "15.12",
            "revenue": 82031
        },
        "2022-03": {
            "month": "2022-03",
            "price": "17.17",
            "revenue": 151557
        },
        "2022-04": {
            "month": "2022-04",
            "price": "17.35",
            "revenue": 127476
        },
        "2022-05": {
            "month": "2022-05",
            "price": "16.39",
            "revenue": 103622
        },
        "2022-06": {
            "month": "2022-06",
            "price": "15.64",
            "revenue": 107186
        },
        "2022-07": {
            "month": "2022-07",
            "price": "14.55",
            "revenue": 92514
        },
        "2022-08": {
            "month": "2022-08",
            "price": "16.41",
            "revenue": 97152
        },
        "2022-09": {
            "month": "2022-09",
            "price": "16.87",
            "revenue": 104688
        },
        "2022-10": {
            "month": "2022-10",
            "price": "16.14",
            "revenue": 115320
        },
        "2022-11": {
            "month": "2022-11",
            "price": "16.72",
            "revenue": 116614
        },
        "2022-12": {
            "month": "2022-12",
            "price": "16.84",
            "revenue": 121479
        },
        "2023-01": {
            "month": "2023-01",
            "price": "16.98",
            "revenue": 75787
        },
        "2023-02": {
            "month": "2023-02",
            "price": "17.47",
            "revenue": 124690
        },
        "2023-03": {
            "month": "2023-03",
            "price": "17.95",
            "revenue": 143096
        },
        "2023-04": {
            "month": "2023-04",
            "price": "17.11",
            "revenue": 128317
        },
        "2023-05": {
            "month": "2023-05",
            "price": "19.82",
            "revenue": 115037
        },
        "2023-06": {
            "month": "2023-06",
            "price": "22.38",
            "revenue": 125391
        },
        "2023-07": {
            "month": "2023-07",
            "price": "23.32",
            "revenue": 127481
        },
        "2023-08": {
            "month": "2023-08",
            "price": "27.62",
            "revenue": 139864
        }
    }
}
