{
    "summary": {
        "stock_name": "大汽電",
        "stock_id": "8931",
        "category": "油電燃氣",
        "main_business": "汽電共生廠之經營,操作運轉管理及其設備之維修<br>汽電共生系統之設計管理顧問諮詢及設備之進出口諮詢<br>廢棄物清除處理及其設備安裝工程",
        "website_url": "http://www.tycc.com.tw",
        "ceo": "張世陽",
        "pe_ratio": 24,
        "report_year_from": 2001,
        "report_year_to": 2023,
        "age": 23,
        "eps_negative_percentage": 0,
        "eps_growth_avg": {
            "last_all": 5.57,
            "last_2y": 23.47,
            "last_4y": 19.21,
            "last_8y": 11.55,
            "last_12y": 12.85,
            "last_16y": 9.72,
            "last_20y": 7.2,
            "at_2006_last_3y": -3.53,
            "at_2007_last_3y": -1.25,
            "at_2008_last_3y": -8.56,
            "at_2009_last_3y": 15.59,
            "at_2010_last_3y": -0.43,
            "at_2011_last_3y": -9.45,
            "at_2012_last_3y": 37.25,
            "at_2013_last_3y": 9.15,
            "at_2014_last_3y": 15.75,
            "at_2015_last_3y": 15.45,
            "at_2016_last_3y": -9.23,
            "at_2017_last_3y": -0.2,
            "at_2018_last_3y": 1.98,
            "at_2019_last_3y": 11.72,
            "at_2020_last_3y": 17.4,
            "at_2021_last_3y": 9.8,
            "at_2022_last_3y": 29.75,
            "at_2023_last_3y": 23.59,
            "at_2024_last_3y": 23.59,
            "at_2006_last_all": -8.53,
            "at_2007_last_all": -7.11,
            "at_2008_last_all": -18.49,
            "at_2009_last_all": -3.68,
            "at_2010_last_all": -4.93,
            "at_2011_last_all": -8.04,
            "at_2012_last_all": 1.78,
            "at_2013_last_all": 0.6,
            "at_2014_last_all": 1.43,
            "at_2015_last_all": -1.33,
            "at_2016_last_all": -1.16,
            "at_2017_last_all": 0.4,
            "at_2018_last_all": 1.56,
            "at_2019_last_all": 1.57,
            "at_2020_last_all": 2.75,
            "at_2021_last_all": 2.28,
            "at_2022_last_all": 6.93,
            "at_2023_last_all": 5.57,
            "at_2024_last_all": 5.57
        },
        "latest_eps": 2.32,
        "latest_price": 56.4,
        "latest_roe": 13.03,
        "latest_gross_margin": 21.7,
        "latest_equity": 2171364,
        "latest_revenue": 609914,
        "latest_gross_profit": 132376,
        "latest_net_income": 53262,
        "latest_debt_ratio": 52.47,
        "latest_current_ratio": 84.09,
        "latest_account_receivable_turnover_ratio": 2.29,
        "latest_inventory_turnover_ratio": 3.77,
        "latest_reinvestment_rate": 114.99,
        "latest_research_to_sale_ratio": 1.11
    },
    "eps_dividends": {
        "1999": {
            "cash": 0,
            "stock": 0.5,
            "eps": 0
        },
        "2000": {
            "cash": 0,
            "stock": 1.1,
            "eps": 0
        },
        "2001": {
            "cash": 0.5,
            "stock": 1,
            "eps": 2.14
        },
        "2002": {
            "cash": 0,
            "stock": 1,
            "eps": 1.53
        },
        "2003": {
            "cash": 1,
            "stock": 0,
            "eps": 1.39
        },
        "2004": {
            "cash": 1,
            "stock": 0,
            "eps": 0.59
        },
        "2005": {
            "cash": 0.5,
            "stock": 0,
            "eps": 0.61
        },
        "2006": {
            "cash": 1.2,
            "stock": 0,
            "eps": 0.91
        },
        "2007": {
            "cash": 0,
            "stock": 0,
            "eps": 0.91
        },
        "2008": {
            "cash": 0.7,
            "stock": 0,
            "eps": 0.12
        },
        "2009": {
            "cash": 0.3,
            "stock": 0,
            "eps": 1.14
        },
        "2010": {
            "cash": 1,
            "stock": 0,
            "eps": 0.97
        },
        "2011": {
            "cash": 0.9,
            "stock": 0,
            "eps": 0.62
        },
        "2012": {
            "cash": 0.6,
            "stock": 0,
            "eps": 1.29
        },
        "2013": {
            "cash": 0.8,
            "stock": 0,
            "eps": 1.13
        },
        "2014": {
            "cash": 1,
            "stock": 0,
            "eps": 1.26
        },
        "2015": {
            "cash": 0.5,
            "stock": 0.5,
            "eps": 0.79
        },
        "2016": {
            "cash": 0.4,
            "stock": 0.4,
            "eps": 0.8
        },
        "2017": {
            "cash": 0.8,
            "stock": 0,
            "eps": 0.99
        },
        "2018": {
            "cash": 0.9,
            "stock": 0,
            "eps": 1.19
        },
        "2019": {
            "cash": 0.6,
            "stock": 0.5,
            "eps": 1.21
        },
        "2020": {
            "cash": 1.1,
            "stock": 0,
            "eps": 1.5
        },
        "2021": {
            "cash": 1.4,
            "stock": 0,
            "eps": 1.4
        },
        "2022": {
            "cash": 1.5,
            "stock": 0,
            "eps": 3.01
        },
        "2023": {
            "cash": 2.5,
            "stock": 0,
            "eps": 2.32
        },
        "2024": {
            "cash": 2.1,
            "stock": 0,
            "eps": 0
        }
    },
    "dividends": {
        "1999-06-15": {
            "cash": 0,
            "stock": 0.5
        },
        "2000-06-20": {
            "cash": 0,
            "stock": 1.1
        },
        "2001-03-12": {
            "cash": 0.5,
            "stock": 1
        },
        "2002-06-26": {
            "cash": 0,
            "stock": 1
        },
        "2003-06-20": {
            "cash": 1,
            "stock": 0
        },
        "2004-03-18": {
            "cash": 1,
            "stock": 0
        },
        "2005-03-25": {
            "cash": 0.5,
            "stock": 0
        },
        "2006-03-24": {
            "cash": 0.7,
            "stock": 0
        },
        "2006-06-15": {
            "cash": 0.5,
            "stock": 0
        },
        "2008-04-02": {
            "cash": 0.7,
            "stock": 0
        },
        "2009-03-27": {
            "cash": 0.3,
            "stock": 0
        },
        "2010-03-22": {
            "cash": 1,
            "stock": 0
        },
        "2011-03-24": {
            "cash": 0.9,
            "stock": 0
        },
        "2012-06-20": {
            "cash": 0.6,
            "stock": 0
        },
        "2013-06-21": {
            "cash": 0.8,
            "stock": 0
        },
        "2014-08-11": {
            "cash": 1,
            "stock": 0
        },
        "2015-09-04": {
            "cash": 0.5,
            "stock": 0.5
        },
        "2016-08-19": {
            "cash": 0.4,
            "stock": 0.4
        },
        "2017-03-22": {
            "cash": 0.8,
            "stock": 0
        },
        "2018-08-22": {
            "cash": 0.9,
            "stock": 0
        },
        "2019-08-23": {
            "cash": 0.6,
            "stock": 0.5
        },
        "2020-08-12": {
            "cash": 1.1,
            "stock": 0
        },
        "2021-09-08": {
            "cash": 1.4,
            "stock": 0
        },
        "2022-08-25": {
            "cash": 1.5,
            "stock": 0
        },
        "2023-07-25": {
            "cash": 2.5,
            "stock": 0
        },
        "2024-03-05": {
            "cash": 2.1,
            "stock": 0
        }
    },
    "prices": {
        "200101": "無",
        "200102": "無",
        "200103": "無",
        "200104": "無",
        "200105": "12.84",
        "200106": "11.65",
        "200107": "10.66",
        "200108": "10.50",
        "200109": "10.80",
        "200110": "10.70",
        "200111": "11.16",
        "200112": "12.32",
        "200201": "16.08",
        "200202": "16.27",
        "200203": "17.24",
        "200204": "16.36",
        "200205": "13.90",
        "200206": "13.81",
        "200207": "13.03",
        "200208": "11.94",
        "200209": "10.75",
        "200210": "10.07",
        "200211": "11.98",
        "200212": "12.02",
        "200301": "13.24",
        "200302": "12.63",
        "200303": "12.17",
        "200304": "11.91",
        "200305": "11.23",
        "200306": "11.92",
        "200307": "11.75",
        "200308": "11.33",
        "200309": "11.37",
        "200310": "11.56",
        "200311": "11.88",
        "200312": "11.97",
        "200401": "12.90",
        "200402": "14.10",
        "200403": "13.76",
        "200404": "13.06",
        "200405": "11.73",
        "200406": "11.63",
        "200407": "10.86",
        "200408": "10.38",
        "200409": "10.48",
        "200410": "10.38",
        "200411": "10.45",
        "200412": "10.50",
        "200501": "11.05",
        "200502": "10.53",
        "200503": "10.44",
        "200504": "10.02",
        "200505": "9.93",
        "200506": "10.04",
        "200507": "10.20",
        "200508": "9.91",
        "200509": "9.49",
        "200510": "9.21",
        "200511": "9.07",
        "200512": "9.26",
        "200601": "9.36",
        "200602": "9.82",
        "200603": "9.76",
        "200604": "9.86",
        "200605": "10.06",
        "200606": "9.95",
        "200607": "9.67",
        "200608": "9.29",
        "200609": "9.17",
        "200610": "9.12",
        "200611": "9.36",
        "200612": "9.99",
        "200701": "10.10",
        "200702": "10.01",
        "200703": "10.21",
        "200704": "12.91",
        "200705": "12.75",
        "200706": "14.08",
        "200707": "14.51",
        "200708": "12.93",
        "200709": "13.41",
        "200710": "13.30",
        "200711": "11.94",
        "200712": "11.71",
        "200801": "11.76",
        "200802": "11.71",
        "200803": "13.14",
        "200804": "14.53",
        "200805": "20.04",
        "200806": "19.98",
        "200807": "15.53",
        "200808": "11.66",
        "200809": "8.85",
        "200810": "7.48",
        "200811": "7.41",
        "200812": "7.49",
        "200901": "7.16",
        "200902": "7.09",
        "200903": "7.96",
        "200904": "9.82",
        "200905": "10.25",
        "200906": "11.33",
        "200907": "11.05",
        "200908": "11.24",
        "200909": "11.22",
        "200910": "12.13",
        "200911": "13.53",
        "200912": "13.77",
        "201001": "13.83",
        "201002": "12.54",
        "201003": "13.59",
        "201004": "15.24",
        "201005": "15.54",
        "201006": "15.67",
        "201007": "16.52",
        "201008": "15.38",
        "201009": "15.04",
        "201010": "15.00",
        "201011": "14.43",
        "201012": "14.45",
        "201101": "14.97",
        "201102": "14.79",
        "201103": "14.94",
        "201104": "15.64",
        "201105": "15.09",
        "201106": "14.90",
        "201107": "14.56",
        "201108": "13.08",
        "201109": "12.58",
        "201110": "11.68",
        "201111": "12.21",
        "201112": "11.94",
        "201201": "14.14",
        "201202": "15.81",
        "201203": "16.23",
        "201204": "15.71",
        "201205": "14.24",
        "201206": "14.16",
        "201207": "13.83",
        "201208": "13.74",
        "201209": "13.84",
        "201210": "13.81",
        "201211": "14.06",
        "201212": "14.41",
        "201301": "15.08",
        "201302": "16.05",
        "201303": "16.67",
        "201304": "17.42",
        "201305": "17.61",
        "201306": "18.46",
        "201307": "18.22",
        "201308": "18.99",
        "201309": "19.30",
        "201310": "18.94",
        "201311": "19.30",
        "201312": "19.43",
        "201401": "19.74",
        "201402": "22.30",
        "201403": "22.52",
        "201404": "21.91",
        "201405": "22.29",
        "201406": "22.23",
        "201407": "22.56",
        "201408": "22.04",
        "201409": "21.66",
        "201410": "21.44",
        "201411": "21.98",
        "201412": "22.10",
        "201501": "22.16",
        "201502": "23.08",
        "201503": "26.00",
        "201504": "33.06",
        "201505": "33.63",
        "201506": "26.00",
        "201507": "26.52",
        "201508": "21.70",
        "201509": "19.36",
        "201510": "19.96",
        "201511": "20.08",
        "201512": "21.27",
        "201601": "20.61",
        "201602": "22.29",
        "201603": "23.42",
        "201604": "22.86",
        "201605": "22.89",
        "201606": "24.08",
        "201607": "23.28",
        "201608": "20.95",
        "201609": "19.49",
        "201610": "19.05",
        "201611": "19.06",
        "201612": "20.76",
        "201701": "22.38",
        "201702": "22.65",
        "201703": "21.68",
        "201704": "21.52",
        "201705": "22.58",
        "201706": "22.45",
        "201707": "21.97",
        "201708": "21.87",
        "201709": "21.91",
        "201710": "21.75",
        "201711": "20.94",
        "201712": "20.80",
        "201801": "21.61",
        "201802": "23.20",
        "201803": "25.48",
        "201804": "26.09",
        "201805": "25.61",
        "201806": "24.99",
        "201807": "23.92",
        "201808": "23.04",
        "201809": "23.02",
        "201810": "22.37",
        "201811": "22.68",
        "201812": "24.15",
        "201901": "24.42",
        "201902": "24.55",
        "201903": "24.84",
        "201904": "26.16",
        "201905": "25.97",
        "201906": "26.10",
        "201907": "26.42",
        "201908": "25.58",
        "201909": "25.62",
        "201910": "25.14",
        "201911": "24.98",
        "201912": "25.37",
        "202001": "25.93",
        "202002": "28.17",
        "202003": "26.34",
        "202004": "26.20",
        "202005": "28.92",
        "202006": "29.88",
        "202007": "28.69",
        "202008": "28.01",
        "202009": "28.64",
        "202010": "29.05",
        "202011": "29.99",
        "202012": "32.05",
        "202101": "30.21",
        "202102": "29.95",
        "202103": "30.00",
        "202104": "29.79",
        "202105": "28.87",
        "202106": "29.00",
        "202107": "29.73",
        "202108": "30.30",
        "202109": "31.57",
        "202110": "32.72",
        "202111": "31.92",
        "202112": "31.33",
        "202201": "31.88",
        "202202": "31.85",
        "202203": "32.22",
        "202204": "33.17",
        "202205": "31.25",
        "202206": "30.33",
        "202207": "29.60",
        "202208": "29.69",
        "202209": "30.88",
        "202210": "30.14",
        "202211": "34.16",
        "202212": "40.95",
        "202301": "44.24",
        "202302": "51.79",
        "202303": "64.63",
        "202304": "76.79",
        "202305": "69.88",
        "202306": "65.71",
        "202307": "57.62",
        "202308": "48.70",
        "202309": "45.46",
        "202310": "42.50",
        "202311": "46.10",
        "202312": "48.04"
    },
    "quarters": {
        "20011": {
            "year_quarter": 20011,
            "year": 2001,
            "quarter": 1,
            "eps": 0.96,
            "eps_growth_year": null,
            "eps_4q": null,
            "eps_4q_growth_year": null,
            "roe": 8.21,
            "roe_4q": 8.21,
            "gross_profit": 76379,
            "gross_margin": 27.4,
            "gross_margin_4q_avg": 27.4,
            "net_income": 92732,
            "net_income_4q": null,
            "revenue": 278741,
            "revenue_4q": null,
            "common_shares": 875995,
            "book_valuer_per_share": 13.17,
            "book_valuer_per_share_4q_avg": 13.17,
            "equity": 1153753,
            "current_ratio": 83.81,
            "debt_ratio": 56.16,
            "inventory_turnover_ratio": 1.98,
            "account_receivable_turnover_ratio": null,
            "reinvestment_rate": null,
            "research_to_sale_ratio": null,
            "price_fair": 0,
            "eps_avg_yearly": 0,
            "eps_latest_yearly": 0,
            "eps_growth_yearly": 0
        },
        "20012": {
            "year_quarter": 20012,
            "year": 2001,
            "quarter": 2,
            "eps": 0.44,
            "eps_growth_year": null,
            "eps_4q": 2.64,
            "eps_4q_growth_year": null,
            "roe": 3.63,
            "roe_4q": 11.84,
            "gross_profit": 87052,
            "gross_margin": 30.12,
            "gross_margin_4q_avg": 28.76,
            "net_income": 42664,
            "net_income_4q": null,
            "revenue": 289019,
            "revenue_4q": null,
            "common_shares": 965928,
            "book_valuer_per_share": 12.39,
            "book_valuer_per_share_4q_avg": 12.78,
            "equity": 1196417,
            "current_ratio": 54.84,
            "debt_ratio": 54.31,
            "inventory_turnover_ratio": 2.03,
            "account_receivable_turnover_ratio": null,
            "reinvestment_rate": null,
            "research_to_sale_ratio": null,
            "price_fair": 0,
            "eps_avg_yearly": 0,
            "eps_latest_yearly": 0,
            "eps_growth_yearly": 0
        },
        "20013": {
            "year_quarter": 20013,
            "year": 2001,
            "quarter": 3,
            "eps": 0.41,
            "eps_growth_year": -48.75,
            "eps_4q": 2.34,
            "eps_4q_growth_year": null,
            "roe": 3.24,
            "roe_4q": 15.080000000000002,
            "gross_profit": 97504,
            "gross_margin": 30.23,
            "gross_margin_4q_avg": 29.25,
            "net_income": 39349,
            "net_income_4q": null,
            "revenue": 322582,
            "revenue_4q": null,
            "common_shares": 965928,
            "book_valuer_per_share": 12.79,
            "book_valuer_per_share_4q_avg": 12.78,
            "equity": 1235765,
            "current_ratio": 49.68,
            "debt_ratio": 53.08,
            "inventory_turnover_ratio": 1.99,
            "account_receivable_turnover_ratio": null,
            "reinvestment_rate": null,
            "research_to_sale_ratio": null,
            "price_fair": 0,
            "eps_avg_yearly": 0,
            "eps_latest_yearly": 0,
            "eps_growth_yearly": 0
        },
        "20014": {
            "year_quarter": 20014,
            "year": 2001,
            "quarter": 4,
            "eps": 0.33,
            "eps_growth_year": -42.11,
            "eps_4q": 2.15,
            "eps_4q_growth_year": null,
            "roe": 2.54,
            "roe_4q": 17.62,
            "gross_profit": 67026,
            "gross_margin": 24.09,
            "gross_margin_4q_avg": 27.96,
            "net_income": 31759,
            "net_income_4q": null,
            "revenue": 278252,
            "revenue_4q": null,
            "common_shares": 965928,
            "book_valuer_per_share": 13.12,
            "book_valuer_per_share_4q_avg": 12.87,
            "equity": 1267525,
            "current_ratio": 58.61,
            "debt_ratio": 50.59,
            "inventory_turnover_ratio": 1.79,
            "account_receivable_turnover_ratio": null,
            "reinvestment_rate": null,
            "research_to_sale_ratio": null,
            "price_fair": 0,
            "eps_avg_yearly": 0,
            "eps_latest_yearly": 0,
            "eps_growth_yearly": 0
        },
        "20021": {
            "year_quarter": 20021,
            "year": 2002,
            "quarter": 1,
            "eps": 0.21,
            "eps_growth_year": -78.12,
            "eps_4q": 1.39,
            "eps_4q_growth_year": null,
            "roe": 1.58,
            "roe_4q": 10.99,
            "gross_profit": 60522,
            "gross_margin": 23.29,
            "gross_margin_4q_avg": 26.93,
            "net_income": 20169,
            "net_income_4q": null,
            "revenue": 259888,
            "revenue_4q": null,
            "common_shares": 965928,
            "book_valuer_per_share": 13.33,
            "book_valuer_per_share_4q_avg": 12.91,
            "equity": 1287694,
            "current_ratio": 53.61,
            "debt_ratio": 49.87,
            "inventory_turnover_ratio": 1.71,
            "account_receivable_turnover_ratio": null,
            "reinvestment_rate": null,
            "research_to_sale_ratio": null,
            "price_fair": 2.52,
            "eps_avg_yearly": 0.84,
            "eps_latest_yearly": 0.84,
            "eps_growth_yearly": -145.45
        },
        "20022": {
            "year_quarter": 20022,
            "year": 2002,
            "quarter": 2,
            "eps": 0.32,
            "eps_growth_year": -27.27,
            "eps_4q": 1.17,
            "eps_4q_growth_year": -55.67,
            "roe": 2.63,
            "roe_4q": 9.99,
            "gross_profit": 74037,
            "gross_margin": 27.13,
            "gross_margin_4q_avg": 26.19,
            "net_income": 34373,
            "net_income_4q": null,
            "revenue": 272883,
            "revenue_4q": null,
            "common_shares": 965928,
            "book_valuer_per_share": 13.69,
            "book_valuer_per_share_4q_avg": 13.23,
            "equity": 1322067,
            "current_ratio": 46.33,
            "debt_ratio": 47.55,
            "inventory_turnover_ratio": 1.85,
            "account_receivable_turnover_ratio": null,
            "reinvestment_rate": null,
            "research_to_sale_ratio": null,
            "price_fair": 37.1,
            "eps_avg_yearly": 1.06,
            "eps_latest_yearly": 1.28,
            "eps_growth_yearly": 32.03
        },
        "20023": {
            "year_quarter": 20023,
            "year": 2002,
            "quarter": 3,
            "eps": 0.68,
            "eps_growth_year": 65.85,
            "eps_4q": 1.49,
            "eps_4q_growth_year": -36.5,
            "roe": 5.36,
            "roe_4q": 12.11,
            "gross_profit": 119931,
            "gross_margin": 36.48,
            "gross_margin_4q_avg": 27.75,
            "net_income": 72767,
            "net_income_4q": null,
            "revenue": 328791,
            "revenue_4q": null,
            "common_shares": 1066238,
            "book_valuer_per_share": 13.08,
            "book_valuer_per_share_4q_avg": 13.31,
            "equity": 1394834,
            "current_ratio": 78.12,
            "debt_ratio": 44.67,
            "inventory_turnover_ratio": 2.01,
            "account_receivable_turnover_ratio": null,
            "reinvestment_rate": null,
            "research_to_sale_ratio": null,
            "price_fair": 56.47,
            "eps_avg_yearly": 1.61,
            "eps_latest_yearly": 2.72,
            "eps_growth_yearly": 171.36
        },
        "20024": {
            "year_quarter": 20024,
            "year": 2002,
            "quarter": 4,
            "eps": 0.32,
            "eps_growth_year": -3.03,
            "eps_4q": 1.52,
            "eps_4q_growth_year": -28.94,
            "roe": 2.4,
            "roe_4q": 11.97,
            "gross_profit": 74442,
            "gross_margin": 26.6,
            "gross_margin_4q_avg": 28.38,
            "net_income": 33814,
            "net_income_4q": null,
            "revenue": 279890,
            "revenue_4q": null,
            "common_shares": 1066238,
            "book_valuer_per_share": 13.4,
            "book_valuer_per_share_4q_avg": 13.38,
            "equity": 1428648,
            "current_ratio": 157.89,
            "debt_ratio": 44.9,
            "inventory_turnover_ratio": 1.97,
            "account_receivable_turnover_ratio": null,
            "reinvestment_rate": null,
            "research_to_sale_ratio": null,
            "price_fair": 53.55,
            "eps_avg_yearly": 1.53,
            "eps_latest_yearly": 1.28,
            "eps_growth_yearly": 75.58
        },
        "20031": {
            "year_quarter": 20031,
            "year": 2003,
            "quarter": 1,
            "eps": 0.12,
            "eps_growth_year": -42.86,
            "eps_4q": 1.44,
            "eps_4q_growth_year": 3.17,
            "roe": 0.89,
            "roe_4q": 11.280000000000001,
            "gross_profit": 46312,
            "gross_margin": 18.2,
            "gross_margin_4q_avg": 27.1,
            "net_income": 12826,
            "net_income_4q": null,
            "revenue": 254480,
            "revenue_4q": null,
            "common_shares": 1066238,
            "book_valuer_per_share": 13.52,
            "book_valuer_per_share_4q_avg": 13.42,
            "equity": 1441474,
            "current_ratio": 113.43,
            "debt_ratio": 44.5,
            "inventory_turnover_ratio": 2.15,
            "account_receivable_turnover_ratio": null,
            "reinvestment_rate": null,
            "research_to_sale_ratio": null,
            "price_fair": 27.01,
            "eps_avg_yearly": 1.32,
            "eps_latest_yearly": 0.48,
            "eps_growth_yearly": 10.46
        },
        "20032": {
            "year_quarter": 20032,
            "year": 2003,
            "quarter": 2,
            "eps": 0.4,
            "eps_growth_year": 25,
            "eps_4q": 1.52,
            "eps_4q_growth_year": 29.54,
            "roe": 3.04,
            "roe_4q": 11.690000000000001,
            "gross_profit": 74065,
            "gross_margin": 26.67,
            "gross_margin_4q_avg": 26.99,
            "net_income": 42824,
            "net_income_4q": null,
            "revenue": 277681,
            "revenue_4q": null,
            "common_shares": 1066238,
            "book_valuer_per_share": 12.89,
            "book_valuer_per_share_4q_avg": 13.22,
            "equity": 1374774,
            "current_ratio": 109.47,
            "debt_ratio": 49.31,
            "inventory_turnover_ratio": 2.06,
            "account_receivable_turnover_ratio": null,
            "reinvestment_rate": null,
            "research_to_sale_ratio": null,
            "price_fair": 47.83,
            "eps_avg_yearly": 1.37,
            "eps_latest_yearly": 1.6,
            "eps_growth_yearly": 164.27
        },
        "20033": {
            "year_quarter": 20033,
            "year": 2003,
            "quarter": 3,
            "eps": 0.54,
            "eps_growth_year": -20.59,
            "eps_4q": 1.37,
            "eps_4q_growth_year": -7.52,
            "roe": 4.12,
            "roe_4q": 10.450000000000001,
            "gross_profit": 95977,
            "gross_margin": 31.48,
            "gross_margin_4q_avg": 25.74,
            "net_income": 57879,
            "net_income_4q": null,
            "revenue": 304842,
            "revenue_4q": null,
            "common_shares": 1066238,
            "book_valuer_per_share": 13.44,
            "book_valuer_per_share_4q_avg": 13.31,
            "equity": 1432653,
            "current_ratio": 133.8,
            "debt_ratio": 48.75,
            "inventory_turnover_ratio": 2.39,
            "account_receivable_turnover_ratio": null,
            "reinvestment_rate": null,
            "research_to_sale_ratio": null,
            "price_fair": 51.8,
            "eps_avg_yearly": 1.48,
            "eps_latest_yearly": 2.16,
            "eps_growth_yearly": 160.81
        },
        "20034": {
            "year_quarter": 20034,
            "year": 2003,
            "quarter": 4,
            "eps": 0.33,
            "eps_growth_year": 3.12,
            "eps_4q": 1.39,
            "eps_4q_growth_year": -8.81,
            "roe": 2.44,
            "roe_4q": 10.490000000000002,
            "gross_profit": 61752,
            "gross_margin": 22.41,
            "gross_margin_4q_avg": 24.69,
            "net_income": 35329,
            "net_income_4q": null,
            "revenue": 275596,
            "revenue_4q": null,
            "common_shares": 1066238,
            "book_valuer_per_share": 13.77,
            "book_valuer_per_share_4q_avg": 13.41,
            "equity": 1467982,
            "current_ratio": 150.74,
            "debt_ratio": 46.19,
            "inventory_turnover_ratio": 3.19,
            "account_receivable_turnover_ratio": null,
            "reinvestment_rate": null,
            "research_to_sale_ratio": null,
            "price_fair": 51.1,
            "eps_avg_yearly": 1.46,
            "eps_latest_yearly": 1.32,
            "eps_growth_yearly": 121.26
        },
        "20041": {
            "year_quarter": 20041,
            "year": 2004,
            "quarter": 1,
            "eps": -0.04,
            "eps_growth_year": -133.33,
            "eps_4q": 1.16,
            "eps_4q_growth_year": -19.4,
            "roe": -0.31,
            "roe_4q": 9.29,
            "gross_profit": 23342,
            "gross_margin": 8.7,
            "gross_margin_4q_avg": 22.32,
            "net_income": -4536,
            "net_income_4q": null,
            "revenue": 268366,
            "revenue_4q": null,
            "common_shares": 1066238,
            "book_valuer_per_share": 13.73,
            "book_valuer_per_share_4q_avg": 13.46,
            "equity": 1463446,
            "current_ratio": 134.93,
            "debt_ratio": 50.07,
            "inventory_turnover_ratio": 2.79,
            "account_receivable_turnover_ratio": null,
            "reinvestment_rate": null,
            "research_to_sale_ratio": null,
            "price_fair": 51.1,
            "eps_avg_yearly": 1.46,
            "eps_latest_yearly": 1.32,
            "eps_growth_yearly": 121.26
        },
        "20042": {
            "year_quarter": 20042,
            "year": 2004,
            "quarter": 2,
            "eps": 0.19,
            "eps_growth_year": -52.5,
            "eps_4q": 1.02,
            "eps_4q_growth_year": -32.84,
            "roe": 1.43,
            "roe_4q": 7.68,
            "gross_profit": 43260,
            "gross_margin": 14.86,
            "gross_margin_4q_avg": 19.36,
            "net_income": 20356,
            "net_income_4q": null,
            "revenue": 291125,
            "revenue_4q": null,
            "common_shares": 1066238,
            "book_valuer_per_share": 12.89,
            "book_valuer_per_share_4q_avg": 13.46,
            "equity": 1374499,
            "current_ratio": 98.78,
            "debt_ratio": 53.19,
            "inventory_turnover_ratio": 2.09,
            "account_receivable_turnover_ratio": null,
            "reinvestment_rate": 309.81,
            "research_to_sale_ratio": null,
            "price_fair": 51.1,
            "eps_avg_yearly": 1.46,
            "eps_latest_yearly": 1.32,
            "eps_growth_yearly": 121.26
        },
        "20043": {
            "year_quarter": 20043,
            "year": 2004,
            "quarter": 3,
            "eps": 0.3,
            "eps_growth_year": -44.44,
            "eps_4q": 0.77,
            "eps_4q_growth_year": -43.65,
            "roe": 2.33,
            "roe_4q": 5.89,
            "gross_profit": 59776,
            "gross_margin": 18.48,
            "gross_margin_4q_avg": 16.11,
            "net_income": 32334,
            "net_income_4q": null,
            "revenue": 323485,
            "revenue_4q": null,
            "common_shares": 1066238,
            "book_valuer_per_share": 13.19,
            "book_valuer_per_share_4q_avg": 13.4,
            "equity": 1406833,
            "current_ratio": 92.91,
            "debt_ratio": 48.16,
            "inventory_turnover_ratio": 2.86,
            "account_receivable_turnover_ratio": null,
            "reinvestment_rate": -38.2,
            "research_to_sale_ratio": null,
            "price_fair": 50.09,
            "eps_avg_yearly": 1.43,
            "eps_latest_yearly": 1.2,
            "eps_growth_yearly": 133.52
        },
        "20044": {
            "year_quarter": 20044,
            "year": 2004,
            "quarter": 4,
            "eps": 0.14,
            "eps_growth_year": -57.58,
            "eps_4q": 0.6,
            "eps_4q_growth_year": -56.81,
            "roe": 1.04,
            "roe_4q": 4.49,
            "gross_profit": 38525,
            "gross_margin": 14.59,
            "gross_margin_4q_avg": 14.16,
            "net_income": 14637,
            "net_income_4q": null,
            "revenue": 264018,
            "revenue_4q": null,
            "common_shares": 1066238,
            "book_valuer_per_share": 13.33,
            "book_valuer_per_share_4q_avg": 13.29,
            "equity": 1421470,
            "current_ratio": 106.69,
            "debt_ratio": 48.91,
            "inventory_turnover_ratio": 2.6,
            "account_receivable_turnover_ratio": null,
            "reinvestment_rate": -40.8,
            "research_to_sale_ratio": null,
            "price_fair": 47.04,
            "eps_avg_yearly": 1.34,
            "eps_latest_yearly": 0.56,
            "eps_growth_yearly": 98.83
        },
        "20051": {
            "year_quarter": 20051,
            "year": 2005,
            "quarter": 1,
            "eps": 0.05,
            "eps_growth_year": null,
            "eps_4q": 0.65,
            "eps_4q_growth_year": -44.16,
            "roe": 0.4,
            "roe_4q": 5.2,
            "gross_profit": 27182,
            "gross_margin": 10.93,
            "gross_margin_4q_avg": 14.72,
            "net_income": 5634,
            "net_income_4q": null,
            "revenue": 248736,
            "revenue_4q": null,
            "common_shares": 1066238,
            "book_valuer_per_share": 13.38,
            "book_valuer_per_share_4q_avg": 13.2,
            "equity": 1427104,
            "current_ratio": 133.78,
            "debt_ratio": 45.95,
            "inventory_turnover_ratio": 2.18,
            "account_receivable_turnover_ratio": null,
            "reinvestment_rate": -49.5,
            "research_to_sale_ratio": null,
            "price_fair": 43.4,
            "eps_avg_yearly": 1.24,
            "eps_latest_yearly": 0.2,
            "eps_growth_yearly": 66.47
        },
        "20052": {
            "year_quarter": 20052,
            "year": 2005,
            "quarter": 2,
            "eps": 0.21,
            "eps_growth_year": 10.53,
            "eps_4q": 0.71,
            "eps_4q_growth_year": -29.82,
            "roe": 1.56,
            "roe_4q": 5.33,
            "gross_profit": 45919,
            "gross_margin": 16.78,
            "gross_margin_4q_avg": 15.2,
            "net_income": 21909,
            "net_income_4q": null,
            "revenue": 273668,
            "revenue_4q": null,
            "common_shares": 1066238,
            "book_valuer_per_share": 12.9,
            "book_valuer_per_share_4q_avg": 13.2,
            "equity": 1375050,
            "current_ratio": 100.86,
            "debt_ratio": 49.38,
            "inventory_turnover_ratio": 1.63,
            "account_receivable_turnover_ratio": null,
            "reinvestment_rate": -84.42,
            "research_to_sale_ratio": null,
            "price_fair": 42.23,
            "eps_avg_yearly": 1.21,
            "eps_latest_yearly": 0.84,
            "eps_growth_yearly": 167.6
        },
        "20053": {
            "year_quarter": 20053,
            "year": 2005,
            "quarter": 3,
            "eps": 0.38,
            "eps_growth_year": 26.67,
            "eps_4q": 0.77,
            "eps_4q_growth_year": -0.04,
            "roe": 2.9,
            "roe_4q": 5.9,
            "gross_profit": 75019,
            "gross_margin": 23.26,
            "gross_margin_4q_avg": 16.39,
            "net_income": 40656,
            "net_income_4q": null,
            "revenue": 322512,
            "revenue_4q": null,
            "common_shares": 1066238,
            "book_valuer_per_share": 13.39,
            "book_valuer_per_share_4q_avg": 13.25,
            "equity": 1427406,
            "current_ratio": 152.63,
            "debt_ratio": 47.63,
            "inventory_turnover_ratio": 1.35,
            "account_receivable_turnover_ratio": null,
            "reinvestment_rate": -95.01,
            "research_to_sale_ratio": null,
            "price_fair": 43.08,
            "eps_avg_yearly": 1.23,
            "eps_latest_yearly": 1.52,
            "eps_growth_yearly": 179.61
        },
        "20054": {
            "year_quarter": 20054,
            "year": 2005,
            "quarter": 4,
            "eps": -0.03,
            "eps_growth_year": -121.43,
            "eps_4q": 0.61,
            "eps_4q_growth_year": 1.57,
            "roe": -0.25,
            "roe_4q": 4.61,
            "gross_profit": 39209,
            "gross_margin": 14.87,
            "gross_margin_4q_avg": 16.46,
            "net_income": -3605,
            "net_income_4q": null,
            "revenue": 263736,
            "revenue_4q": null,
            "common_shares": 1066238,
            "book_valuer_per_share": 13.33,
            "book_valuer_per_share_4q_avg": 13.25,
            "equity": 1421326,
            "current_ratio": 78.34,
            "debt_ratio": 42.98,
            "inventory_turnover_ratio": 1.6,
            "account_receivable_turnover_ratio": null,
            "reinvestment_rate": -104.12,
            "research_to_sale_ratio": null,
            "price_fair": 43.08,
            "eps_avg_yearly": 1.23,
            "eps_latest_yearly": 1.52,
            "eps_growth_yearly": 179.61
        },
        "20061": {
            "year_quarter": 20061,
            "year": 2006,
            "quarter": 1,
            "eps": 0.03,
            "eps_growth_year": -40,
            "eps_4q": 0.64,
            "eps_4q_growth_year": -0.55,
            "roe": 0.2,
            "roe_4q": 4.41,
            "gross_profit": 22397,
            "gross_margin": 9.01,
            "gross_margin_4q_avg": 15.98,
            "net_income": 2881,
            "net_income_4q": null,
            "revenue": 248538,
            "revenue_4q": null,
            "common_shares": 1066238,
            "book_valuer_per_share": 13.33,
            "book_valuer_per_share_4q_avg": 13.24,
            "equity": 1421283,
            "current_ratio": 100.62,
            "debt_ratio": 44.29,
            "inventory_turnover_ratio": 2.63,
            "account_receivable_turnover_ratio": null,
            "reinvestment_rate": -103.24,
            "research_to_sale_ratio": null,
            "price_fair": 44.22,
            "eps_avg_yearly": 1.26,
            "eps_latest_yearly": 1.52,
            "eps_growth_yearly": 206.7
        },
        "20062": {
            "year_quarter": 20062,
            "year": 2006,
            "quarter": 2,
            "eps": 0.24,
            "eps_growth_year": 14.29,
            "eps_4q": 0.61,
            "eps_4q_growth_year": -14.42,
            "roe": 1.84,
            "roe_4q": 4.6899999999999995,
            "gross_profit": 53908,
            "gross_margin": 18.93,
            "gross_margin_4q_avg": 16.52,
            "net_income": 25816,
            "net_income_4q": null,
            "revenue": 284703,
            "revenue_4q": null,
            "common_shares": 1066238,
            "book_valuer_per_share": 13.05,
            "book_valuer_per_share_4q_avg": 13.28,
            "equity": 1391948,
            "current_ratio": 116.17,
            "debt_ratio": 47.15,
            "inventory_turnover_ratio": 3.12,
            "account_receivable_turnover_ratio": null,
            "reinvestment_rate": -108.49,
            "research_to_sale_ratio": null,
            "price_fair": 43.28,
            "eps_avg_yearly": 1.24,
            "eps_latest_yearly": 0.96,
            "eps_growth_yearly": 422.58
        },
        "20063": {
            "year_quarter": 20063,
            "year": 2006,
            "quarter": 3,
            "eps": 0.44,
            "eps_growth_year": 15.79,
            "eps_4q": 0.68,
            "eps_4q_growth_year": -12.81,
            "roe": 3.31,
            "roe_4q": 5.1000000000000005,
            "gross_profit": 79480,
            "gross_margin": 23.21,
            "gross_margin_4q_avg": 16.51,
            "net_income": 46966,
            "net_income_4q": null,
            "revenue": 342444,
            "revenue_4q": null,
            "common_shares": 1066238,
            "book_valuer_per_share": 13.55,
            "book_valuer_per_share_4q_avg": 13.32,
            "equity": 1444390,
            "current_ratio": 97.45,
            "debt_ratio": 43.25,
            "inventory_turnover_ratio": 3.71,
            "account_receivable_turnover_ratio": null,
            "reinvestment_rate": -110.2,
            "research_to_sale_ratio": null,
            "price_fair": 40.48,
            "eps_avg_yearly": 1.16,
            "eps_latest_yearly": 1.76,
            "eps_growth_yearly": 412.85
        },
        "20064": {
            "year_quarter": 20064,
            "year": 2006,
            "quarter": 4,
            "eps": 0.2,
            "eps_growth_year": null,
            "eps_4q": 0.92,
            "eps_4q_growth_year": 50.64,
            "roe": 1.45,
            "roe_4q": 6.8,
            "gross_profit": 54504,
            "gross_margin": 19.66,
            "gross_margin_4q_avg": 17.7,
            "net_income": 21049,
            "net_income_4q": null,
            "revenue": 277280,
            "revenue_4q": null,
            "common_shares": 1066238,
            "book_valuer_per_share": 13.71,
            "book_valuer_per_share_4q_avg": 13.41,
            "equity": 1461651,
            "current_ratio": 78.25,
            "debt_ratio": 41.77,
            "inventory_turnover_ratio": 2,
            "account_receivable_turnover_ratio": null,
            "reinvestment_rate": -115.27,
            "research_to_sale_ratio": null,
            "price_fair": 39.08,
            "eps_avg_yearly": 1.12,
            "eps_latest_yearly": 0.8,
            "eps_growth_yearly": 412.32
        },
        "20071": {
            "year_quarter": 20071,
            "year": 2007,
            "quarter": 1,
            "eps": 0.07,
            "eps_growth_year": 133.33,
            "eps_4q": 0.94,
            "eps_4q_growth_year": 45.5,
            "roe": 0.52,
            "roe_4q": 7.12,
            "gross_profit": 24642,
            "gross_margin": 9.86,
            "gross_margin_4q_avg": 17.92,
            "net_income": 7576,
            "net_income_4q": null,
            "revenue": 250015,
            "revenue_4q": null,
            "common_shares": 1066238,
            "book_valuer_per_share": 13.81,
            "book_valuer_per_share_4q_avg": 13.53,
            "equity": 1472938,
            "current_ratio": 62.51,
            "debt_ratio": 38.79,
            "inventory_turnover_ratio": 1.59,
            "account_receivable_turnover_ratio": null,
            "reinvestment_rate": -120.92,
            "research_to_sale_ratio": null,
            "price_fair": 38.5,
            "eps_avg_yearly": 1.1,
            "eps_latest_yearly": 0.28,
            "eps_growth_yearly": 411.49
        },
        "20072": {
            "year_quarter": 20072,
            "year": 2007,
            "quarter": 2,
            "eps": 0.4,
            "eps_growth_year": 66.67,
            "eps_4q": 1.12,
            "eps_4q_growth_year": 82.65,
            "roe": 2.9,
            "roe_4q": 8.18,
            "gross_profit": 69524,
            "gross_margin": 22.88,
            "gross_margin_4q_avg": 18.9,
            "net_income": 42207,
            "net_income_4q": null,
            "revenue": 303855,
            "revenue_4q": null,
            "common_shares": 1066238,
            "book_valuer_per_share": 13.48,
            "book_valuer_per_share_4q_avg": 13.64,
            "equity": 1437287,
            "current_ratio": 107.48,
            "debt_ratio": 42.67,
            "inventory_turnover_ratio": 1.8,
            "account_receivable_turnover_ratio": null,
            "reinvestment_rate": -173.12,
            "research_to_sale_ratio": null,
            "price_fair": 38.5,
            "eps_avg_yearly": 1.1,
            "eps_latest_yearly": 1.6,
            "eps_growth_yearly": 490.85
        },
        "20073": {
            "year_quarter": 20073,
            "year": 2007,
            "quarter": 3,
            "eps": 0.31,
            "eps_growth_year": -29.55,
            "eps_4q": 0.98,
            "eps_4q_growth_year": 45.52,
            "roe": 2.25,
            "roe_4q": 7.12,
            "gross_profit": 55985,
            "gross_margin": 18.2,
            "gross_margin_4q_avg": 17.65,
            "net_income": 32659,
            "net_income_4q": null,
            "revenue": 307679,
            "revenue_4q": null,
            "common_shares": 1066238,
            "book_valuer_per_share": 13.77,
            "book_valuer_per_share_4q_avg": 13.69,
            "equity": 1468146,
            "current_ratio": 102.59,
            "debt_ratio": 41.65,
            "inventory_turnover_ratio": 1.56,
            "account_receivable_turnover_ratio": null,
            "reinvestment_rate": -183.9,
            "research_to_sale_ratio": null,
            "price_fair": 35.82,
            "eps_avg_yearly": 1.02,
            "eps_latest_yearly": 1.24,
            "eps_growth_yearly": 471.69
        },
        "20074": {
            "year_quarter": 20074,
            "year": 2007,
            "quarter": 4,
            "eps": 0.13,
            "eps_growth_year": -35,
            "eps_4q": 0.92,
            "eps_4q_growth_year": 0.22,
            "roe": 0.92,
            "roe_4q": 6.59,
            "gross_profit": 37484,
            "gross_margin": 13.6,
            "gross_margin_4q_avg": 16.14,
            "net_income": 13550,
            "net_income_4q": null,
            "revenue": 275720,
            "revenue_4q": null,
            "common_shares": 1066238,
            "book_valuer_per_share": 13.88,
            "book_valuer_per_share_4q_avg": 13.74,
            "equity": 1480272,
            "current_ratio": 136.43,
            "debt_ratio": 38.36,
            "inventory_turnover_ratio": 1.28,
            "account_receivable_turnover_ratio": null,
            "reinvestment_rate": -195.4,
            "research_to_sale_ratio": null,
            "price_fair": 33.48,
            "eps_avg_yearly": 0.96,
            "eps_latest_yearly": 0.52,
            "eps_growth_yearly": 465.29
        },
        "20081": {
            "year_quarter": 20081,
            "year": 2008,
            "quarter": 1,
            "eps": 0.06,
            "eps_growth_year": -14.29,
            "eps_4q": 0.89,
            "eps_4q_growth_year": -5.53,
            "roe": 0.44,
            "roe_4q": 6.51,
            "gross_profit": 24452,
            "gross_margin": 8.98,
            "gross_margin_4q_avg": 15.92,
            "net_income": 6429,
            "net_income_4q": null,
            "revenue": 272323,
            "revenue_4q": null,
            "common_shares": 1066238,
            "book_valuer_per_share": 13.8,
            "book_valuer_per_share_4q_avg": 13.73,
            "equity": 1471475,
            "current_ratio": 130.31,
            "debt_ratio": 39.69,
            "inventory_turnover_ratio": 1.39,
            "account_receivable_turnover_ratio": null,
            "reinvestment_rate": -187.5,
            "research_to_sale_ratio": null,
            "price_fair": 31.55,
            "eps_avg_yearly": 0.9,
            "eps_latest_yearly": 0.24,
            "eps_growth_yearly": 412.93
        },
        "20082": {
            "year_quarter": 20082,
            "year": 2008,
            "quarter": 2,
            "eps": 0.19,
            "eps_growth_year": -52.5,
            "eps_4q": 0.67,
            "eps_4q_growth_year": -39.74,
            "roe": 1.44,
            "roe_4q": 5.05,
            "gross_profit": 43096,
            "gross_margin": 15.33,
            "gross_margin_4q_avg": 14.03,
            "net_income": 20717,
            "net_income_4q": null,
            "revenue": 281165,
            "revenue_4q": null,
            "common_shares": 1066238,
            "book_valuer_per_share": 13.27,
            "book_valuer_per_share_4q_avg": 13.68,
            "equity": 1415403,
            "current_ratio": 112.29,
            "debt_ratio": 44.39,
            "inventory_turnover_ratio": 1.45,
            "account_receivable_turnover_ratio": null,
            "reinvestment_rate": -182.25,
            "research_to_sale_ratio": null,
            "price_fair": 31.2,
            "eps_avg_yearly": 0.89,
            "eps_latest_yearly": 0.76,
            "eps_growth_yearly": 445.34
        },
        "20083": {
            "year_quarter": 20083,
            "year": 2008,
            "quarter": 3,
            "eps": 0.07,
            "eps_growth_year": -77.42,
            "eps_4q": 0.43,
            "eps_4q_growth_year": -56.35,
            "roe": 0.56,
            "roe_4q": 3.36,
            "gross_profit": 23727,
            "gross_margin": 8.47,
            "gross_margin_4q_avg": 11.6,
            "net_income": 7940,
            "net_income_4q": null,
            "revenue": 280211,
            "revenue_4q": null,
            "common_shares": 1066238,
            "book_valuer_per_share": 13.48,
            "book_valuer_per_share_4q_avg": 13.61,
            "equity": 1437068,
            "current_ratio": 124.69,
            "debt_ratio": 38.24,
            "inventory_turnover_ratio": 1.45,
            "account_receivable_turnover_ratio": null,
            "reinvestment_rate": -190.65,
            "research_to_sale_ratio": null,
            "price_fair": 28.9,
            "eps_avg_yearly": 0.83,
            "eps_latest_yearly": 0.28,
            "eps_growth_yearly": 410.76
        },
        "20084": {
            "year_quarter": 20084,
            "year": 2008,
            "quarter": 4,
            "eps": -0.2,
            "eps_growth_year": -253.85,
            "eps_4q": 0.13,
            "eps_4q_growth_year": -85.88,
            "roe": -1.51,
            "roe_4q": 0.9299999999999999,
            "gross_profit": -15076,
            "gross_margin": -6.08,
            "gross_margin_4q_avg": 6.68,
            "net_income": -21623,
            "net_income_4q": null,
            "revenue": 247823,
            "revenue_4q": null,
            "common_shares": 1066238,
            "book_valuer_per_share": 13.32,
            "book_valuer_per_share_4q_avg": 13.47,
            "equity": 1420170,
            "current_ratio": 172.24,
            "debt_ratio": 36.87,
            "inventory_turnover_ratio": 2,
            "account_receivable_turnover_ratio": 5.64,
            "reinvestment_rate": -212.22,
            "research_to_sale_ratio": null,
            "price_fair": 29.62,
            "eps_avg_yearly": 0.85,
            "eps_latest_yearly": 0.28,
            "eps_growth_yearly": 458.76
        },
        "20091": {
            "year_quarter": 20091,
            "year": 2009,
            "quarter": 1,
            "eps": 0.04,
            "eps_growth_year": -33.33,
            "eps_4q": 0.11,
            "eps_4q_growth_year": -87.22,
            "roe": 0.27,
            "roe_4q": 0.76,
            "gross_profit": 16023,
            "gross_margin": 6.23,
            "gross_margin_4q_avg": 5.99,
            "net_income": 3849,
            "net_income_4q": null,
            "revenue": 257173,
            "revenue_4q": null,
            "common_shares": 1066238,
            "book_valuer_per_share": 13.43,
            "book_valuer_per_share_4q_avg": 13.38,
            "equity": 1432344,
            "current_ratio": 136.29,
            "debt_ratio": 37.76,
            "inventory_turnover_ratio": 3.8,
            "account_receivable_turnover_ratio": 2.51,
            "reinvestment_rate": -206.08,
            "research_to_sale_ratio": null,
            "price_fair": 31.5,
            "eps_avg_yearly": 0.9,
            "eps_latest_yearly": 0.28,
            "eps_growth_yearly": 518.42
        },
        "20092": {
            "year_quarter": 20092,
            "year": 2009,
            "quarter": 2,
            "eps": 0.26,
            "eps_growth_year": 36.84,
            "eps_4q": 0.17,
            "eps_4q_growth_year": -75.03,
            "roe": 1.95,
            "roe_4q": 1.2699999999999998,
            "gross_profit": 54526,
            "gross_margin": 17.25,
            "gross_margin_4q_avg": 6.47,
            "net_income": 27797,
            "net_income_4q": null,
            "revenue": 316041,
            "revenue_4q": null,
            "common_shares": 1066238,
            "book_valuer_per_share": 13.31,
            "book_valuer_per_share_4q_avg": 13.39,
            "equity": 1419198,
            "current_ratio": 121.11,
            "debt_ratio": 40.64,
            "inventory_turnover_ratio": 2.34,
            "account_receivable_turnover_ratio": 2.38,
            "reinvestment_rate": -193.62,
            "research_to_sale_ratio": null,
            "price_fair": 32.08,
            "eps_avg_yearly": 0.92,
            "eps_latest_yearly": 1.04,
            "eps_growth_yearly": 595.09
        },
        "20093": {
            "year_quarter": 20093,
            "year": 2009,
            "quarter": 3,
            "eps": 0.54,
            "eps_growth_year": 671.43,
            "eps_4q": 0.63,
            "eps_4q_growth_year": 47.9,
            "roe": 3.98,
            "roe_4q": 4.6899999999999995,
            "gross_profit": 89538,
            "gross_margin": 25.39,
            "gross_margin_4q_avg": 10.7,
            "net_income": 57483,
            "net_income_4q": null,
            "revenue": 352683,
            "revenue_4q": null,
            "common_shares": 1066238,
            "book_valuer_per_share": 13.8,
            "book_valuer_per_share_4q_avg": 13.47,
            "equity": 1471425,
            "current_ratio": 174.17,
            "debt_ratio": 37.72,
            "inventory_turnover_ratio": 1.85,
            "account_receivable_turnover_ratio": 2.69,
            "reinvestment_rate": -177.78,
            "research_to_sale_ratio": null,
            "price_fair": 33.95,
            "eps_avg_yearly": 0.97,
            "eps_latest_yearly": 2.16,
            "eps_growth_yearly": 604
        },
        "20094": {
            "year_quarter": 20094,
            "year": 2009,
            "quarter": 4,
            "eps": 0.3,
            "eps_growth_year": null,
            "eps_4q": 1.14,
            "eps_4q_growth_year": 774.5,
            "roe": 2.16,
            "roe_4q": 8.36,
            "gross_profit": 65114,
            "gross_margin": 21.15,
            "gross_margin_4q_avg": 17.51,
            "net_income": 32086,
            "net_income_4q": null,
            "revenue": 307928,
            "revenue_4q": null,
            "common_shares": 1066238,
            "book_valuer_per_share": 14.09,
            "book_valuer_per_share_4q_avg": 13.66,
            "equity": 1502030,
            "current_ratio": 233.57,
            "debt_ratio": 38.61,
            "inventory_turnover_ratio": 2.03,
            "account_receivable_turnover_ratio": 5.84,
            "reinvestment_rate": -151.28,
            "research_to_sale_ratio": null,
            "price_fair": 34.57,
            "eps_avg_yearly": 0.99,
            "eps_latest_yearly": 1.2,
            "eps_growth_yearly": 543.87
        },
        "20101": {
            "year_quarter": 20101,
            "year": 2010,
            "quarter": 1,
            "eps": 0.26,
            "eps_growth_year": 550,
            "eps_4q": 1.36,
            "eps_4q_growth_year": 1099.11,
            "roe": 1.8,
            "roe_4q": 9.889999999999999,
            "gross_profit": 47269,
            "gross_margin": 17.14,
            "gross_margin_4q_avg": 20.23,
            "net_income": 27236,
            "net_income_4q": null,
            "revenue": 275857,
            "revenue_4q": null,
            "common_shares": 1066238,
            "book_valuer_per_share": 14.33,
            "book_valuer_per_share_4q_avg": 13.88,
            "equity": 1527657,
            "current_ratio": 205.99,
            "debt_ratio": 38.32,
            "inventory_turnover_ratio": 1.71,
            "account_receivable_turnover_ratio": 2.46,
            "reinvestment_rate": -49.26,
            "research_to_sale_ratio": null,
            "price_fair": 34.7,
            "eps_avg_yearly": 0.99,
            "eps_latest_yearly": 1.04,
            "eps_growth_yearly": 501.21
        },
        "20102": {
            "year_quarter": 20102,
            "year": 2010,
            "quarter": 2,
            "eps": 0.32,
            "eps_growth_year": 22.93,
            "eps_4q": 1.42,
            "eps_4q_growth_year": 742.23,
            "roe": 2.28,
            "roe_4q": 10.22,
            "gross_profit": 52832,
            "gross_margin": 15.61,
            "gross_margin_4q_avg": 19.82,
            "net_income": 34078,
            "net_income_4q": null,
            "revenue": 338497,
            "revenue_4q": null,
            "common_shares": 1066238,
            "book_valuer_per_share": 13.67,
            "book_valuer_per_share_4q_avg": 13.97,
            "equity": 1457448,
            "current_ratio": 116.14,
            "debt_ratio": 43.04,
            "inventory_turnover_ratio": 1.07,
            "account_receivable_turnover_ratio": 2.67,
            "reinvestment_rate": 59,
            "research_to_sale_ratio": null,
            "price_fair": 35.5,
            "eps_avg_yearly": 1.01,
            "eps_latest_yearly": 1.28,
            "eps_growth_yearly": 307.8
        },
        "20103": {
            "year_quarter": 20103,
            "year": 2010,
            "quarter": 3,
            "eps": 0.3,
            "eps_growth_year": -44.76,
            "eps_4q": 1.17,
            "eps_4q_growth_year": 85.17,
            "roe": 2.16,
            "roe_4q": 8.399999999999999,
            "gross_profit": 54604,
            "gross_margin": 14.85,
            "gross_margin_4q_avg": 17.19,
            "net_income": 31804,
            "net_income_4q": null,
            "revenue": 367782,
            "revenue_4q": null,
            "common_shares": 1066238,
            "book_valuer_per_share": 13.89,
            "book_valuer_per_share_4q_avg": 14,
            "equity": 1481436,
            "current_ratio": 141.41,
            "debt_ratio": 40.52,
            "inventory_turnover_ratio": 0.87,
            "account_receivable_turnover_ratio": 2.72,
            "reinvestment_rate": -40.77,
            "research_to_sale_ratio": null,
            "price_fair": 34.1,
            "eps_avg_yearly": 0.97,
            "eps_latest_yearly": 1.2,
            "eps_growth_yearly": 282.21
        },
        "20104": {
            "year_quarter": 20104,
            "year": 2010,
            "quarter": 4,
            "eps": 0.09,
            "eps_growth_year": -69.78,
            "eps_4q": 0.96,
            "eps_4q_growth_year": -15.21,
            "roe": 0.65,
            "roe_4q": 6.89,
            "gross_profit": 32629,
            "gross_margin": 10.58,
            "gross_margin_4q_avg": 14.55,
            "net_income": 9665,
            "net_income_4q": null,
            "revenue": 308502,
            "revenue_4q": null,
            "common_shares": 1066238,
            "book_valuer_per_share": 13.81,
            "book_valuer_per_share_4q_avg": 13.93,
            "equity": 1472395,
            "current_ratio": 178.48,
            "debt_ratio": 41.15,
            "inventory_turnover_ratio": 0.8,
            "account_receivable_turnover_ratio": 2.53,
            "reinvestment_rate": -138.46,
            "research_to_sale_ratio": null,
            "price_fair": 33,
            "eps_avg_yearly": 0.94,
            "eps_latest_yearly": 0.36,
            "eps_growth_yearly": 277.79
        },
        "20111": {
            "year_quarter": 20111,
            "year": 2011,
            "quarter": 1,
            "eps": -0.04,
            "eps_growth_year": -115.38,
            "eps_4q": 0.67,
            "eps_4q_growth_year": -50.46,
            "roe": -0.27,
            "roe_4q": 4.82,
            "gross_profit": 9024,
            "gross_margin": 3.2,
            "gross_margin_4q_avg": 11.06,
            "net_income": -3908,
            "net_income_4q": null,
            "revenue": 281999,
            "revenue_4q": null,
            "common_shares": 1066238,
            "book_valuer_per_share": 13.79,
            "book_valuer_per_share_4q_avg": 13.79,
            "equity": 1470858,
            "current_ratio": 159.45,
            "debt_ratio": 42.38,
            "inventory_turnover_ratio": 0.91,
            "account_receivable_turnover_ratio": 2.41,
            "reinvestment_rate": 91.64,
            "research_to_sale_ratio": null,
            "price_fair": 34.78,
            "eps_avg_yearly": 0.99,
            "eps_latest_yearly": 0.36,
            "eps_growth_yearly": 319.16
        },
        "20112": {
            "year_quarter": 20112,
            "year": 2011,
            "quarter": 2,
            "eps": 0.17,
            "eps_growth_year": -48.32,
            "eps_4q": 0.52,
            "eps_4q_growth_year": -63.43,
            "roe": 1.23,
            "roe_4q": 3.77,
            "gross_profit": 35409,
            "gross_margin": 11.48,
            "gross_margin_4q_avg": 10.03,
            "net_income": 17610,
            "net_income_4q": null,
            "revenue": 308367,
            "revenue_4q": null,
            "common_shares": 1066238,
            "book_valuer_per_share": 13,
            "book_valuer_per_share_4q_avg": 13.62,
            "equity": 1386531,
            "current_ratio": 141.91,
            "debt_ratio": 46.08,
            "inventory_turnover_ratio": 1.09,
            "account_receivable_turnover_ratio": 2.37,
            "reinvestment_rate": 167.5,
            "research_to_sale_ratio": null,
            "price_fair": 33.02,
            "eps_avg_yearly": 0.94,
            "eps_latest_yearly": 0.36,
            "eps_growth_yearly": 188.61
        },
        "20113": {
            "year_quarter": 20113,
            "year": 2011,
            "quarter": 3,
            "eps": 0.38,
            "eps_growth_year": 28.37,
            "eps_4q": 0.6,
            "eps_4q_growth_year": -48.73,
            "roe": 2.89,
            "roe_4q": 4.5,
            "gross_profit": 63504,
            "gross_margin": 17.64,
            "gross_margin_4q_avg": 10.73,
            "net_income": 40828,
            "net_income_4q": null,
            "revenue": 359975,
            "revenue_4q": null,
            "common_shares": 1066238,
            "book_valuer_per_share": 13.54,
            "book_valuer_per_share_4q_avg": 13.54,
            "equity": 1443625,
            "current_ratio": 140.08,
            "debt_ratio": 39.6,
            "inventory_turnover_ratio": 1.43,
            "account_receivable_turnover_ratio": 2.7,
            "reinvestment_rate": 180.23,
            "research_to_sale_ratio": null,
            "price_fair": 33.83,
            "eps_avg_yearly": 0.97,
            "eps_latest_yearly": 1.52,
            "eps_growth_yearly": 237.29
        },
        "20114": {
            "year_quarter": 20114,
            "year": 2011,
            "quarter": 4,
            "eps": 0.11,
            "eps_growth_year": 25.77,
            "eps_4q": 0.63,
            "eps_4q_growth_year": -35.12,
            "roe": 0.84,
            "roe_4q": 4.6899999999999995,
            "gross_profit": 33486,
            "gross_margin": 12.98,
            "gross_margin_4q_avg": 11.33,
            "net_income": 12156,
            "net_income_4q": null,
            "revenue": 257915,
            "revenue_4q": null,
            "common_shares": 1066238,
            "book_valuer_per_share": 13.64,
            "book_valuer_per_share_4q_avg": 13.49,
            "equity": 1453874,
            "current_ratio": 167.05,
            "debt_ratio": 39.64,
            "inventory_turnover_ratio": 1.13,
            "account_receivable_turnover_ratio": 2.16,
            "reinvestment_rate": 71.27,
            "research_to_sale_ratio": null,
            "price_fair": 33.6,
            "eps_avg_yearly": 0.96,
            "eps_latest_yearly": 0.44,
            "eps_growth_yearly": 232.96
        },
        "20121": {
            "year_quarter": 20121,
            "year": 2012,
            "quarter": 1,
            "eps": 0.15,
            "eps_growth_year": null,
            "eps_4q": 0.81,
            "eps_4q_growth_year": 20.96,
            "roe": 1.1,
            "roe_4q": 6.0600000000000005,
            "gross_profit": 29067,
            "gross_margin": 11.08,
            "gross_margin_4q_avg": 13.3,
            "net_income": 16057,
            "net_income_4q": null,
            "revenue": 262394,
            "revenue_4q": null,
            "common_shares": 1066238,
            "book_valuer_per_share": 13.72,
            "book_valuer_per_share_4q_avg": 13.48,
            "equity": 1462818,
            "current_ratio": 150.23,
            "debt_ratio": 38.35,
            "inventory_turnover_ratio": 1.11,
            "account_receivable_turnover_ratio": 2.31,
            "reinvestment_rate": 64.22,
            "research_to_sale_ratio": null,
            "price_fair": 34.65,
            "eps_avg_yearly": 0.99,
            "eps_latest_yearly": 0.6,
            "eps_growth_yearly": 263.03
        },
        "20122": {
            "year_quarter": 20122,
            "year": 2012,
            "quarter": 2,
            "eps": 0.16,
            "eps_growth_year": -4.94,
            "eps_4q": 0.8,
            "eps_4q_growth_year": 55.48,
            "roe": 1.16,
            "roe_4q": 5.99,
            "gross_profit": 32190,
            "gross_margin": 10.95,
            "gross_margin_4q_avg": 13.16,
            "net_income": 16740,
            "net_income_4q": null,
            "revenue": 294041,
            "revenue_4q": null,
            "common_shares": 1066238,
            "book_valuer_per_share": 13.31,
            "book_valuer_per_share_4q_avg": 13.55,
            "equity": 1419133,
            "current_ratio": 130.95,
            "debt_ratio": 40.97,
            "inventory_turnover_ratio": 1.41,
            "account_receivable_turnover_ratio": 2.39,
            "reinvestment_rate": 196.17,
            "research_to_sale_ratio": null,
            "price_fair": 34.3,
            "eps_avg_yearly": 0.98,
            "eps_latest_yearly": 0.64,
            "eps_growth_yearly": 193.03
        },
        "20123": {
            "year_quarter": 20123,
            "year": 2012,
            "quarter": 3,
            "eps": 0.38,
            "eps_growth_year": -1.03,
            "eps_4q": 0.8,
            "eps_4q_growth_year": 32.97,
            "roe": 2.81,
            "roe_4q": 5.91,
            "gross_profit": 63539,
            "gross_margin": 18.57,
            "gross_margin_4q_avg": 13.4,
            "net_income": 40406,
            "net_income_4q": null,
            "revenue": 342075,
            "revenue_4q": null,
            "common_shares": 1066238,
            "book_valuer_per_share": 13.65,
            "book_valuer_per_share_4q_avg": 13.58,
            "equity": 1455581,
            "current_ratio": 112.88,
            "debt_ratio": 41.64,
            "inventory_turnover_ratio": 1.48,
            "account_receivable_turnover_ratio": 2.58,
            "reinvestment_rate": 187.28,
            "research_to_sale_ratio": null,
            "price_fair": 37.92,
            "eps_avg_yearly": 1.08,
            "eps_latest_yearly": 1.52,
            "eps_growth_yearly": 259.92
        },
        "20124": {
            "year_quarter": 20124,
            "year": 2012,
            "quarter": 4,
            "eps": 0.6,
            "eps_growth_year": 425.45,
            "eps_4q": 1.29,
            "eps_4q_growth_year": 105.56,
            "roe": 4.3,
            "roe_4q": 9.37,
            "gross_profit": 50770,
            "gross_margin": 16.06,
            "gross_margin_4q_avg": 14.17,
            "net_income": 63874,
            "net_income_4q": null,
            "revenue": 316187,
            "revenue_4q": null,
            "common_shares": 1066238,
            "book_valuer_per_share": 14.24,
            "book_valuer_per_share_4q_avg": 13.73,
            "equity": 1517958,
            "current_ratio": 187.62,
            "debt_ratio": 37.31,
            "inventory_turnover_ratio": 1.87,
            "account_receivable_turnover_ratio": 2.34,
            "reinvestment_rate": 163.88,
            "research_to_sale_ratio": null,
            "price_fair": 41.46,
            "eps_avg_yearly": 1.18,
            "eps_latest_yearly": 2.4,
            "eps_growth_yearly": 257.74
        },
        "20131": {
            "year_quarter": 20131,
            "year": 2013,
            "quarter": 1,
            "eps": 0.15,
            "eps_growth_year": 0,
            "eps_4q": 1.28,
            "eps_4q_growth_year": 57.93,
            "roe": 1.03,
            "roe_4q": 9.3,
            "gross_profit": 35664,
            "gross_margin": 11.7,
            "gross_margin_4q_avg": 14.32,
            "net_income": 15829,
            "net_income_4q": null,
            "revenue": 304766,
            "revenue_4q": null,
            "common_shares": 1066238,
            "book_valuer_per_share": 14.55,
            "book_valuer_per_share_4q_avg": 13.94,
            "equity": 1551413,
            "current_ratio": 107.77,
            "debt_ratio": 41.48,
            "inventory_turnover_ratio": 1.67,
            "account_receivable_turnover_ratio": 2.26,
            "reinvestment_rate": 114.8,
            "research_to_sale_ratio": null,
            "price_fair": 40,
            "eps_avg_yearly": 1.14,
            "eps_latest_yearly": 0.6,
            "eps_growth_yearly": 217.9
        },
        "20132": {
            "year_quarter": 20132,
            "year": 2013,
            "quarter": 2,
            "eps": 0.31,
            "eps_growth_year": 97.45,
            "eps_4q": 1.43,
            "eps_4q_growth_year": 78.14,
            "roe": 2.14,
            "roe_4q": 10.28,
            "gross_profit": 52068,
            "gross_margin": 15.85,
            "gross_margin_4q_avg": 15.55,
            "net_income": 32701,
            "net_income_4q": null,
            "revenue": 328403,
            "revenue_4q": null,
            "common_shares": 1066238,
            "book_valuer_per_share": 14.06,
            "book_valuer_per_share_4q_avg": 14.13,
            "equity": 1499397,
            "current_ratio": 115.95,
            "debt_ratio": 45.2,
            "inventory_turnover_ratio": 1.46,
            "account_receivable_turnover_ratio": 2.31,
            "reinvestment_rate": 124.51,
            "research_to_sale_ratio": null,
            "price_fair": 40.5,
            "eps_avg_yearly": 1.16,
            "eps_latest_yearly": 1.24,
            "eps_growth_yearly": 91.23
        },
        "20133": {
            "year_quarter": 20133,
            "year": 2013,
            "quarter": 3,
            "eps": 0.35,
            "eps_growth_year": -7.64,
            "eps_4q": 1.41,
            "eps_4q_growth_year": 75.82,
            "roe": 2.48,
            "roe_4q": 9.95,
            "gross_profit": 58920,
            "gross_margin": 17.49,
            "gross_margin_4q_avg": 15.28,
            "net_income": 37678,
            "net_income_4q": null,
            "revenue": 336867,
            "revenue_4q": null,
            "common_shares": 1066238,
            "book_valuer_per_share": 14.43,
            "book_valuer_per_share_4q_avg": 14.32,
            "equity": 1538206,
            "current_ratio": 107.28,
            "debt_ratio": 43.01,
            "inventory_turnover_ratio": 1.93,
            "account_receivable_turnover_ratio": 2.48,
            "reinvestment_rate": 124,
            "research_to_sale_ratio": null,
            "price_fair": 38.6,
            "eps_avg_yearly": 1.1,
            "eps_latest_yearly": 1.4,
            "eps_growth_yearly": 64.15
        },
        "20134": {
            "year_quarter": 20134,
            "year": 2013,
            "quarter": 4,
            "eps": 0.32,
            "eps_growth_year": -46.66,
            "eps_4q": 1.13,
            "eps_4q_growth_year": -12.26,
            "roe": 2.19,
            "roe_4q": 7.840000000000001,
            "gross_profit": 68416,
            "gross_margin": 19.89,
            "gross_margin_4q_avg": 16.23,
            "net_income": 34068,
            "net_income_4q": null,
            "revenue": 344016,
            "revenue_4q": null,
            "common_shares": 1066238,
            "book_valuer_per_share": 14.77,
            "book_valuer_per_share_4q_avg": 14.45,
            "equity": 1574401,
            "current_ratio": 108.81,
            "debt_ratio": 42.58,
            "inventory_turnover_ratio": 2.2,
            "account_receivable_turnover_ratio": 2.6,
            "reinvestment_rate": 90.86,
            "research_to_sale_ratio": null,
            "price_fair": 38.8,
            "eps_avg_yearly": 1.11,
            "eps_latest_yearly": 1.28,
            "eps_growth_yearly": 74.4
        },
        "20141": {
            "year_quarter": 20141,
            "year": 2014,
            "quarter": 1,
            "eps": 0.19,
            "eps_growth_year": 26.67,
            "eps_4q": 1.17,
            "eps_4q_growth_year": -9.2,
            "roe": 1.25,
            "roe_4q": 8.06,
            "gross_profit": 42307,
            "gross_margin": 13.11,
            "gross_margin_4q_avg": 16.59,
            "net_income": 19811,
            "net_income_4q": null,
            "revenue": 322786,
            "revenue_4q": null,
            "common_shares": 1066238,
            "book_valuer_per_share": 14.94,
            "book_valuer_per_share_4q_avg": 14.55,
            "equity": 1592773,
            "current_ratio": 110.94,
            "debt_ratio": 41.43,
            "inventory_turnover_ratio": 2.52,
            "account_receivable_turnover_ratio": 2.38,
            "reinvestment_rate": 36.07,
            "research_to_sale_ratio": null,
            "price_fair": 38.1,
            "eps_avg_yearly": 1.09,
            "eps_latest_yearly": 0.76,
            "eps_growth_yearly": 66.6
        },
        "20142": {
            "year_quarter": 20142,
            "year": 2014,
            "quarter": 2,
            "eps": 0.31,
            "eps_growth_year": 0,
            "eps_4q": 1.17,
            "eps_4q_growth_year": -18.51,
            "roe": 2.13,
            "roe_4q": 8.05,
            "gross_profit": 65326,
            "gross_margin": 18.47,
            "gross_margin_4q_avg": 17.24,
            "net_income": 32970,
            "net_income_4q": null,
            "revenue": 353720,
            "revenue_4q": null,
            "common_shares": 1066238,
            "book_valuer_per_share": 14.16,
            "book_valuer_per_share_4q_avg": 14.58,
            "equity": 1509331,
            "current_ratio": 83.12,
            "debt_ratio": 45.3,
            "inventory_turnover_ratio": 2.36,
            "account_receivable_turnover_ratio": 2.52,
            "reinvestment_rate": -43.97,
            "research_to_sale_ratio": null,
            "price_fair": 38,
            "eps_avg_yearly": 1.09,
            "eps_latest_yearly": 1.24,
            "eps_growth_yearly": 78.05
        },
        "20143": {
            "year_quarter": 20143,
            "year": 2014,
            "quarter": 3,
            "eps": 0.38,
            "eps_growth_year": 8.57,
            "eps_4q": 1.2,
            "eps_4q_growth_year": -14.99,
            "roe": 2.66,
            "roe_4q": 8.23,
            "gross_profit": 60808,
            "gross_margin": 16.52,
            "gross_margin_4q_avg": 17,
            "net_income": 40735,
            "net_income_4q": null,
            "revenue": 368112,
            "revenue_4q": null,
            "common_shares": 1066238,
            "book_valuer_per_share": 14.6,
            "book_valuer_per_share_4q_avg": 14.62,
            "equity": 1556582,
            "current_ratio": 81.18,
            "debt_ratio": 42.06,
            "inventory_turnover_ratio": 2.2,
            "account_receivable_turnover_ratio": 2.58,
            "reinvestment_rate": 35.22,
            "research_to_sale_ratio": null,
            "price_fair": 38.8,
            "eps_avg_yearly": 1.11,
            "eps_latest_yearly": 1.52,
            "eps_growth_yearly": 86.29
        },
        "20144": {
            "year_quarter": 20144,
            "year": 2014,
            "quarter": 4,
            "eps": 0.38,
            "eps_growth_year": 20.12,
            "eps_4q": 1.26,
            "eps_4q_growth_year": 11.78,
            "roe": 2.58,
            "roe_4q": 8.620000000000001,
            "gross_profit": 74453,
            "gross_margin": 21.36,
            "gross_margin_4q_avg": 17.37,
            "net_income": 40923,
            "net_income_4q": null,
            "revenue": 348553,
            "revenue_4q": null,
            "common_shares": 1066238,
            "book_valuer_per_share": 15.15,
            "book_valuer_per_share_4q_avg": 14.71,
            "equity": 1614867,
            "current_ratio": 126.13,
            "debt_ratio": 44.11,
            "inventory_turnover_ratio": 1.39,
            "account_receivable_turnover_ratio": 2.46,
            "reinvestment_rate": 114.21,
            "research_to_sale_ratio": null,
            "price_fair": 41.7,
            "eps_avg_yearly": 1.19,
            "eps_latest_yearly": 1.52,
            "eps_growth_yearly": 106.29
        },
        "20151": {
            "year_quarter": 20151,
            "year": 2015,
            "quarter": 1,
            "eps": 0.22,
            "eps_growth_year": 15.79,
            "eps_4q": 1.29,
            "eps_4q_growth_year": 10.94,
            "roe": 1.43,
            "roe_4q": 8.8,
            "gross_profit": 48778,
            "gross_margin": 14.5,
            "gross_margin_4q_avg": 17.71,
            "net_income": 23219,
            "net_income_4q": null,
            "revenue": 336339,
            "revenue_4q": null,
            "common_shares": 1066238,
            "book_valuer_per_share": 15.32,
            "book_valuer_per_share_4q_avg": 14.81,
            "equity": 1633334,
            "current_ratio": 143.14,
            "debt_ratio": 45.61,
            "inventory_turnover_ratio": 1.21,
            "account_receivable_turnover_ratio": 2.28,
            "reinvestment_rate": -0.02,
            "research_to_sale_ratio": null,
            "price_fair": 40.97,
            "eps_avg_yearly": 1.17,
            "eps_latest_yearly": 0.88,
            "eps_growth_yearly": 87.98
        },
        "20152": {
            "year_quarter": 20152,
            "year": 2015,
            "quarter": 2,
            "eps": 0.05,
            "eps_growth_year": -83.87,
            "eps_4q": 0.99,
            "eps_4q_growth_year": -15.15,
            "roe": 0.38,
            "roe_4q": 7.050000000000001,
            "gross_profit": 35191,
            "gross_margin": 10.61,
            "gross_margin_4q_avg": 15.75,
            "net_income": 6072,
            "net_income_4q": null,
            "revenue": 331605,
            "revenue_4q": null,
            "common_shares": 1066238,
            "book_valuer_per_share": 14.82,
            "book_valuer_per_share_4q_avg": 14.97,
            "equity": 1580059,
            "current_ratio": 135.8,
            "debt_ratio": 44.28,
            "inventory_turnover_ratio": 1.64,
            "account_receivable_turnover_ratio": 2.23,
            "reinvestment_rate": 18.74,
            "research_to_sale_ratio": null,
            "price_fair": 38.85,
            "eps_avg_yearly": 1.11,
            "eps_latest_yearly": 0.2,
            "eps_growth_yearly": 63.16
        },
        "20153": {
            "year_quarter": 20153,
            "year": 2015,
            "quarter": 3,
            "eps": 0.3,
            "eps_growth_year": -21.05,
            "eps_4q": 0.93,
            "eps_4q_growth_year": -22.5,
            "roe": 2.1,
            "roe_4q": 6.49,
            "gross_profit": 68092,
            "gross_margin": 19.46,
            "gross_margin_4q_avg": 16.48,
            "net_income": 33602,
            "net_income_4q": null,
            "revenue": 349911,
            "revenue_4q": null,
            "common_shares": 1119550,
            "book_valuer_per_share": 14.5,
            "book_valuer_per_share_4q_avg": 14.95,
            "equity": 1623457,
            "current_ratio": 108.62,
            "debt_ratio": 40.86,
            "inventory_turnover_ratio": 2.79,
            "account_receivable_turnover_ratio": 2.37,
            "reinvestment_rate": 6.37,
            "research_to_sale_ratio": 0.17,
            "price_fair": 38.15,
            "eps_avg_yearly": 1.09,
            "eps_latest_yearly": 1.2,
            "eps_growth_yearly": 157.28
        },
        "20154": {
            "year_quarter": 20154,
            "year": 2015,
            "quarter": 4,
            "eps": 0.22,
            "eps_growth_year": -43.33,
            "eps_4q": 0.78,
            "eps_4q_growth_year": -38.2,
            "roe": 1.5,
            "roe_4q": 5.41,
            "gross_profit": 58277,
            "gross_margin": 17.74,
            "gross_margin_4q_avg": 15.58,
            "net_income": 24349,
            "net_income_4q": null,
            "revenue": 328576,
            "revenue_4q": null,
            "common_shares": 1119550,
            "book_valuer_per_share": 14.59,
            "book_valuer_per_share_4q_avg": 14.81,
            "equity": 1633320,
            "current_ratio": 128.67,
            "debt_ratio": 41.29,
            "inventory_turnover_ratio": 3.71,
            "account_receivable_turnover_ratio": 2.2,
            "reinvestment_rate": 71.53,
            "research_to_sale_ratio": 0.72,
            "price_fair": 39.11,
            "eps_avg_yearly": 1.12,
            "eps_latest_yearly": 0.88,
            "eps_growth_yearly": 168.37
        },
        "20161": {
            "year_quarter": 20161,
            "year": 2016,
            "quarter": 1,
            "eps": 0.19,
            "eps_growth_year": -13.64,
            "eps_4q": 0.76,
            "eps_4q_growth_year": -41.08,
            "roe": 1.29,
            "roe_4q": 5.2700000000000005,
            "gross_profit": 56420,
            "gross_margin": 17.46,
            "gross_margin_4q_avg": 16.32,
            "net_income": 21255,
            "net_income_4q": null,
            "revenue": 323070,
            "revenue_4q": null,
            "common_shares": 1119550,
            "book_valuer_per_share": 14.78,
            "book_valuer_per_share_4q_avg": 14.67,
            "equity": 1654172,
            "current_ratio": 104.67,
            "debt_ratio": 38.71,
            "inventory_turnover_ratio": 2.61,
            "account_receivable_turnover_ratio": 1.97,
            "reinvestment_rate": 75.27,
            "research_to_sale_ratio": 0.89,
            "price_fair": 39.46,
            "eps_avg_yearly": 1.13,
            "eps_latest_yearly": 0.76,
            "eps_growth_yearly": 155.87
        },
        "20162": {
            "year_quarter": 20162,
            "year": 2016,
            "quarter": 2,
            "eps": 0.12,
            "eps_growth_year": 140,
            "eps_4q": 0.8,
            "eps_4q_growth_year": -19.43,
            "roe": 0.84,
            "roe_4q": 5.73,
            "gross_profit": 45453,
            "gross_margin": 14.27,
            "gross_margin_4q_avg": 17.23,
            "net_income": 13756,
            "net_income_4q": null,
            "revenue": 318492,
            "revenue_4q": null,
            "common_shares": 1119550,
            "book_valuer_per_share": 14.43,
            "book_valuer_per_share_4q_avg": 14.58,
            "equity": 1615586,
            "current_ratio": 113.92,
            "debt_ratio": 40.99,
            "inventory_turnover_ratio": 1.47,
            "account_receivable_turnover_ratio": 1.88,
            "reinvestment_rate": -13.59,
            "research_to_sale_ratio": 0.54,
            "price_fair": 39.11,
            "eps_avg_yearly": 1.12,
            "eps_latest_yearly": 0.48,
            "eps_growth_yearly": 145
        },
        "20163": {
            "year_quarter": 20163,
            "year": 2016,
            "quarter": 3,
            "eps": 0.33,
            "eps_growth_year": 10,
            "eps_4q": 0.84,
            "eps_4q_growth_year": -9.16,
            "roe": 2.38,
            "roe_4q": 6.01,
            "gross_profit": 75431,
            "gross_margin": 21.47,
            "gross_margin_4q_avg": 17.74,
            "net_income": 38720,
            "net_income_4q": null,
            "revenue": 351410,
            "revenue_4q": null,
            "common_shares": 1164332,
            "book_valuer_per_share": 14.13,
            "book_valuer_per_share_4q_avg": 14.48,
            "equity": 1644922,
            "current_ratio": 188.21,
            "debt_ratio": 40.74,
            "inventory_turnover_ratio": 1.32,
            "account_receivable_turnover_ratio": 2.11,
            "reinvestment_rate": -24.15,
            "research_to_sale_ratio": 0.65,
            "price_fair": 38.68,
            "eps_avg_yearly": 1.11,
            "eps_latest_yearly": 1.32,
            "eps_growth_yearly": 154.37
        },
        "20164": {
            "year_quarter": 20164,
            "year": 2016,
            "quarter": 4,
            "eps": 0.16,
            "eps_growth_year": -25.15,
            "eps_4q": 0.8,
            "eps_4q_growth_year": 2.15,
            "roe": 1.14,
            "roe_4q": 5.6499999999999995,
            "gross_profit": 57490,
            "gross_margin": 17.92,
            "gross_margin_4q_avg": 17.78,
            "net_income": 18953,
            "net_income_4q": null,
            "revenue": 320900,
            "revenue_4q": null,
            "common_shares": 1164332,
            "book_valuer_per_share": 14.4,
            "book_valuer_per_share_4q_avg": 14.44,
            "equity": 1676611,
            "current_ratio": 187.77,
            "debt_ratio": 42.05,
            "inventory_turnover_ratio": 1.36,
            "account_receivable_turnover_ratio": 1.88,
            "reinvestment_rate": -33.8,
            "research_to_sale_ratio": 0.7,
            "price_fair": 34.83,
            "eps_avg_yearly": 1,
            "eps_latest_yearly": 0.64,
            "eps_growth_yearly": 127.02
        },
        "20171": {
            "year_quarter": 20171,
            "year": 2017,
            "quarter": 1,
            "eps": 0.06,
            "eps_growth_year": -68.42,
            "eps_4q": 0.67,
            "eps_4q_growth_year": -11.95,
            "roe": 0.4,
            "roe_4q": 4.76,
            "gross_profit": 30906,
            "gross_margin": 9.22,
            "gross_margin_4q_avg": 15.72,
            "net_income": 6661,
            "net_income_4q": null,
            "revenue": 335050,
            "revenue_4q": null,
            "common_shares": 1164332,
            "book_valuer_per_share": 14.42,
            "book_valuer_per_share_4q_avg": 14.35,
            "equity": 1678674,
            "current_ratio": 234.78,
            "debt_ratio": 39.57,
            "inventory_turnover_ratio": 1.51,
            "account_receivable_turnover_ratio": 1.82,
            "reinvestment_rate": 3.33,
            "research_to_sale_ratio": 0.59,
            "price_fair": 34.04,
            "eps_avg_yearly": 0.97,
            "eps_latest_yearly": 0.24,
            "eps_growth_yearly": 130.14
        },
        "20172": {
            "year_quarter": 20172,
            "year": 2017,
            "quarter": 2,
            "eps": 0.25,
            "eps_growth_year": 108.33,
            "eps_4q": 0.8,
            "eps_4q_growth_year": 0.21,
            "roe": 1.75,
            "roe_4q": 5.67,
            "gross_profit": 62737,
            "gross_margin": 15.23,
            "gross_margin_4q_avg": 15.96,
            "net_income": 28827,
            "net_income_4q": null,
            "revenue": 412034,
            "revenue_4q": null,
            "common_shares": 1164332,
            "book_valuer_per_share": 13.88,
            "book_valuer_per_share_4q_avg": 14.21,
            "equity": 1616094,
            "current_ratio": 108.46,
            "debt_ratio": 42.02,
            "inventory_turnover_ratio": 1.77,
            "account_receivable_turnover_ratio": 2.02,
            "reinvestment_rate": -14.77,
            "research_to_sale_ratio": 0.44,
            "price_fair": 33.51,
            "eps_avg_yearly": 0.96,
            "eps_latest_yearly": 1,
            "eps_growth_yearly": 182.64
        },
        "20173": {
            "year_quarter": 20173,
            "year": 2017,
            "quarter": 3,
            "eps": 0.54,
            "eps_growth_year": 63.64,
            "eps_4q": 1.01,
            "eps_4q_growth_year": 20.17,
            "roe": 3.83,
            "roe_4q": 7.12,
            "gross_profit": 108606,
            "gross_margin": 21.71,
            "gross_margin_4q_avg": 16.02,
            "net_income": 63419,
            "net_income_4q": null,
            "revenue": 500324,
            "revenue_4q": null,
            "common_shares": 1164332,
            "book_valuer_per_share": 14.57,
            "book_valuer_per_share_4q_avg": 14.32,
            "equity": 1696621,
            "current_ratio": 187.75,
            "debt_ratio": 41.22,
            "inventory_turnover_ratio": 1.68,
            "account_receivable_turnover_ratio": 2.38,
            "reinvestment_rate": -1.83,
            "research_to_sale_ratio": 0.46,
            "price_fair": 35.18,
            "eps_avg_yearly": 1.01,
            "eps_latest_yearly": 2.16,
            "eps_growth_yearly": 208.42
        },
        "20174": {
            "year_quarter": 20174,
            "year": 2017,
            "quarter": 4,
            "eps": 0.14,
            "eps_growth_year": -13.75,
            "eps_4q": 0.99,
            "eps_4q_growth_year": 24.35,
            "roe": 0.93,
            "roe_4q": 6.91,
            "gross_profit": 42589,
            "gross_margin": 11.22,
            "gross_margin_4q_avg": 14.35,
            "net_income": 16347,
            "net_income_4q": null,
            "revenue": 379501,
            "revenue_4q": null,
            "common_shares": 1164332,
            "book_valuer_per_share": 15.52,
            "book_valuer_per_share_4q_avg": 14.6,
            "equity": 1807001,
            "current_ratio": 201.55,
            "debt_ratio": 37.8,
            "inventory_turnover_ratio": 1.61,
            "account_receivable_turnover_ratio": 2,
            "reinvestment_rate": 50.89,
            "research_to_sale_ratio": 0.33,
            "price_fair": 33.6,
            "eps_avg_yearly": 0.96,
            "eps_latest_yearly": 0.56,
            "eps_growth_yearly": 192.04
        },
        "20181": {
            "year_quarter": 20181,
            "year": 2018,
            "quarter": 1,
            "eps": 0.06,
            "eps_growth_year": 0,
            "eps_4q": 0.99,
            "eps_4q_growth_year": 47.74,
            "roe": 0.37,
            "roe_4q": 6.88,
            "gross_profit": 36296,
            "gross_margin": 9.43,
            "gross_margin_4q_avg": 14.4,
            "net_income": 6775,
            "net_income_4q": null,
            "revenue": 384727,
            "revenue_4q": null,
            "common_shares": 1164332,
            "book_valuer_per_share": 15.57,
            "book_valuer_per_share_4q_avg": 14.89,
            "equity": 1812722,
            "current_ratio": 149.45,
            "debt_ratio": 37.89,
            "inventory_turnover_ratio": 1.86,
            "account_receivable_turnover_ratio": 2.23,
            "reinvestment_rate": -90.93,
            "research_to_sale_ratio": 0.58,
            "price_fair": 32.46,
            "eps_avg_yearly": 0.93,
            "eps_latest_yearly": 0.24,
            "eps_growth_yearly": 187.91
        },
        "20182": {
            "year_quarter": 20182,
            "year": 2018,
            "quarter": 2,
            "eps": 0.4,
            "eps_growth_year": 60,
            "eps_4q": 1.14,
            "eps_4q_growth_year": 42.85,
            "roe": 2.65,
            "roe_4q": 7.78,
            "gross_profit": 89394,
            "gross_margin": 19.24,
            "gross_margin_4q_avg": 15.4,
            "net_income": 46537,
            "net_income_4q": null,
            "revenue": 464562,
            "revenue_4q": null,
            "common_shares": 1164332,
            "book_valuer_per_share": 14.57,
            "book_valuer_per_share_4q_avg": 15.06,
            "equity": 1696239,
            "current_ratio": 146.45,
            "debt_ratio": 40.87,
            "inventory_turnover_ratio": 2.04,
            "account_receivable_turnover_ratio": 2.42,
            "reinvestment_rate": -96.23,
            "research_to_sale_ratio": 0.48,
            "price_fair": 33.25,
            "eps_avg_yearly": 0.95,
            "eps_latest_yearly": 1.6,
            "eps_growth_yearly": 313.79
        },
        "20183": {
            "year_quarter": 20183,
            "year": 2018,
            "quarter": 3,
            "eps": 0.42,
            "eps_growth_year": -22.22,
            "eps_4q": 1.02,
            "eps_4q_growth_year": 0.97,
            "roe": 2.85,
            "roe_4q": 6.8,
            "gross_profit": 92604,
            "gross_margin": 18.55,
            "gross_margin_4q_avg": 14.61,
            "net_income": 49347,
            "net_income_4q": null,
            "revenue": 499178,
            "revenue_4q": null,
            "common_shares": 1164332,
            "book_valuer_per_share": 15.19,
            "book_valuer_per_share_4q_avg": 15.21,
            "equity": 1768075,
            "current_ratio": 113.97,
            "debt_ratio": 42.78,
            "inventory_turnover_ratio": 2.22,
            "account_receivable_turnover_ratio": 2.35,
            "reinvestment_rate": -81.91,
            "research_to_sale_ratio": 0.23,
            "price_fair": 33.6,
            "eps_avg_yearly": 0.96,
            "eps_latest_yearly": 1.68,
            "eps_growth_yearly": 309.39
        },
        "20184": {
            "year_quarter": 20184,
            "year": 2018,
            "quarter": 4,
            "eps": 0.31,
            "eps_growth_year": 119.6,
            "eps_4q": 1.19,
            "eps_4q_growth_year": 20.22,
            "roe": 2.04,
            "roe_4q": 7.910000000000001,
            "gross_profit": 74095,
            "gross_margin": 17.23,
            "gross_margin_4q_avg": 16.11,
            "net_income": 35898,
            "net_income_4q": null,
            "revenue": 430050,
            "revenue_4q": null,
            "common_shares": 1164332,
            "book_valuer_per_share": 15.1,
            "book_valuer_per_share_4q_avg": 15.11,
            "equity": 1758624,
            "current_ratio": 102.56,
            "debt_ratio": 43.98,
            "inventory_turnover_ratio": 1.99,
            "account_receivable_turnover_ratio": 2.02,
            "reinvestment_rate": -65.53,
            "research_to_sale_ratio": 0.35,
            "price_fair": 32.99,
            "eps_avg_yearly": 0.94,
            "eps_latest_yearly": 1.24,
            "eps_growth_yearly": 302.85
        },
        "20191": {
            "year_quarter": 20191,
            "year": 2019,
            "quarter": 1,
            "eps": 0.2,
            "eps_growth_year": 233.33,
            "eps_4q": 1.33,
            "eps_4q_growth_year": 34.67,
            "roe": 1.33,
            "roe_4q": 8.870000000000001,
            "gross_profit": 56866,
            "gross_margin": 15.08,
            "gross_margin_4q_avg": 17.53,
            "net_income": 23586,
            "net_income_4q": null,
            "revenue": 377085,
            "revenue_4q": null,
            "common_shares": 1164332,
            "book_valuer_per_share": 15.4,
            "book_valuer_per_share_4q_avg": 15.07,
            "equity": 1792865,
            "current_ratio": 92.46,
            "debt_ratio": 45.74,
            "inventory_turnover_ratio": 1.54,
            "account_receivable_turnover_ratio": 1.94,
            "reinvestment_rate": -97.86,
            "research_to_sale_ratio": 0.43,
            "price_fair": 32.81,
            "eps_avg_yearly": 0.94,
            "eps_latest_yearly": 0.8,
            "eps_growth_yearly": 304.5
        },
        "20192": {
            "year_quarter": 20192,
            "year": 2019,
            "quarter": 2,
            "eps": 0.2,
            "eps_growth_year": -50,
            "eps_4q": 1.09,
            "eps_4q_growth_year": -4.26,
            "roe": 1.41,
            "roe_4q": 7.630000000000001,
            "gross_profit": 60272,
            "gross_margin": 15.08,
            "gross_margin_4q_avg": 16.49,
            "net_income": 24954,
            "net_income_4q": null,
            "revenue": 399580,
            "revenue_4q": null,
            "common_shares": 1164332,
            "book_valuer_per_share": 14.98,
            "book_valuer_per_share_4q_avg": 15.17,
            "equity": 1744623,
            "current_ratio": 96.76,
            "debt_ratio": 50.01,
            "inventory_turnover_ratio": 1.1,
            "account_receivable_turnover_ratio": 2.17,
            "reinvestment_rate": -107.55,
            "research_to_sale_ratio": 0.37,
            "price_fair": 34.13,
            "eps_avg_yearly": 0.98,
            "eps_latest_yearly": 0.8,
            "eps_growth_yearly": 323.82
        },
        "20193": {
            "year_quarter": 20193,
            "year": 2019,
            "quarter": 3,
            "eps": 0.46,
            "eps_growth_year": 9.52,
            "eps_4q": 1.15,
            "eps_4q_growth_year": 12.27,
            "roe": 3.16,
            "roe_4q": 7.94,
            "gross_profit": 95679,
            "gross_margin": 23.12,
            "gross_margin_4q_avg": 17.63,
            "net_income": 55846,
            "net_income_4q": null,
            "revenue": 413864,
            "revenue_4q": null,
            "common_shares": 1222549,
            "book_valuer_per_share": 14.6,
            "book_valuer_per_share_4q_avg": 15.02,
            "equity": 1785368,
            "current_ratio": 80.04,
            "debt_ratio": 48.27,
            "inventory_turnover_ratio": 1.13,
            "account_receivable_turnover_ratio": 2.09,
            "reinvestment_rate": -83.34,
            "research_to_sale_ratio": 0.32,
            "price_fair": 35.53,
            "eps_avg_yearly": 1.02,
            "eps_latest_yearly": 1.84,
            "eps_growth_yearly": 231.32
        },
        "20194": {
            "year_quarter": 20194,
            "year": 2019,
            "quarter": 4,
            "eps": 0.35,
            "eps_growth_year": 12.64,
            "eps_4q": 1.2,
            "eps_4q_growth_year": 0.93,
            "roe": 2.35,
            "roe_4q": 8.25,
            "gross_profit": 83898,
            "gross_margin": 19.11,
            "gross_margin_4q_avg": 18.1,
            "net_income": 42457,
            "net_income_4q": null,
            "revenue": 439094,
            "revenue_4q": null,
            "common_shares": 1222549,
            "book_valuer_per_share": 14.9,
            "book_valuer_per_share_4q_avg": 14.97,
            "equity": 1821681,
            "current_ratio": 221.29,
            "debt_ratio": 52.11,
            "inventory_turnover_ratio": 1.37,
            "account_receivable_turnover_ratio": 2.06,
            "reinvestment_rate": -57.74,
            "research_to_sale_ratio": 0.36,
            "price_fair": 36.66,
            "eps_avg_yearly": 1.05,
            "eps_latest_yearly": 1.4,
            "eps_growth_yearly": 232.01
        },
        "20201": {
            "year_quarter": 20201,
            "year": 2020,
            "quarter": 1,
            "eps": 0.37,
            "eps_growth_year": 85,
            "eps_4q": 1.38,
            "eps_4q_growth_year": 3.29,
            "roe": 2.45,
            "roe_4q": 9.370000000000001,
            "gross_profit": 84263,
            "gross_margin": 20.21,
            "gross_margin_4q_avg": 19.38,
            "net_income": 45243,
            "net_income_4q": null,
            "revenue": 416879,
            "revenue_4q": null,
            "common_shares": 1222549,
            "book_valuer_per_share": 15.29,
            "book_valuer_per_share_4q_avg": 14.94,
            "equity": 1869738,
            "current_ratio": 76.24,
            "debt_ratio": 52.11,
            "inventory_turnover_ratio": 1.12,
            "account_receivable_turnover_ratio": 1.92,
            "reinvestment_rate": -54.01,
            "research_to_sale_ratio": 0.3,
            "price_fair": 38.24,
            "eps_avg_yearly": 1.09,
            "eps_latest_yearly": 1.48,
            "eps_growth_yearly": 236.85
        },
        "20202": {
            "year_quarter": 20202,
            "year": 2020,
            "quarter": 2,
            "eps": 0.22,
            "eps_growth_year": 10,
            "eps_4q": 1.39,
            "eps_4q_growth_year": 27.1,
            "roe": 1.46,
            "roe_4q": 9.42,
            "gross_profit": 86994,
            "gross_margin": 18.66,
            "gross_margin_4q_avg": 20.28,
            "net_income": 26497,
            "net_income_4q": null,
            "revenue": 466275,
            "revenue_4q": null,
            "common_shares": 1222549,
            "book_valuer_per_share": 14.49,
            "book_valuer_per_share_4q_avg": 14.82,
            "equity": 1770956,
            "current_ratio": 67.18,
            "debt_ratio": 57.66,
            "inventory_turnover_ratio": 1.36,
            "account_receivable_turnover_ratio": 2.06,
            "reinvestment_rate": -59.43,
            "research_to_sale_ratio": 0.25,
            "price_fair": 39.11,
            "eps_avg_yearly": 1.12,
            "eps_latest_yearly": 0.88,
            "eps_growth_yearly": 235.92
        },
        "20203": {
            "year_quarter": 20203,
            "year": 2020,
            "quarter": 3,
            "eps": 0.54,
            "eps_growth_year": 17.39,
            "eps_4q": 1.47,
            "eps_4q_growth_year": 28.05,
            "roe": 3.59,
            "roe_4q": 9.85,
            "gross_profit": 117360,
            "gross_margin": 24.01,
            "gross_margin_4q_avg": 20.5,
            "net_income": 65443,
            "net_income_4q": null,
            "revenue": 488864,
            "revenue_4q": null,
            "common_shares": 1222549,
            "book_valuer_per_share": 15.31,
            "book_valuer_per_share_4q_avg": 15,
            "equity": 1871366,
            "current_ratio": 53.06,
            "debt_ratio": 56.05,
            "inventory_turnover_ratio": 1.38,
            "account_receivable_turnover_ratio": 2.15,
            "reinvestment_rate": -51.4,
            "research_to_sale_ratio": 0.27,
            "price_fair": 40.95,
            "eps_avg_yearly": 1.17,
            "eps_latest_yearly": 2.16,
            "eps_growth_yearly": 228.54
        },
        "20204": {
            "year_quarter": 20204,
            "year": 2020,
            "quarter": 4,
            "eps": 0.37,
            "eps_growth_year": 6.06,
            "eps_4q": 1.49,
            "eps_4q_growth_year": 24.09,
            "roe": 2.33,
            "roe_4q": 9.83,
            "gross_profit": 95271,
            "gross_margin": 20.25,
            "gross_margin_4q_avg": 20.78,
            "net_income": 45030,
            "net_income_4q": null,
            "revenue": 470540,
            "revenue_4q": null,
            "common_shares": 1222549,
            "book_valuer_per_share": 16.28,
            "book_valuer_per_share_4q_avg": 15.34,
            "equity": 1989775,
            "current_ratio": 57.07,
            "debt_ratio": 54.11,
            "inventory_turnover_ratio": 1.96,
            "account_receivable_turnover_ratio": 2.19,
            "reinvestment_rate": 62.09,
            "research_to_sale_ratio": 0.27,
            "price_fair": 42.79,
            "eps_avg_yearly": 1.22,
            "eps_latest_yearly": 1.48,
            "eps_growth_yearly": 233.54
        },
        "20211": {
            "year_quarter": 20211,
            "year": 2021,
            "quarter": 1,
            "eps": 0.31,
            "eps_growth_year": -16.22,
            "eps_4q": 1.43,
            "eps_4q_growth_year": 3.49,
            "roe": 1.86,
            "roe_4q": 9.24,
            "gross_profit": 79488,
            "gross_margin": 19.73,
            "gross_margin_4q_avg": 20.66,
            "net_income": 37405,
            "net_income_4q": null,
            "revenue": 402959,
            "revenue_4q": null,
            "common_shares": 1222549,
            "book_valuer_per_share": 16.62,
            "book_valuer_per_share_4q_avg": 15.68,
            "equity": 2031540,
            "current_ratio": 53.22,
            "debt_ratio": 53.16,
            "inventory_turnover_ratio": 2,
            "account_receivable_turnover_ratio": 2.02,
            "reinvestment_rate": 66.87,
            "research_to_sale_ratio": 0.68,
            "price_fair": 44.98,
            "eps_avg_yearly": 1.29,
            "eps_latest_yearly": 1.24,
            "eps_growth_yearly": 245.11
        },
        "20212": {
            "year_quarter": 20212,
            "year": 2021,
            "quarter": 2,
            "eps": 0.6,
            "eps_growth_year": 172.73,
            "eps_4q": 1.81,
            "eps_4q_growth_year": 29.86,
            "roe": 3.47,
            "roe_4q": 11.25,
            "gross_profit": 133338,
            "gross_margin": 25.73,
            "gross_margin_4q_avg": 22.43,
            "net_income": 72945,
            "net_income_4q": null,
            "revenue": 518128,
            "revenue_4q": null,
            "common_shares": 1222549,
            "book_valuer_per_share": 17.74,
            "book_valuer_per_share_4q_avg": 16.49,
            "equity": 2169076,
            "current_ratio": 56.1,
            "debt_ratio": 51.29,
            "inventory_turnover_ratio": 2.5,
            "account_receivable_turnover_ratio": 2.36,
            "reinvestment_rate": 94.29,
            "research_to_sale_ratio": 0.59,
            "price_fair": 48.04,
            "eps_avg_yearly": 1.37,
            "eps_latest_yearly": 2.4,
            "eps_growth_yearly": 189.34
        },
        "20213": {
            "year_quarter": 20213,
            "year": 2021,
            "quarter": 3,
            "eps": 0.48,
            "eps_growth_year": -11.11,
            "eps_4q": 1.75,
            "eps_4q_growth_year": 19.23,
            "roe": 2.8,
            "roe_4q": 10.459999999999999,
            "gross_profit": 97559,
            "gross_margin": 16.36,
            "gross_margin_4q_avg": 20.52,
            "net_income": 58797,
            "net_income_4q": null,
            "revenue": 596186,
            "revenue_4q": null,
            "common_shares": 1222549,
            "book_valuer_per_share": 16.56,
            "book_valuer_per_share_4q_avg": 16.8,
            "equity": 2024872,
            "current_ratio": 55.09,
            "debt_ratio": 53.25,
            "inventory_turnover_ratio": 5.64,
            "account_receivable_turnover_ratio": 2.5,
            "reinvestment_rate": 147.52,
            "research_to_sale_ratio": 0.55,
            "price_fair": 47.51,
            "eps_avg_yearly": 1.36,
            "eps_latest_yearly": 1.92,
            "eps_growth_yearly": 155.34
        },
        "20214": {
            "year_quarter": 20214,
            "year": 2021,
            "quarter": 4,
            "eps": 0.01,
            "eps_growth_year": -97.28,
            "eps_4q": 1.39,
            "eps_4q_growth_year": -6.5,
            "roe": 0.06,
            "roe_4q": 8.19,
            "gross_profit": 53371,
            "gross_margin": 11.11,
            "gross_margin_4q_avg": 18.23,
            "net_income": 1224,
            "net_income_4q": null,
            "revenue": 480463,
            "revenue_4q": null,
            "common_shares": 1222549,
            "book_valuer_per_share": 16.72,
            "book_valuer_per_share_4q_avg": 16.91,
            "equity": 2043944,
            "current_ratio": 295.64,
            "debt_ratio": 53.71,
            "inventory_turnover_ratio": 2.08,
            "account_receivable_turnover_ratio": 2.23,
            "reinvestment_rate": 134.26,
            "research_to_sale_ratio": 0.94,
            "price_fair": 46.38,
            "eps_avg_yearly": 1.33,
            "eps_latest_yearly": 0.04,
            "eps_growth_yearly": 149.37
        },
        "20221": {
            "year_quarter": 20221,
            "year": 2022,
            "quarter": 1,
            "eps": 0.09,
            "eps_growth_year": -70.97,
            "eps_4q": 1.17,
            "eps_4q_growth_year": -17.77,
            "roe": 0.51,
            "roe_4q": 6.84,
            "gross_profit": 41965,
            "gross_margin": 9.17,
            "gross_margin_4q_avg": 15.59,
            "net_income": 10428,
            "net_income_4q": null,
            "revenue": 457819,
            "revenue_4q": null,
            "common_shares": 1222549,
            "book_valuer_per_share": 16.8,
            "book_valuer_per_share_4q_avg": 16.96,
            "equity": 2053353,
            "current_ratio": 254.5,
            "debt_ratio": 53.46,
            "inventory_turnover_ratio": 1.23,
            "account_receivable_turnover_ratio": 2.14,
            "reinvestment_rate": 207.13,
            "research_to_sale_ratio": 0.9,
            "price_fair": 46.64,
            "eps_avg_yearly": 1.33,
            "eps_latest_yearly": 0.36,
            "eps_growth_yearly": 363.66
        },
        "20222": {
            "year_quarter": 20222,
            "year": 2022,
            "quarter": 2,
            "eps": 0.4,
            "eps_growth_year": -33.33,
            "eps_4q": 0.98,
            "eps_4q_growth_year": -46,
            "roe": 2.5,
            "roe_4q": 5.869999999999999,
            "gross_profit": 78389,
            "gross_margin": 13.62,
            "gross_margin_4q_avg": 12.57,
            "net_income": 48797,
            "net_income_4q": null,
            "revenue": 575394,
            "revenue_4q": null,
            "common_shares": 1222549,
            "book_valuer_per_share": 15.15,
            "book_valuer_per_share_4q_avg": 16.31,
            "equity": 1851885,
            "current_ratio": 156.58,
            "debt_ratio": 57.64,
            "inventory_turnover_ratio": 1.94,
            "account_receivable_turnover_ratio": 2.34,
            "reinvestment_rate": 250.64,
            "research_to_sale_ratio": 0.7,
            "price_fair": 46.64,
            "eps_avg_yearly": 1.33,
            "eps_latest_yearly": 1.6,
            "eps_growth_yearly": 308.1
        },
        "20223": {
            "year_quarter": 20223,
            "year": 2022,
            "quarter": 3,
            "eps": 1.38,
            "eps_growth_year": 187.5,
            "eps_4q": 1.88,
            "eps_4q_growth_year": 7.11,
            "roe": 8.72,
            "roe_4q": 11.790000000000001,
            "gross_profit": 250276,
            "gross_margin": 27.8,
            "gross_margin_4q_avg": 15.43,
            "net_income": 168949,
            "net_income_4q": null,
            "revenue": 900187,
            "revenue_4q": null,
            "common_shares": 1222549,
            "book_valuer_per_share": 16.56,
            "book_valuer_per_share_4q_avg": 16.31,
            "equity": 2025077,
            "current_ratio": 131.59,
            "debt_ratio": 54.85,
            "inventory_turnover_ratio": 2.2,
            "account_receivable_turnover_ratio": 2.84,
            "reinvestment_rate": 210.65,
            "research_to_sale_ratio": 0.48,
            "price_fair": 55.04,
            "eps_avg_yearly": 1.57,
            "eps_latest_yearly": 5.52,
            "eps_growth_yearly": 368.1
        },
        "20224": {
            "year_quarter": 20224,
            "year": 2022,
            "quarter": 4,
            "eps": 1.14,
            "eps_growth_year": 11329.18,
            "eps_4q": 3.01,
            "eps_4q_growth_year": 116.04,
            "roe": 6.66,
            "roe_4q": 18.390000000000004,
            "gross_profit": 231396,
            "gross_margin": 24.95,
            "gross_margin_4q_avg": 18.89,
            "net_income": 139895,
            "net_income_4q": null,
            "revenue": 927608,
            "revenue_4q": null,
            "common_shares": 1222549,
            "book_valuer_per_share": 17.81,
            "book_valuer_per_share_4q_avg": 16.58,
            "equity": 2177125,
            "current_ratio": 143.19,
            "debt_ratio": 51.13,
            "inventory_turnover_ratio": 1.94,
            "account_receivable_turnover_ratio": 2.6,
            "reinvestment_rate": 173.96,
            "research_to_sale_ratio": 0.54,
            "price_fair": 62.3,
            "eps_avg_yearly": 1.78,
            "eps_latest_yearly": 4.56,
            "eps_growth_yearly": 370.3
        },
        "20231": {
            "year_quarter": 20231,
            "year": 2023,
            "quarter": 1,
            "eps": 0.78,
            "eps_growth_year": 766.67,
            "eps_4q": 3.71,
            "eps_4q_growth_year": 216.14,
            "roe": 4.29,
            "roe_4q": 22.17,
            "gross_profit": 164224,
            "gross_margin": 20.71,
            "gross_margin_4q_avg": 21.77,
            "net_income": 95686,
            "net_income_4q": null,
            "revenue": 792950,
            "revenue_4q": null,
            "common_shares": 1222549,
            "book_valuer_per_share": 18.65,
            "book_valuer_per_share_4q_avg": 17.04,
            "equity": 2280249,
            "current_ratio": 157.32,
            "debt_ratio": 47.17,
            "inventory_turnover_ratio": 2.34,
            "account_receivable_turnover_ratio": 2.38,
            "reinvestment_rate": 150.53,
            "research_to_sale_ratio": 0.61,
            "price_fair": 67.38,
            "eps_avg_yearly": 1.93,
            "eps_latest_yearly": 3.12,
            "eps_growth_yearly": 371.28
        },
        "20232": {
            "year_quarter": 20232,
            "year": 2023,
            "quarter": 2,
            "eps": 0.33,
            "eps_growth_year": -17.5,
            "eps_4q": 3.64,
            "eps_4q_growth_year": 272.85,
            "roe": 1.85,
            "roe_4q": 21.520000000000003,
            "gross_profit": 82993,
            "gross_margin": 12.57,
            "gross_margin_4q_avg": 21.51,
            "net_income": 40082,
            "net_income_4q": null,
            "revenue": 660308,
            "revenue_4q": null,
            "common_shares": 1222549,
            "book_valuer_per_share": 16.88,
            "book_valuer_per_share_4q_avg": 17.48,
            "equity": 2064141,
            "current_ratio": 92.16,
            "debt_ratio": 54.28,
            "inventory_turnover_ratio": 2.37,
            "account_receivable_turnover_ratio": 2.25,
            "reinvestment_rate": 142.84,
            "research_to_sale_ratio": 0.69,
            "price_fair": 68.51,
            "eps_avg_yearly": 1.96,
            "eps_latest_yearly": 1.32,
            "eps_growth_yearly": 356.86
        },
        "20233": {
            "year_quarter": 20233,
            "year": 2023,
            "quarter": 3,
            "eps": 0.77,
            "eps_growth_year": -44.2,
            "eps_4q": 3.03,
            "eps_4q_growth_year": 61.28,
            "roe": 4.52,
            "roe_4q": 17.32,
            "gross_profit": 157316,
            "gross_margin": 24.06,
            "gross_margin_4q_avg": 20.57,
            "net_income": 94310,
            "net_income_4q": null,
            "revenue": 653836,
            "revenue_4q": null,
            "common_shares": 1222549,
            "book_valuer_per_share": 17.25,
            "book_valuer_per_share_4q_avg": 17.65,
            "equity": 2108452,
            "current_ratio": 104.93,
            "debt_ratio": 52.89,
            "inventory_turnover_ratio": 3.15,
            "account_receivable_turnover_ratio": 2.39,
            "reinvestment_rate": 128.53,
            "research_to_sale_ratio": 0.9,
            "price_fair": 71.23,
            "eps_avg_yearly": 2.04,
            "eps_latest_yearly": 3.08,
            "eps_growth_yearly": 357.69
        },
        "20234": {
            "year_quarter": 20234,
            "year": 2023,
            "quarter": 4,
            "eps": 0.44,
            "eps_growth_year": -61.93,
            "eps_4q": 2.32,
            "eps_4q_growth_year": -23.02,
            "roe": 2.49,
            "roe_4q": 13.149999999999999,
            "gross_profit": 132376,
            "gross_margin": 21.7,
            "gross_margin_4q_avg": 19.76,
            "net_income": 53262,
            "net_income_4q": null,
            "revenue": 609914,
            "revenue_4q": null,
            "common_shares": 1222549,
            "book_valuer_per_share": 17.76,
            "book_valuer_per_share_4q_avg": 17.64,
            "equity": 2171364,
            "current_ratio": 84.09,
            "debt_ratio": 52.47,
            "inventory_turnover_ratio": 3.77,
            "account_receivable_turnover_ratio": 2.29,
            "reinvestment_rate": 114.99,
            "research_to_sale_ratio": 1.11,
            "price_fair": 72.01,
            "eps_avg_yearly": 2.06,
            "eps_latest_yearly": 1.76,
            "eps_growth_yearly": 352.96
        }
    },
    "months": {
        "2001-06": {
            "month": "2001-06",
            "price": "11.65",
            "revenue": 100108
        },
        "2001-07": {
            "month": "2001-07",
            "price": "10.66",
            "revenue": 108308
        },
        "2001-08": {
            "month": "2001-08",
            "price": "10.50",
            "revenue": 110368
        },
        "2001-09": {
            "month": "2001-09",
            "price": "10.80",
            "revenue": 103906
        },
        "2001-10": {
            "month": "2001-10",
            "price": "10.70",
            "revenue": 94214
        },
        "2001-11": {
            "month": "2001-11",
            "price": "11.16",
            "revenue": 95101
        },
        "2001-12": {
            "month": "2001-12",
            "price": "12.32",
            "revenue": 88937
        },
        "2002-01": {
            "month": "2002-01",
            "price": "16.08",
            "revenue": 93830
        },
        "2002-02": {
            "month": "2002-02",
            "price": "16.27",
            "revenue": 66204
        },
        "2002-03": {
            "month": "2002-03",
            "price": "17.24",
            "revenue": 99854
        },
        "2002-04": {
            "month": "2002-04",
            "price": "16.36",
            "revenue": 95390
        },
        "2002-05": {
            "month": "2002-05",
            "price": "13.90",
            "revenue": 94312
        },
        "2002-06": {
            "month": "2002-06",
            "price": "13.81",
            "revenue": 81681
        },
        "2002-07": {
            "month": "2002-07",
            "price": "13.03",
            "revenue": 102011
        },
        "2002-08": {
            "month": "2002-08",
            "price": "11.94",
            "revenue": 103631
        },
        "2002-09": {
            "month": "2002-09",
            "price": "10.75",
            "revenue": 123149
        },
        "2002-10": {
            "month": "2002-10",
            "price": "10.07",
            "revenue": 97650
        },
        "2002-11": {
            "month": "2002-11",
            "price": "11.98",
            "revenue": 94729
        },
        "2002-12": {
            "month": "2002-12",
            "price": "12.02",
            "revenue": 88175
        },
        "2003-01": {
            "month": "2003-01",
            "price": "13.24",
            "revenue": 88509
        },
        "2003-02": {
            "month": "2003-02",
            "price": "12.63",
            "revenue": 72059
        },
        "2003-03": {
            "month": "2003-03",
            "price": "12.17",
            "revenue": 93911
        },
        "2003-04": {
            "month": "2003-04",
            "price": "11.91",
            "revenue": 93725
        },
        "2003-05": {
            "month": "2003-05",
            "price": "11.23",
            "revenue": 88327
        },
        "2003-06": {
            "month": "2003-06",
            "price": "11.92",
            "revenue": 95629
        },
        "2003-07": {
            "month": "2003-07",
            "price": "11.75",
            "revenue": 101014
        },
        "2003-08": {
            "month": "2003-08",
            "price": "11.33",
            "revenue": 102043
        },
        "2003-09": {
            "month": "2003-09",
            "price": "11.37",
            "revenue": 101784
        },
        "2003-10": {
            "month": "2003-10",
            "price": "11.56",
            "revenue": 92335
        },
        "2003-11": {
            "month": "2003-11",
            "price": "11.88",
            "revenue": 90774
        },
        "2003-12": {
            "month": "2003-12",
            "price": "11.97",
            "revenue": 92487
        },
        "2004-01": {
            "month": "2004-01",
            "price": "12.90",
            "revenue": 77578
        },
        "2004-02": {
            "month": "2004-02",
            "price": "14.10",
            "revenue": 89924
        },
        "2004-03": {
            "month": "2004-03",
            "price": "13.76",
            "revenue": 100864
        },
        "2004-04": {
            "month": "2004-04",
            "price": "13.06",
            "revenue": 96813
        },
        "2004-05": {
            "month": "2004-05",
            "price": "11.73",
            "revenue": 93218
        },
        "2004-06": {
            "month": "2004-06",
            "price": "11.63",
            "revenue": 101095
        },
        "2004-07": {
            "month": "2004-07",
            "price": "10.86",
            "revenue": 108573
        },
        "2004-08": {
            "month": "2004-08",
            "price": "10.38",
            "revenue": 107105
        },
        "2004-09": {
            "month": "2004-09",
            "price": "10.48",
            "revenue": 107807
        },
        "2004-10": {
            "month": "2004-10",
            "price": "10.38",
            "revenue": 92056
        },
        "2004-11": {
            "month": "2004-11",
            "price": "10.45",
            "revenue": 86895
        },
        "2004-12": {
            "month": "2004-12",
            "price": "10.50",
            "revenue": 85068
        },
        "2005-01": {
            "month": "2005-01",
            "price": "11.05",
            "revenue": 83502
        },
        "2005-02": {
            "month": "2005-02",
            "price": "10.53",
            "revenue": 68939
        },
        "2005-03": {
            "month": "2005-03",
            "price": "10.44",
            "revenue": 96296
        },
        "2005-04": {
            "month": "2005-04",
            "price": "10.02",
            "revenue": 86541
        },
        "2005-05": {
            "month": "2005-05",
            "price": "9.93",
            "revenue": 86845
        },
        "2005-06": {
            "month": "2005-06",
            "price": "10.04",
            "revenue": 100281
        },
        "2005-07": {
            "month": "2005-07",
            "price": "10.20",
            "revenue": 104392
        },
        "2005-08": {
            "month": "2005-08",
            "price": "9.91",
            "revenue": 107976
        },
        "2005-09": {
            "month": "2005-09",
            "price": "9.49",
            "revenue": 110143
        },
        "2005-10": {
            "month": "2005-10",
            "price": "9.21",
            "revenue": 87778
        },
        "2005-11": {
            "month": "2005-11",
            "price": "9.07",
            "revenue": 87775
        },
        "2005-12": {
            "month": "2005-12",
            "price": "9.26",
            "revenue": 88183
        },
        "2006-01": {
            "month": "2006-01",
            "price": "9.36",
            "revenue": 82591
        },
        "2006-02": {
            "month": "2006-02",
            "price": "9.82",
            "revenue": 69376
        },
        "2006-03": {
            "month": "2006-03",
            "price": "9.76",
            "revenue": 96571
        },
        "2006-04": {
            "month": "2006-04",
            "price": "9.86",
            "revenue": 90187
        },
        "2006-05": {
            "month": "2006-05",
            "price": "10.06",
            "revenue": 90334
        },
        "2006-06": {
            "month": "2006-06",
            "price": "9.95",
            "revenue": 104181
        },
        "2006-07": {
            "month": "2006-07",
            "price": "9.67",
            "revenue": 108823
        },
        "2006-08": {
            "month": "2006-08",
            "price": "9.29",
            "revenue": 120997
        },
        "2006-09": {
            "month": "2006-09",
            "price": "9.17",
            "revenue": 112624
        },
        "2006-10": {
            "month": "2006-10",
            "price": "9.12",
            "revenue": 95649
        },
        "2006-11": {
            "month": "2006-11",
            "price": "9.36",
            "revenue": 93014
        },
        "2006-12": {
            "month": "2006-12",
            "price": "9.99",
            "revenue": 88618
        },
        "2007-01": {
            "month": "2007-01",
            "price": "10.10",
            "revenue": 87358
        },
        "2007-02": {
            "month": "2007-02",
            "price": "10.01",
            "revenue": 60495
        },
        "2007-03": {
            "month": "2007-03",
            "price": "10.21",
            "revenue": 102162
        },
        "2007-04": {
            "month": "2007-04",
            "price": "12.91",
            "revenue": 100686
        },
        "2007-05": {
            "month": "2007-05",
            "price": "12.75",
            "revenue": 100784
        },
        "2007-06": {
            "month": "2007-06",
            "price": "14.08",
            "revenue": 102384
        },
        "2007-07": {
            "month": "2007-07",
            "price": "14.51",
            "revenue": 97000
        },
        "2007-08": {
            "month": "2007-08",
            "price": "12.93",
            "revenue": 107422
        },
        "2007-09": {
            "month": "2007-09",
            "price": "13.41",
            "revenue": 103257
        },
        "2007-10": {
            "month": "2007-10",
            "price": "13.30",
            "revenue": 93725
        },
        "2007-11": {
            "month": "2007-11",
            "price": "11.94",
            "revenue": 93461
        },
        "2007-12": {
            "month": "2007-12",
            "price": "11.71",
            "revenue": 88534
        },
        "2008-01": {
            "month": "2008-01",
            "price": "11.76",
            "revenue": 85465
        },
        "2008-02": {
            "month": "2008-02",
            "price": "11.71",
            "revenue": 79448
        },
        "2008-03": {
            "month": "2008-03",
            "price": "13.14",
            "revenue": 107409
        },
        "2008-04": {
            "month": "2008-04",
            "price": "14.53",
            "revenue": 97259
        },
        "2008-05": {
            "month": "2008-05",
            "price": "20.04",
            "revenue": 98728
        },
        "2008-06": {
            "month": "2008-06",
            "price": "19.98",
            "revenue": 90022
        },
        "2008-07": {
            "month": "2008-07",
            "price": "15.53",
            "revenue": 87905
        },
        "2008-08": {
            "month": "2008-08",
            "price": "11.66",
            "revenue": 87767
        },
        "2008-09": {
            "month": "2008-09",
            "price": "8.85",
            "revenue": 104539
        },
        "2008-10": {
            "month": "2008-10",
            "price": "7.48",
            "revenue": 95323
        },
        "2008-11": {
            "month": "2008-11",
            "price": "7.41",
            "revenue": 77647
        },
        "2008-12": {
            "month": "2008-12",
            "price": "7.49",
            "revenue": 74855
        },
        "2009-01": {
            "month": "2009-01",
            "price": "7.16",
            "revenue": 71784
        },
        "2009-02": {
            "month": "2009-02",
            "price": "7.09",
            "revenue": 84441
        },
        "2009-03": {
            "month": "2009-03",
            "price": "7.96",
            "revenue": 100947
        },
        "2009-04": {
            "month": "2009-04",
            "price": "9.82",
            "revenue": 100389
        },
        "2009-05": {
            "month": "2009-05",
            "price": "10.25",
            "revenue": 95637
        },
        "2009-06": {
            "month": "2009-06",
            "price": "11.33",
            "revenue": 120015
        },
        "2009-07": {
            "month": "2009-07",
            "price": "11.05",
            "revenue": 126316
        },
        "2009-08": {
            "month": "2009-08",
            "price": "11.24",
            "revenue": 125611
        },
        "2009-09": {
            "month": "2009-09",
            "price": "11.22",
            "revenue": 100756
        },
        "2009-10": {
            "month": "2009-10",
            "price": "12.13",
            "revenue": 105742
        },
        "2009-11": {
            "month": "2009-11",
            "price": "13.53",
            "revenue": 103638
        },
        "2009-12": {
            "month": "2009-12",
            "price": "13.77",
            "revenue": 98548
        },
        "2010-01": {
            "month": "2010-01",
            "price": "13.83",
            "revenue": 100317
        },
        "2010-02": {
            "month": "2010-02",
            "price": "12.54",
            "revenue": 69165
        },
        "2010-03": {
            "month": "2010-03",
            "price": "13.59",
            "revenue": 106374
        },
        "2010-04": {
            "month": "2010-04",
            "price": "15.24",
            "revenue": 109861
        },
        "2010-05": {
            "month": "2010-05",
            "price": "15.54",
            "revenue": 103594
        },
        "2010-06": {
            "month": "2010-06",
            "price": "15.67",
            "revenue": 125043
        },
        "2010-07": {
            "month": "2010-07",
            "price": "16.52",
            "revenue": 120716
        },
        "2010-08": {
            "month": "2010-08",
            "price": "15.38",
            "revenue": 124756
        },
        "2010-09": {
            "month": "2010-09",
            "price": "15.04",
            "revenue": 122310
        },
        "2010-10": {
            "month": "2010-10",
            "price": "15.00",
            "revenue": 110161
        },
        "2010-11": {
            "month": "2010-11",
            "price": "14.43",
            "revenue": 96107
        },
        "2010-12": {
            "month": "2010-12",
            "price": "14.45",
            "revenue": 102234
        },
        "2011-01": {
            "month": "2011-01",
            "price": "14.97",
            "revenue": 100096
        },
        "2011-02": {
            "month": "2011-02",
            "price": "14.79",
            "revenue": 75132
        },
        "2011-03": {
            "month": "2011-03",
            "price": "14.94",
            "revenue": 106771
        },
        "2011-04": {
            "month": "2011-04",
            "price": "15.64",
            "revenue": 96423
        },
        "2011-05": {
            "month": "2011-05",
            "price": "15.09",
            "revenue": 95342
        },
        "2011-06": {
            "month": "2011-06",
            "price": "14.90",
            "revenue": 116601
        },
        "2011-07": {
            "month": "2011-07",
            "price": "14.56",
            "revenue": 122020
        },
        "2011-08": {
            "month": "2011-08",
            "price": "13.08",
            "revenue": 122346
        },
        "2011-09": {
            "month": "2011-09",
            "price": "12.58",
            "revenue": 115609
        },
        "2011-10": {
            "month": "2011-10",
            "price": "11.68",
            "revenue": 83350
        },
        "2011-11": {
            "month": "2011-11",
            "price": "12.21",
            "revenue": 85873
        },
        "2011-12": {
            "month": "2011-12",
            "price": "11.94",
            "revenue": 88691
        },
        "2012-01": {
            "month": "2012-01",
            "price": "14.14",
            "revenue": 71828
        },
        "2012-02": {
            "month": "2012-02",
            "price": "15.81",
            "revenue": 90307
        },
        "2012-03": {
            "month": "2012-03",
            "price": "16.23",
            "revenue": 100260
        },
        "2012-04": {
            "month": "2012-04",
            "price": "15.71",
            "revenue": 91943
        },
        "2012-05": {
            "month": "2012-05",
            "price": "14.24",
            "revenue": 97800
        },
        "2012-06": {
            "month": "2012-06",
            "price": "14.16",
            "revenue": 104297
        },
        "2012-07": {
            "month": "2012-07",
            "price": "13.83",
            "revenue": 113577
        },
        "2012-08": {
            "month": "2012-08",
            "price": "13.74",
            "revenue": 117376
        },
        "2012-09": {
            "month": "2012-09",
            "price": "13.84",
            "revenue": 111122
        },
        "2012-10": {
            "month": "2012-10",
            "price": "13.81",
            "revenue": 108633
        },
        "2012-11": {
            "month": "2012-11",
            "price": "14.06",
            "revenue": 102679
        },
        "2012-12": {
            "month": "2012-12",
            "price": "14.41",
            "revenue": 104874
        },
        "2013-01": {
            "month": "2013-01",
            "price": "15.08",
            "revenue": 109610
        },
        "2013-02": {
            "month": "2013-02",
            "price": "16.05",
            "revenue": 80434
        },
        "2013-03": {
            "month": "2013-03",
            "price": "16.67",
            "revenue": 114723
        },
        "2013-04": {
            "month": "2013-04",
            "price": "17.42",
            "revenue": 108543
        },
        "2013-05": {
            "month": "2013-05",
            "price": "17.61",
            "revenue": 108332
        },
        "2013-06": {
            "month": "2013-06",
            "price": "18.46",
            "revenue": 111529
        },
        "2013-07": {
            "month": "2013-07",
            "price": "18.22",
            "revenue": 114086
        },
        "2013-08": {
            "month": "2013-08",
            "price": "18.99",
            "revenue": 114365
        },
        "2013-09": {
            "month": "2013-09",
            "price": "19.30",
            "revenue": 108415
        },
        "2013-10": {
            "month": "2013-10",
            "price": "18.94",
            "revenue": 117159
        },
        "2013-11": {
            "month": "2013-11",
            "price": "19.30",
            "revenue": 108820
        },
        "2013-12": {
            "month": "2013-12",
            "price": "19.43",
            "revenue": 118037
        },
        "2014-01": {
            "month": "2014-01",
            "price": "19.74",
            "revenue": 113334
        },
        "2014-02": {
            "month": "2014-02",
            "price": "22.30",
            "revenue": 94669
        },
        "2014-03": {
            "month": "2014-03",
            "price": "22.52",
            "revenue": 114785
        },
        "2014-04": {
            "month": "2014-04",
            "price": "21.91",
            "revenue": 110414
        },
        "2014-05": {
            "month": "2014-05",
            "price": "22.29",
            "revenue": 118076
        },
        "2014-06": {
            "month": "2014-06",
            "price": "22.23",
            "revenue": 125229
        },
        "2014-07": {
            "month": "2014-07",
            "price": "22.56",
            "revenue": 128239
        },
        "2014-08": {
            "month": "2014-08",
            "price": "22.04",
            "revenue": 120461
        },
        "2014-09": {
            "month": "2014-09",
            "price": "21.66",
            "revenue": 119412
        },
        "2014-10": {
            "month": "2014-10",
            "price": "21.44",
            "revenue": 117751
        },
        "2014-11": {
            "month": "2014-11",
            "price": "21.98",
            "revenue": 109675
        },
        "2014-12": {
            "month": "2014-12",
            "price": "22.10",
            "revenue": 121127
        },
        "2015-01": {
            "month": "2015-01",
            "price": "22.16",
            "revenue": 120988
        },
        "2015-02": {
            "month": "2015-02",
            "price": "23.08",
            "revenue": 91573
        },
        "2015-03": {
            "month": "2015-03",
            "price": "26.00",
            "revenue": 123778
        },
        "2015-04": {
            "month": "2015-04",
            "price": "33.06",
            "revenue": 111033
        },
        "2015-05": {
            "month": "2015-05",
            "price": "33.63",
            "revenue": 103004
        },
        "2015-06": {
            "month": "2015-06",
            "price": "26.00",
            "revenue": 117568
        },
        "2015-07": {
            "month": "2015-07",
            "price": "26.52",
            "revenue": 119794
        },
        "2015-08": {
            "month": "2015-08",
            "price": "21.70",
            "revenue": 117244
        },
        "2015-09": {
            "month": "2015-09",
            "price": "19.36",
            "revenue": 112873
        },
        "2015-10": {
            "month": "2015-10",
            "price": "19.96",
            "revenue": 106998
        },
        "2015-11": {
            "month": "2015-11",
            "price": "20.08",
            "revenue": 103229
        },
        "2015-12": {
            "month": "2015-12",
            "price": "21.27",
            "revenue": 118349
        },
        "2016-01": {
            "month": "2016-01",
            "price": "20.61",
            "revenue": 105945
        },
        "2016-02": {
            "month": "2016-02",
            "price": "22.29",
            "revenue": 97107
        },
        "2016-03": {
            "month": "2016-03",
            "price": "23.42",
            "revenue": 120018
        },
        "2016-04": {
            "month": "2016-04",
            "price": "22.86",
            "revenue": 98693
        },
        "2016-05": {
            "month": "2016-05",
            "price": "22.89",
            "revenue": 102718
        },
        "2016-06": {
            "month": "2016-06",
            "price": "24.08",
            "revenue": 117081
        },
        "2016-07": {
            "month": "2016-07",
            "price": "23.28",
            "revenue": 117097
        },
        "2016-08": {
            "month": "2016-08",
            "price": "20.95",
            "revenue": 121222
        },
        "2016-09": {
            "month": "2016-09",
            "price": "19.49",
            "revenue": 113091
        },
        "2016-10": {
            "month": "2016-10",
            "price": "19.05",
            "revenue": 105056
        },
        "2016-11": {
            "month": "2016-11",
            "price": "19.06",
            "revenue": 103668
        },
        "2016-12": {
            "month": "2016-12",
            "price": "20.76",
            "revenue": 112176
        },
        "2017-01": {
            "month": "2017-01",
            "price": "22.38",
            "revenue": 102555
        },
        "2017-02": {
            "month": "2017-02",
            "price": "22.65",
            "revenue": 101770
        },
        "2017-03": {
            "month": "2017-03",
            "price": "21.68",
            "revenue": 130726
        },
        "2017-04": {
            "month": "2017-04",
            "price": "21.52",
            "revenue": 127009
        },
        "2017-05": {
            "month": "2017-05",
            "price": "22.58",
            "revenue": 129192
        },
        "2017-06": {
            "month": "2017-06",
            "price": "22.45",
            "revenue": 155832
        },
        "2017-07": {
            "month": "2017-07",
            "price": "21.97",
            "revenue": 164731
        },
        "2017-08": {
            "month": "2017-08",
            "price": "21.87",
            "revenue": 179856
        },
        "2017-09": {
            "month": "2017-09",
            "price": "21.91",
            "revenue": 155736
        },
        "2017-10": {
            "month": "2017-10",
            "price": "21.75",
            "revenue": 132791
        },
        "2017-11": {
            "month": "2017-11",
            "price": "20.94",
            "revenue": 123733
        },
        "2017-12": {
            "month": "2017-12",
            "price": "20.80",
            "revenue": 122977
        },
        "2018-01": {
            "month": "2018-01",
            "price": "21.61",
            "revenue": 132827
        },
        "2018-02": {
            "month": "2018-02",
            "price": "23.20",
            "revenue": 104923
        },
        "2018-03": {
            "month": "2018-03",
            "price": "25.48",
            "revenue": 146977
        },
        "2018-04": {
            "month": "2018-04",
            "price": "26.09",
            "revenue": 143026
        },
        "2018-05": {
            "month": "2018-05",
            "price": "25.61",
            "revenue": 165036
        },
        "2018-06": {
            "month": "2018-06",
            "price": "24.99",
            "revenue": 156500
        },
        "2018-07": {
            "month": "2018-07",
            "price": "23.92",
            "revenue": 168472
        },
        "2018-08": {
            "month": "2018-08",
            "price": "23.04",
            "revenue": 170883
        },
        "2018-09": {
            "month": "2018-09",
            "price": "23.02",
            "revenue": 159823
        },
        "2018-10": {
            "month": "2018-10",
            "price": "22.37",
            "revenue": 142756
        },
        "2018-11": {
            "month": "2018-11",
            "price": "22.68",
            "revenue": 141885
        },
        "2018-12": {
            "month": "2018-12",
            "price": "24.15",
            "revenue": 145409
        },
        "2019-01": {
            "month": "2019-01",
            "price": "24.42",
            "revenue": 144101
        },
        "2019-02": {
            "month": "2019-02",
            "price": "24.55",
            "revenue": 97103
        },
        "2019-03": {
            "month": "2019-03",
            "price": "24.84",
            "revenue": 135881
        },
        "2019-04": {
            "month": "2019-04",
            "price": "26.16",
            "revenue": 128474
        },
        "2019-05": {
            "month": "2019-05",
            "price": "25.97",
            "revenue": 136863
        },
        "2019-06": {
            "month": "2019-06",
            "price": "26.10",
            "revenue": 134243
        },
        "2019-07": {
            "month": "2019-07",
            "price": "26.42",
            "revenue": 139932
        },
        "2019-08": {
            "month": "2019-08",
            "price": "25.58",
            "revenue": 137822
        },
        "2019-09": {
            "month": "2019-09",
            "price": "25.62",
            "revenue": 136109
        },
        "2019-10": {
            "month": "2019-10",
            "price": "25.14",
            "revenue": 141569
        },
        "2019-11": {
            "month": "2019-11",
            "price": "24.98",
            "revenue": 152603
        },
        "2019-12": {
            "month": "2019-12",
            "price": "25.37",
            "revenue": 144922
        },
        "2020-01": {
            "month": "2020-01",
            "price": "25.93",
            "revenue": 116107
        },
        "2020-02": {
            "month": "2020-02",
            "price": "28.17",
            "revenue": 141106
        },
        "2020-03": {
            "month": "2020-03",
            "price": "26.34",
            "revenue": 159666
        },
        "2020-04": {
            "month": "2020-04",
            "price": "26.20",
            "revenue": 165171
        },
        "2020-05": {
            "month": "2020-05",
            "price": "28.92",
            "revenue": 155267
        },
        "2020-06": {
            "month": "2020-06",
            "price": "29.88",
            "revenue": 145836
        },
        "2020-07": {
            "month": "2020-07",
            "price": "28.69",
            "revenue": 165628
        },
        "2020-08": {
            "month": "2020-08",
            "price": "28.01",
            "revenue": 160348
        },
        "2020-09": {
            "month": "2020-09",
            "price": "28.64",
            "revenue": 162888
        },
        "2020-10": {
            "month": "2020-10",
            "price": "29.05",
            "revenue": 149255
        },
        "2020-11": {
            "month": "2020-11",
            "price": "29.99",
            "revenue": 158239
        },
        "2020-12": {
            "month": "2020-12",
            "price": "32.05",
            "revenue": 163047
        },
        "2021-01": {
            "month": "2021-01",
            "price": "30.21",
            "revenue": 144056
        },
        "2021-02": {
            "month": "2021-02",
            "price": "29.95",
            "revenue": 113256
        },
        "2021-03": {
            "month": "2021-03",
            "price": "30.00",
            "revenue": 145647
        },
        "2021-04": {
            "month": "2021-04",
            "price": "29.79",
            "revenue": 136145
        },
        "2021-05": {
            "month": "2021-05",
            "price": "28.87",
            "revenue": 159705
        },
        "2021-06": {
            "month": "2021-06",
            "price": "29.00",
            "revenue": 222278
        },
        "2021-07": {
            "month": "2021-07",
            "price": "29.73",
            "revenue": 208086
        },
        "2021-08": {
            "month": "2021-08",
            "price": "30.30",
            "revenue": 204000
        },
        "2021-09": {
            "month": "2021-09",
            "price": "31.57",
            "revenue": 184100
        },
        "2021-10": {
            "month": "2021-10",
            "price": "32.72",
            "revenue": 168927
        },
        "2021-11": {
            "month": "2021-11",
            "price": "31.92",
            "revenue": 153511
        },
        "2021-12": {
            "month": "2021-12",
            "price": "31.33",
            "revenue": 158025
        },
        "2022-01": {
            "month": "2022-01",
            "price": "31.88",
            "revenue": 149300
        },
        "2022-02": {
            "month": "2022-02",
            "price": "31.85",
            "revenue": 131846
        },
        "2022-03": {
            "month": "2022-03",
            "price": "32.22",
            "revenue": 176673
        },
        "2022-04": {
            "month": "2022-04",
            "price": "33.17",
            "revenue": 170576
        },
        "2022-05": {
            "month": "2022-05",
            "price": "31.25",
            "revenue": 177396
        },
        "2022-06": {
            "month": "2022-06",
            "price": "30.33",
            "revenue": 227422
        },
        "2022-07": {
            "month": "2022-07",
            "price": "29.60",
            "revenue": 270471
        },
        "2022-08": {
            "month": "2022-08",
            "price": "29.69",
            "revenue": 313910
        },
        "2022-09": {
            "month": "2022-09",
            "price": "30.88",
            "revenue": 315806
        },
        "2022-10": {
            "month": "2022-10",
            "price": "30.14",
            "revenue": 321598
        },
        "2022-11": {
            "month": "2022-11",
            "price": "34.16",
            "revenue": 306234
        },
        "2022-12": {
            "month": "2022-12",
            "price": "40.95",
            "revenue": 299776
        },
        "2023-01": {
            "month": "2023-01",
            "price": "44.24",
            "revenue": 246806
        },
        "2023-02": {
            "month": "2023-02",
            "price": "51.79",
            "revenue": 289353
        },
        "2023-03": {
            "month": "2023-03",
            "price": "64.63",
            "revenue": 256791
        },
        "2023-04": {
            "month": "2023-04",
            "price": "76.79",
            "revenue": 196625
        },
        "2023-05": {
            "month": "2023-05",
            "price": "69.88",
            "revenue": 232746
        },
        "2023-06": {
            "month": "2023-06",
            "price": "65.71",
            "revenue": 230937
        },
        "2023-07": {
            "month": "2023-07",
            "price": "57.62",
            "revenue": 211111
        },
        "2023-08": {
            "month": "2023-08",
            "price": "48.70",
            "revenue": 229693
        },
        "2023-09": {
            "month": "2023-09",
            "price": "45.46",
            "revenue": 213032
        },
        "2023-10": {
            "month": "2023-10",
            "price": "42.50",
            "revenue": 202430
        },
        "2023-11": {
            "month": "2023-11",
            "price": "46.10",
            "revenue": 199549
        },
        "2023-12": {
            "month": "2023-12",
            "price": "48.04",
            "revenue": 207935
        }
    }
}
