{
    "summary": {
        "stock_name": "智通",
        "stock_id": "8932",
        "category": "其他",
        "main_business": "各種拉鍊、拉鍊配件、拉鍊機零件之製造加工買賣<br>前項產品之進出口貿易<br>委託營造廠商興建國民住宅、商業大樓出租及出售",
        "website_url": "https://wiselink.tw/",
        "ceo": "蔡焜煌",
        "pe_ratio": 100,
        "report_year_from": 2001,
        "report_year_to": 2023,
        "age": 23,
        "eps_negative_percentage": 52,
        "eps_growth_avg": {
            "last_all": -28.89,
            "last_2y": null,
            "last_4y": -100,
            "last_8y": -72.06,
            "last_12y": -42.2,
            "last_16y": -20.99,
            "last_20y": -20.99,
            "at_2006_last_3y": null,
            "at_2007_last_3y": null,
            "at_2008_last_3y": null,
            "at_2009_last_3y": 100,
            "at_2010_last_3y": 53.23,
            "at_2011_last_3y": 2.15,
            "at_2012_last_3y": 2.15,
            "at_2013_last_3y": 2.15,
            "at_2014_last_3y": -2.38,
            "at_2015_last_3y": 24.11,
            "at_2016_last_3y": 1.15,
            "at_2017_last_3y": -48.85,
            "at_2018_last_3y": -62.75,
            "at_2019_last_3y": -89.25,
            "at_2020_last_3y": -100,
            "at_2021_last_3y": -100,
            "at_2022_last_3y": -100,
            "at_2023_last_3y": null,
            "at_2024_last_3y": null,
            "at_2006_last_all": -100,
            "at_2007_last_all": -100,
            "at_2008_last_all": -100,
            "at_2009_last_all": 0,
            "at_2010_last_all": 2.15,
            "at_2011_last_all": -23.39,
            "at_2012_last_all": -23.39,
            "at_2013_last_all": 1.29,
            "at_2014_last_all": -0.12,
            "at_2015_last_all": -3.03,
            "at_2016_last_all": -11.12,
            "at_2017_last_all": -20.99,
            "at_2018_last_all": -20.99,
            "at_2019_last_all": -28.89,
            "at_2020_last_all": -28.89,
            "at_2021_last_all": -28.89,
            "at_2022_last_all": -28.89,
            "at_2023_last_all": -28.89,
            "at_2024_last_all": -28.89
        },
        "latest_eps": 0.39,
        "latest_price": 115,
        "latest_roe": 3.66,
        "latest_gross_margin": 46.87,
        "latest_equity": 905620,
        "latest_revenue": 237249,
        "latest_gross_profit": 111195,
        "latest_net_income": 25526,
        "latest_debt_ratio": 47.94,
        "latest_current_ratio": 126.89,
        "latest_account_receivable_turnover_ratio": 0.96,
        "latest_inventory_turnover_ratio": 1.37,
        "latest_reinvestment_rate": null,
        "latest_research_to_sale_ratio": null
    },
    "eps_dividends": {
        "1999": {
            "cash": 1.18,
            "stock": 1.18,
            "eps": 0
        },
        "2000": {
            "cash": 2,
            "stock": 2,
            "eps": 0
        },
        "2001": {
            "cash": 0.9,
            "stock": 0.9,
            "eps": 0.81
        },
        "2002": {
            "cash": 0,
            "stock": 0,
            "eps": -0.01
        },
        "2003": {
            "cash": 0,
            "stock": 0,
            "eps": -0.79
        },
        "2004": {
            "cash": 0,
            "stock": 0,
            "eps": -1.48
        },
        "2005": {
            "cash": 0,
            "stock": 0,
            "eps": -1.66
        },
        "2006": {
            "cash": 0,
            "stock": 0,
            "eps": -0.72
        },
        "2007": {
            "cash": 0,
            "stock": 0,
            "eps": -0.7
        },
        "2008": {
            "cash": 0,
            "stock": 0,
            "eps": 0.13
        },
        "2009": {
            "cash": 0,
            "stock": 0,
            "eps": 0.31
        },
        "2010": {
            "cash": 0,
            "stock": 0,
            "eps": 0.33
        },
        "2011": {
            "cash": 0,
            "stock": 0,
            "eps": -0.18
        },
        "2012": {
            "cash": 0,
            "stock": 0,
            "eps": 0.17
        },
        "2013": {
            "cash": 0,
            "stock": 0,
            "eps": 0.84
        },
        "2014": {
            "cash": 0,
            "stock": 0,
            "eps": 0.78
        },
        "2015": {
            "cash": 0,
            "stock": 0,
            "eps": 0.62
        },
        "2016": {
            "cash": 0,
            "stock": 0,
            "eps": 0.2
        },
        "2017": {
            "cash": 0,
            "stock": 0,
            "eps": -0.92
        },
        "2018": {
            "cash": 0,
            "stock": 0,
            "eps": 5.83
        },
        "2019": {
            "cash": 0.6,
            "stock": 0,
            "eps": -1.05
        },
        "2020": {
            "cash": 0,
            "stock": 0,
            "eps": -1
        },
        "2021": {
            "cash": 0,
            "stock": 0,
            "eps": -1.18
        },
        "2022": {
            "cash": 0,
            "stock": 0,
            "eps": -0.44
        },
        "2023": {
            "cash": 0,
            "stock": 0,
            "eps": 0.99
        }
    },
    "dividends": {
        "1999-06-22": {
            "cash": 1.18,
            "stock": 1.18
        },
        "2000-06-20": {
            "cash": 2,
            "stock": 2
        },
        "2001-06-29": {
            "cash": 0.9,
            "stock": 0.9
        },
        "2019-09-16": {
            "cash": 0.6,
            "stock": 0
        }
    },
    "prices": {
        "200101": "無",
        "200102": "無",
        "200103": "14.38",
        "200104": "15.52",
        "200105": "13.85",
        "200106": "12.84",
        "200107": "11.28",
        "200108": "10.91",
        "200109": "10.09",
        "200110": "9.50",
        "200111": "8.76",
        "200112": "9.00",
        "200201": "9.35",
        "200202": "9.02",
        "200203": "9.04",
        "200204": "10.11",
        "200205": "9.37",
        "200206": "8.94",
        "200207": "8.65",
        "200208": "8.04",
        "200209": "7.66",
        "200210": "7.65",
        "200211": "8.38",
        "200212": "8.41",
        "200301": "8.38",
        "200302": "7.80",
        "200303": "7.56",
        "200304": "7.50",
        "200305": "7.38",
        "200306": "7.24",
        "200307": "7.13",
        "200308": "7.08",
        "200309": "6.80",
        "200310": "6.93",
        "200311": "6.72",
        "200312": "7.03",
        "200401": "8.37",
        "200402": "8.36",
        "200403": "7.91",
        "200404": "7.64",
        "200405": "6.98",
        "200406": "6.94",
        "200407": "6.79",
        "200408": "6.28",
        "200409": "6.06",
        "200410": "5.68",
        "200411": "5.29",
        "200412": "5.50",
        "200501": "5.49",
        "200502": "5.48",
        "200503": "6.05",
        "200504": "5.93",
        "200505": "5.78",
        "200506": "6.10",
        "200507": "6.55",
        "200508": "6.92",
        "200509": "6.64",
        "200510": "6.46",
        "200511": "7.01",
        "200512": "7.50",
        "200601": "7.56",
        "200602": "7.75",
        "200603": "7.59",
        "200604": "7.25",
        "200605": "7.42",
        "200606": "8.03",
        "200607": "8.09",
        "200608": "8.59",
        "200609": "8.24",
        "200610": "7.27",
        "200611": "7.52",
        "200612": "7.76",
        "200701": "7.65",
        "200702": "8.32",
        "200703": "11.11",
        "200704": "17.80",
        "200705": "17.93",
        "200706": "15.71",
        "200707": "16.44",
        "200708": "13.29",
        "200709": "10.96",
        "200710": "10.70",
        "200711": "10.53",
        "200712": "11.53",
        "200801": "11.01",
        "200802": "11.33",
        "200803": "14.05",
        "200804": "16.72",
        "200805": "23.48",
        "200806": "25.46",
        "200807": "20.69",
        "200808": "21.31",
        "200809": "11.62",
        "200810": "7.71",
        "200811": "6.95",
        "200812": "8.70",
        "200901": "9.16",
        "200902": "8.94",
        "200903": "9.50",
        "200904": "9.89",
        "200905": "11.16",
        "200906": "10.12",
        "200907": "11.39",
        "200908": "11.81",
        "200909": "11.88",
        "200910": "11.54",
        "200911": "10.28",
        "200912": "10.24",
        "201001": "11.15",
        "201002": "10.13",
        "201003": "10.21",
        "201004": "12.05",
        "201005": "12.54",
        "201006": "10.81",
        "201007": "10.66",
        "201008": "11.40",
        "201009": "11.53",
        "201010": "10.53",
        "201011": "9.87",
        "201012": "9.99",
        "201101": "10.18",
        "201102": "9.98",
        "201103": "10.01",
        "201104": "10.02",
        "201105": "8.84",
        "201106": "8.12",
        "201107": "7.91",
        "201108": "7.40",
        "201109": "7.42",
        "201110": "7.50",
        "201111": "8.58",
        "201112": "8.34",
        "201201": "7.39",
        "201202": "7.67",
        "201203": "7.72",
        "201204": "6.99",
        "201205": "6.99",
        "201206": "7.16",
        "201207": "6.93",
        "201208": "6.92",
        "201209": "7.85",
        "201210": "7.74",
        "201211": "7.18",
        "201212": "7.27",
        "201301": "7.16",
        "201302": "6.92",
        "201303": "6.63",
        "201304": "6.69",
        "201305": "8.32",
        "201306": "11.44",
        "201307": "13.95",
        "201308": "14.58",
        "201309": "13.48",
        "201310": "16.28",
        "201311": "14.83",
        "201312": "13.70",
        "201401": "12.65",
        "201402": "13.98",
        "201403": "14.41",
        "201404": "15.52",
        "201405": "14.06",
        "201406": "13.31",
        "201407": "12.41",
        "201408": "11.78",
        "201409": "11.93",
        "201410": "11.42",
        "201411": "10.51",
        "201412": "10.76",
        "201501": "10.71",
        "201502": "10.63",
        "201503": "10.54",
        "201504": "10.42",
        "201505": "10.25",
        "201506": "10.00",
        "201507": "9.27",
        "201508": "8.62",
        "201509": "8.55",
        "201510": "8.60",
        "201511": "9.03",
        "201512": "9.55",
        "201601": "9.98",
        "201602": "9.48",
        "201603": "9.97",
        "201604": "10.01",
        "201605": "9.42",
        "201606": "9.08",
        "201607": "9.08",
        "201608": "9.25",
        "201609": "9.34",
        "201610": "9.19",
        "201611": "8.73",
        "201612": "8.46",
        "201701": "8.68",
        "201702": "8.63",
        "201703": "8.48",
        "201704": "8.26",
        "201705": "8.06",
        "201706": "7.79",
        "201707": "7.78",
        "201708": "7.40",
        "201709": "7.54",
        "201710": "9.62",
        "201711": "8.96",
        "201712": "8.82",
        "201801": "8.26",
        "201802": "8.13",
        "201803": "7.64",
        "201804": "9.51",
        "201805": "10.71",
        "201806": "9.77",
        "201807": "9.81",
        "201808": "10.29",
        "201809": "9.84",
        "201810": "10.01",
        "201811": "12.54",
        "201812": "18.00",
        "201901": "15.52",
        "201902": "15.58",
        "201903": "14.40",
        "201904": "16.22",
        "201905": "14.78",
        "201906": "14.46",
        "201907": "12.71",
        "201908": "12.89",
        "201909": "13.17",
        "201910": "14.60",
        "201911": "14.15",
        "201912": "13.80",
        "202001": "13.44",
        "202002": "13.51",
        "202003": "11.41",
        "202004": "10.45",
        "202005": "12.49",
        "202006": "12.21",
        "202007": "13.66",
        "202008": "16.25",
        "202009": "15.95",
        "202010": "18.15",
        "202011": "20.12",
        "202012": "19.75",
        "202101": "17.99",
        "202102": "17.63",
        "202103": "17.59",
        "202104": "18.71",
        "202105": "18.43",
        "202106": "18.56",
        "202107": "18.72",
        "202108": "18.40",
        "202109": "18.56",
        "202110": "19.16",
        "202111": "23.11",
        "202112": "26.41",
        "202201": "26.52",
        "202202": "26.29",
        "202203": "26.22",
        "202204": "26.12",
        "202205": "26.32",
        "202206": "25.92",
        "202207": "24.43",
        "202208": "27.03",
        "202209": "30.53",
        "202210": "32.25",
        "202211": "38.76",
        "202212": "44.18",
        "202301": "41.60",
        "202302": "45.14",
        "202303": "44.40",
        "202304": "47.68",
        "202305": "58.97",
        "202306": "65.63",
        "202307": "66.60",
        "202308": "73.74",
        "202309": "82.12",
        "202310": "80.78",
        "202311": "94.13",
        "202312": "109.02"
    },
    "quarters": {
        "20011": {
            "year_quarter": 20011,
            "year": 2001,
            "quarter": 1,
            "eps": 0.37,
            "eps_growth_year": -49.32,
            "eps_4q": 0.89,
            "eps_4q_growth_year": null,
            "roe": 2.95,
            "roe_4q": 2.95,
            "gross_profit": 35804,
            "gross_margin": 18.89,
            "gross_margin_4q_avg": 18.89,
            "net_income": 13796,
            "net_income_4q": null,
            "revenue": 189501,
            "revenue_4q": null,
            "common_shares": 370800,
            "book_valuer_per_share": 12.81,
            "book_valuer_per_share_4q_avg": 12.81,
            "equity": 475009,
            "current_ratio": 231.23,
            "debt_ratio": 35.14,
            "inventory_turnover_ratio": 2.06,
            "account_receivable_turnover_ratio": null,
            "reinvestment_rate": null,
            "research_to_sale_ratio": null,
            "price_fair": 0,
            "eps_avg_yearly": 0,
            "eps_latest_yearly": 0,
            "eps_growth_yearly": 0
        },
        "20012": {
            "year_quarter": 20012,
            "year": 2001,
            "quarter": 2,
            "eps": 0.28,
            "eps_growth_year": 75,
            "eps_4q": 1.04,
            "eps_4q_growth_year": null,
            "roe": 2.24,
            "roe_4q": 5.19,
            "gross_profit": 37629,
            "gross_margin": 20.49,
            "gross_margin_4q_avg": 19.69,
            "net_income": 10342,
            "net_income_4q": null,
            "revenue": 183654,
            "revenue_4q": null,
            "common_shares": 370800,
            "book_valuer_per_share": 12.14,
            "book_valuer_per_share_4q_avg": 12.48,
            "equity": 450223,
            "current_ratio": 192.75,
            "debt_ratio": 38.85,
            "inventory_turnover_ratio": 1.99,
            "account_receivable_turnover_ratio": null,
            "reinvestment_rate": null,
            "research_to_sale_ratio": null,
            "price_fair": 0,
            "eps_avg_yearly": 0,
            "eps_latest_yearly": 0,
            "eps_growth_yearly": 0
        },
        "20013": {
            "year_quarter": 20013,
            "year": 2001,
            "quarter": 3,
            "eps": 0.21,
            "eps_growth_year": 2000,
            "eps_4q": 1.22,
            "eps_4q_growth_year": null,
            "roe": 1.75,
            "roe_4q": 6.94,
            "gross_profit": 27268,
            "gross_margin": 17,
            "gross_margin_4q_avg": 18.79,
            "net_income": 7970,
            "net_income_4q": null,
            "revenue": 160372,
            "revenue_4q": null,
            "common_shares": 370800,
            "book_valuer_per_share": 12.36,
            "book_valuer_per_share_4q_avg": 12.44,
            "equity": 458194,
            "current_ratio": 228.11,
            "debt_ratio": 34.13,
            "inventory_turnover_ratio": 1.98,
            "account_receivable_turnover_ratio": null,
            "reinvestment_rate": null,
            "research_to_sale_ratio": null,
            "price_fair": 0,
            "eps_avg_yearly": 0,
            "eps_latest_yearly": 0,
            "eps_growth_yearly": 0
        },
        "20014": {
            "year_quarter": 20014,
            "year": 2001,
            "quarter": 4,
            "eps": -0.05,
            "eps_growth_year": -113.16,
            "eps_4q": 0.82,
            "eps_4q_growth_year": -27.78,
            "roe": -0.37,
            "roe_4q": 6.57,
            "gross_profit": 11009,
            "gross_margin": 12.23,
            "gross_margin_4q_avg": 17.15,
            "net_income": -1705,
            "net_income_4q": null,
            "revenue": 89984,
            "revenue_4q": null,
            "common_shares": 370800,
            "book_valuer_per_share": 12.31,
            "book_valuer_per_share_4q_avg": 12.41,
            "equity": 456489,
            "current_ratio": 223.78,
            "debt_ratio": 33,
            "inventory_turnover_ratio": 1.23,
            "account_receivable_turnover_ratio": null,
            "reinvestment_rate": null,
            "research_to_sale_ratio": null,
            "price_fair": 0,
            "eps_avg_yearly": 0,
            "eps_latest_yearly": 0,
            "eps_growth_yearly": 0
        },
        "20021": {
            "year_quarter": 20021,
            "year": 2002,
            "quarter": 1,
            "eps": 0.02,
            "eps_growth_year": -94.59,
            "eps_4q": 0.4,
            "eps_4q_growth_year": -55.51,
            "roe": 0.19,
            "roe_4q": 3.8100000000000005,
            "gross_profit": 8554,
            "gross_margin": 7.09,
            "gross_margin_4q_avg": 14.2,
            "net_income": 883,
            "net_income_4q": null,
            "revenue": 120666,
            "revenue_4q": null,
            "common_shares": 370800,
            "book_valuer_per_share": 12.4,
            "book_valuer_per_share_4q_avg": 12.3,
            "equity": 459659,
            "current_ratio": 159.98,
            "debt_ratio": 38.41,
            "inventory_turnover_ratio": 1.72,
            "account_receivable_turnover_ratio": null,
            "reinvestment_rate": null,
            "research_to_sale_ratio": null,
            "price_fair": 0,
            "eps_avg_yearly": 0,
            "eps_latest_yearly": 0,
            "eps_growth_yearly": 0
        },
        "20022": {
            "year_quarter": 20022,
            "year": 2002,
            "quarter": 2,
            "eps": 0.18,
            "eps_growth_year": -35.71,
            "eps_4q": 0.37,
            "eps_4q_growth_year": -64.6,
            "roe": 1.47,
            "roe_4q": 3.04,
            "gross_profit": 29765,
            "gross_margin": 17.79,
            "gross_margin_4q_avg": 13.53,
            "net_income": 6793,
            "net_income_4q": null,
            "revenue": 167297,
            "revenue_4q": null,
            "common_shares": 370800,
            "book_valuer_per_share": 12.47,
            "book_valuer_per_share_4q_avg": 12.39,
            "equity": 462341,
            "current_ratio": 154.64,
            "debt_ratio": 40.97,
            "inventory_turnover_ratio": 1.95,
            "account_receivable_turnover_ratio": null,
            "reinvestment_rate": null,
            "research_to_sale_ratio": null,
            "price_fair": 25.2,
            "eps_avg_yearly": 0.72,
            "eps_latest_yearly": 0.72,
            "eps_growth_yearly": 3200
        },
        "20023": {
            "year_quarter": 20023,
            "year": 2002,
            "quarter": 3,
            "eps": -0.08,
            "eps_growth_year": -138.1,
            "eps_4q": 0.07,
            "eps_4q_growth_year": -93.95,
            "roe": -0.66,
            "roe_4q": 0.63,
            "gross_profit": 20813,
            "gross_margin": 15.09,
            "gross_margin_4q_avg": 13.05,
            "net_income": -3040,
            "net_income_4q": null,
            "revenue": 137905,
            "revenue_4q": null,
            "common_shares": 398000,
            "book_valuer_per_share": 11.54,
            "book_valuer_per_share_4q_avg": 12.18,
            "equity": 459300,
            "current_ratio": 159.33,
            "debt_ratio": 38.5,
            "inventory_turnover_ratio": 1.57,
            "account_receivable_turnover_ratio": null,
            "reinvestment_rate": null,
            "research_to_sale_ratio": null,
            "price_fair": 25.2,
            "eps_avg_yearly": 0.72,
            "eps_latest_yearly": 0.72,
            "eps_growth_yearly": 3200
        },
        "20024": {
            "year_quarter": 20024,
            "year": 2002,
            "quarter": 4,
            "eps": -0.13,
            "eps_growth_year": null,
            "eps_4q": -0.01,
            "eps_4q_growth_year": -101.22,
            "roe": -1.11,
            "roe_4q": -0.11000000000000004,
            "gross_profit": 7930,
            "gross_margin": 7.29,
            "gross_margin_4q_avg": 11.82,
            "net_income": -5010,
            "net_income_4q": null,
            "revenue": 108844,
            "revenue_4q": null,
            "common_shares": 398000,
            "book_valuer_per_share": 11.06,
            "book_valuer_per_share_4q_avg": 11.87,
            "equity": 440173,
            "current_ratio": 168.62,
            "debt_ratio": 41.18,
            "inventory_turnover_ratio": 1.4,
            "account_receivable_turnover_ratio": null,
            "reinvestment_rate": null,
            "research_to_sale_ratio": null,
            "price_fair": 25.2,
            "eps_avg_yearly": 0.72,
            "eps_latest_yearly": 0.72,
            "eps_growth_yearly": 3200
        },
        "20031": {
            "year_quarter": 20031,
            "year": 2003,
            "quarter": 1,
            "eps": -0.41,
            "eps_growth_year": -2150,
            "eps_4q": -0.44,
            "eps_4q_growth_year": -211.84,
            "roe": -3.61,
            "roe_4q": -3.91,
            "gross_profit": 3480,
            "gross_margin": 3.27,
            "gross_margin_4q_avg": 10.86,
            "net_income": -15601,
            "net_income_4q": null,
            "revenue": 106396,
            "revenue_4q": null,
            "common_shares": 398000,
            "book_valuer_per_share": 10.68,
            "book_valuer_per_share_4q_avg": 11.44,
            "equity": 424883,
            "current_ratio": 114.63,
            "debt_ratio": 45.22,
            "inventory_turnover_ratio": 1.44,
            "account_receivable_turnover_ratio": null,
            "reinvestment_rate": null,
            "research_to_sale_ratio": null,
            "price_fair": 25.2,
            "eps_avg_yearly": 0.72,
            "eps_latest_yearly": 0.72,
            "eps_growth_yearly": 3200
        },
        "20032": {
            "year_quarter": 20032,
            "year": 2003,
            "quarter": 2,
            "eps": 0.01,
            "eps_growth_year": -94.44,
            "eps_4q": -0.59,
            "eps_4q_growth_year": -258.72,
            "roe": 0.07,
            "roe_4q": -5.3100000000000005,
            "gross_profit": 23238,
            "gross_margin": 16.33,
            "gross_margin_4q_avg": 10.5,
            "net_income": 315,
            "net_income_4q": null,
            "revenue": 142305,
            "revenue_4q": null,
            "common_shares": 398000,
            "book_valuer_per_share": 10.71,
            "book_valuer_per_share_4q_avg": 11,
            "equity": 426313,
            "current_ratio": 119.42,
            "debt_ratio": 46.79,
            "inventory_turnover_ratio": 1.59,
            "account_receivable_turnover_ratio": null,
            "reinvestment_rate": null,
            "research_to_sale_ratio": null,
            "price_fair": 25.2,
            "eps_avg_yearly": 0.72,
            "eps_latest_yearly": 0.72,
            "eps_growth_yearly": 3200
        },
        "20033": {
            "year_quarter": 20033,
            "year": 2003,
            "quarter": 3,
            "eps": -0.16,
            "eps_growth_year": null,
            "eps_4q": -0.66,
            "eps_4q_growth_year": -995.23,
            "roe": -1.4,
            "roe_4q": -6.05,
            "gross_profit": 3291,
            "gross_margin": 2.69,
            "gross_margin_4q_avg": 7.4,
            "net_income": -5943,
            "net_income_4q": null,
            "revenue": 122281,
            "revenue_4q": null,
            "common_shares": 398000,
            "book_valuer_per_share": 10.56,
            "book_valuer_per_share_4q_avg": 10.75,
            "equity": 420370,
            "current_ratio": 119.8,
            "debt_ratio": 47.45,
            "inventory_turnover_ratio": 1.51,
            "account_receivable_turnover_ratio": null,
            "reinvestment_rate": null,
            "research_to_sale_ratio": null,
            "price_fair": 25.2,
            "eps_avg_yearly": 0.72,
            "eps_latest_yearly": 0.72,
            "eps_growth_yearly": 3200
        },
        "20034": {
            "year_quarter": 20034,
            "year": 2003,
            "quarter": 4,
            "eps": -0.23,
            "eps_growth_year": null,
            "eps_4q": -0.72,
            "eps_4q_growth_year": null,
            "roe": -2.08,
            "roe_4q": -7.02,
            "gross_profit": 19862,
            "gross_margin": 18.68,
            "gross_margin_4q_avg": 10.24,
            "net_income": -8690,
            "net_income_4q": null,
            "revenue": 106301,
            "revenue_4q": null,
            "common_shares": 398000,
            "book_valuer_per_share": 10.39,
            "book_valuer_per_share_4q_avg": 10.59,
            "equity": 413460,
            "current_ratio": 56.69,
            "debt_ratio": 63.93,
            "inventory_turnover_ratio": 0.89,
            "account_receivable_turnover_ratio": null,
            "reinvestment_rate": 1203.12,
            "research_to_sale_ratio": null,
            "price_fair": 25.2,
            "eps_avg_yearly": 0.72,
            "eps_latest_yearly": 0.72,
            "eps_growth_yearly": 3200
        },
        "20041": {
            "year_quarter": 20041,
            "year": 2004,
            "quarter": 1,
            "eps": -0.5,
            "eps_growth_year": null,
            "eps_4q": -0.88,
            "eps_4q_growth_year": null,
            "roe": -4.69,
            "roe_4q": -8.1,
            "gross_profit": 7222,
            "gross_margin": 6.43,
            "gross_margin_4q_avg": 11.03,
            "net_income": -18858,
            "net_income_4q": null,
            "revenue": 112345,
            "revenue_4q": null,
            "common_shares": 398000,
            "book_valuer_per_share": 9.82,
            "book_valuer_per_share_4q_avg": 10.37,
            "equity": 390781,
            "current_ratio": 118.76,
            "debt_ratio": 50.08,
            "inventory_turnover_ratio": 0.89,
            "account_receivable_turnover_ratio": null,
            "reinvestment_rate": 5822.88,
            "research_to_sale_ratio": null,
            "price_fair": 25.2,
            "eps_avg_yearly": 0.72,
            "eps_latest_yearly": 0.72,
            "eps_growth_yearly": 3200
        },
        "20042": {
            "year_quarter": 20042,
            "year": 2004,
            "quarter": 2,
            "eps": -0.42,
            "eps_growth_year": -4300,
            "eps_4q": -1.24,
            "eps_4q_growth_year": null,
            "roe": -4.1,
            "roe_4q": -12.27,
            "gross_profit": 25672,
            "gross_margin": 13.98,
            "gross_margin_4q_avg": 10.45,
            "net_income": -15904,
            "net_income_4q": null,
            "revenue": 183608,
            "revenue_4q": null,
            "common_shares": 398000,
            "book_valuer_per_share": 9.66,
            "book_valuer_per_share_4q_avg": 10.11,
            "equity": 384358,
            "current_ratio": 121.91,
            "debt_ratio": 51.01,
            "inventory_turnover_ratio": 1.44,
            "account_receivable_turnover_ratio": null,
            "reinvestment_rate": null,
            "research_to_sale_ratio": null,
            "price_fair": 25.2,
            "eps_avg_yearly": 0.72,
            "eps_latest_yearly": 0.72,
            "eps_growth_yearly": 3200
        },
        "20043": {
            "year_quarter": 20043,
            "year": 2004,
            "quarter": 3,
            "eps": -0.26,
            "eps_growth_year": null,
            "eps_4q": -1.34,
            "eps_4q_growth_year": null,
            "roe": -2.55,
            "roe_4q": -13.42,
            "gross_profit": 16883,
            "gross_margin": 17.08,
            "gross_margin_4q_avg": 14.04,
            "net_income": -9704,
            "net_income_4q": null,
            "revenue": 98828,
            "revenue_4q": null,
            "common_shares": 398000,
            "book_valuer_per_share": 9.43,
            "book_valuer_per_share_4q_avg": 9.83,
            "equity": 375479,
            "current_ratio": 111.63,
            "debt_ratio": 53.2,
            "inventory_turnover_ratio": 0.67,
            "account_receivable_turnover_ratio": null,
            "reinvestment_rate": null,
            "research_to_sale_ratio": null,
            "price_fair": 25.2,
            "eps_avg_yearly": 0.72,
            "eps_latest_yearly": 0.72,
            "eps_growth_yearly": 3200
        },
        "20044": {
            "year_quarter": 20044,
            "year": 2004,
            "quarter": 4,
            "eps": -0.3,
            "eps_growth_year": null,
            "eps_4q": -0.99,
            "eps_4q_growth_year": null,
            "roe": -2.78,
            "roe_4q": -14.120000000000001,
            "gross_profit": 17035,
            "gross_margin": 12.93,
            "gross_margin_4q_avg": 12.61,
            "net_income": -11202,
            "net_income_4q": null,
            "revenue": 131724,
            "revenue_4q": null,
            "common_shares": 398000,
            "book_valuer_per_share": 9.17,
            "book_valuer_per_share_4q_avg": 9.52,
            "equity": 430771,
            "current_ratio": 74.33,
            "debt_ratio": 60.62,
            "inventory_turnover_ratio": 0.76,
            "account_receivable_turnover_ratio": null,
            "reinvestment_rate": null,
            "research_to_sale_ratio": null,
            "price_fair": 25.2,
            "eps_avg_yearly": 0.72,
            "eps_latest_yearly": 0.72,
            "eps_growth_yearly": 3200
        },
        "20051": {
            "year_quarter": 20051,
            "year": 2005,
            "quarter": 1,
            "eps": -1.07,
            "eps_growth_year": null,
            "eps_4q": -2.04,
            "eps_4q_growth_year": null,
            "roe": -10.71,
            "roe_4q": -20.14,
            "gross_profit": 5222,
            "gross_margin": 5.12,
            "gross_margin_4q_avg": 12.28,
            "net_income": -40609,
            "net_income_4q": null,
            "revenue": 101964,
            "revenue_4q": null,
            "common_shares": 398000,
            "book_valuer_per_share": 8.23,
            "book_valuer_per_share_4q_avg": 9.12,
            "equity": 327456,
            "current_ratio": 104.63,
            "debt_ratio": 55.54,
            "inventory_turnover_ratio": 0.64,
            "account_receivable_turnover_ratio": null,
            "reinvestment_rate": null,
            "research_to_sale_ratio": null,
            "price_fair": 25.2,
            "eps_avg_yearly": 0.72,
            "eps_latest_yearly": 0.72,
            "eps_growth_yearly": 3200
        },
        "20052": {
            "year_quarter": 20052,
            "year": 2005,
            "quarter": 2,
            "eps": -0.26,
            "eps_growth_year": null,
            "eps_4q": -1.79,
            "eps_4q_growth_year": null,
            "roe": -3.03,
            "roe_4q": -19.07,
            "gross_profit": 19619,
            "gross_margin": 11.99,
            "gross_margin_4q_avg": 11.78,
            "net_income": -9786,
            "net_income_4q": null,
            "revenue": 163565,
            "revenue_4q": null,
            "common_shares": 398000,
            "book_valuer_per_share": 7.99,
            "book_valuer_per_share_4q_avg": 8.71,
            "equity": 317838,
            "current_ratio": 106.7,
            "debt_ratio": 56.51,
            "inventory_turnover_ratio": 1.12,
            "account_receivable_turnover_ratio": null,
            "reinvestment_rate": null,
            "research_to_sale_ratio": null,
            "price_fair": 25.2,
            "eps_avg_yearly": 0.72,
            "eps_latest_yearly": 0.72,
            "eps_growth_yearly": 3200
        },
        "20053": {
            "year_quarter": 20053,
            "year": 2005,
            "quarter": 3,
            "eps": -0.04,
            "eps_growth_year": null,
            "eps_4q": -1.59,
            "eps_4q_growth_year": null,
            "roe": -0.47,
            "roe_4q": -16.990000000000002,
            "gross_profit": 15786,
            "gross_margin": 11.71,
            "gross_margin_4q_avg": 10.44,
            "net_income": -1518,
            "net_income_4q": null,
            "revenue": 134755,
            "revenue_4q": null,
            "common_shares": 398000,
            "book_valuer_per_share": 8.1,
            "book_valuer_per_share_4q_avg": 8.37,
            "equity": 322508,
            "current_ratio": 111.96,
            "debt_ratio": 56.09,
            "inventory_turnover_ratio": 1.14,
            "account_receivable_turnover_ratio": null,
            "reinvestment_rate": null,
            "research_to_sale_ratio": null,
            "price_fair": 25.2,
            "eps_avg_yearly": 0.72,
            "eps_latest_yearly": 0.72,
            "eps_growth_yearly": 3200
        },
        "20054": {
            "year_quarter": 20054,
            "year": 2005,
            "quarter": 4,
            "eps": -0.29,
            "eps_growth_year": null,
            "eps_4q": -1.04,
            "eps_4q_growth_year": null,
            "roe": -3.13,
            "roe_4q": -17.34,
            "gross_profit": 20632,
            "gross_margin": 15.66,
            "gross_margin_4q_avg": 11.12,
            "net_income": -10950,
            "net_income_4q": null,
            "revenue": 131744,
            "revenue_4q": null,
            "common_shares": 378000,
            "book_valuer_per_share": 8.42,
            "book_valuer_per_share_4q_avg": 8.19,
            "equity": 377329,
            "current_ratio": 67.1,
            "debt_ratio": 66.59,
            "inventory_turnover_ratio": 0.87,
            "account_receivable_turnover_ratio": null,
            "reinvestment_rate": null,
            "research_to_sale_ratio": null,
            "price_fair": 25.2,
            "eps_avg_yearly": 0.72,
            "eps_latest_yearly": 0.72,
            "eps_growth_yearly": 3200
        },
        "20061": {
            "year_quarter": 20061,
            "year": 2006,
            "quarter": 1,
            "eps": -0.61,
            "eps_growth_year": null,
            "eps_4q": -1.19,
            "eps_4q_growth_year": null,
            "roe": -6.94,
            "roe_4q": -13.57,
            "gross_profit": 19210,
            "gross_margin": 15.02,
            "gross_margin_4q_avg": 13.6,
            "net_income": -23247,
            "net_income_4q": null,
            "revenue": 127900,
            "revenue_4q": null,
            "common_shares": 378000,
            "book_valuer_per_share": 7.75,
            "book_valuer_per_share_4q_avg": 8.07,
            "equity": 292913,
            "current_ratio": 117.36,
            "debt_ratio": 56.67,
            "inventory_turnover_ratio": 0.86,
            "account_receivable_turnover_ratio": null,
            "reinvestment_rate": null,
            "research_to_sale_ratio": null,
            "price_fair": 25.2,
            "eps_avg_yearly": 0.72,
            "eps_latest_yearly": 0.72,
            "eps_growth_yearly": 3200
        },
        "20062": {
            "year_quarter": 20062,
            "year": 2006,
            "quarter": 2,
            "eps": 0.11,
            "eps_growth_year": null,
            "eps_4q": -0.84,
            "eps_4q_growth_year": null,
            "roe": 1.4,
            "roe_4q": -9.140000000000002,
            "gross_profit": 25939,
            "gross_margin": 15.53,
            "gross_margin_4q_avg": 14.48,
            "net_income": 4123,
            "net_income_4q": null,
            "revenue": 167020,
            "revenue_4q": null,
            "common_shares": 378000,
            "book_valuer_per_share": 7.87,
            "book_valuer_per_share_4q_avg": 8.04,
            "equity": 297386,
            "current_ratio": 117.74,
            "debt_ratio": 58.49,
            "inventory_turnover_ratio": 1.32,
            "account_receivable_turnover_ratio": null,
            "reinvestment_rate": null,
            "research_to_sale_ratio": null,
            "price_fair": 0,
            "eps_avg_yearly": 0,
            "eps_latest_yearly": 0,
            "eps_growth_yearly": 0
        },
        "20063": {
            "year_quarter": 20063,
            "year": 2006,
            "quarter": 3,
            "eps": 0.09,
            "eps_growth_year": null,
            "eps_4q": -0.69,
            "eps_4q_growth_year": null,
            "roe": 1.16,
            "roe_4q": -7.510000000000001,
            "gross_profit": 18373,
            "gross_margin": 14.62,
            "gross_margin_4q_avg": 15.21,
            "net_income": 3471,
            "net_income_4q": null,
            "revenue": 125710,
            "revenue_4q": null,
            "common_shares": 378000,
            "book_valuer_per_share": 8.02,
            "book_valuer_per_share_4q_avg": 8.02,
            "equity": 303159,
            "current_ratio": 121.49,
            "debt_ratio": 55.68,
            "inventory_turnover_ratio": 0.94,
            "account_receivable_turnover_ratio": null,
            "reinvestment_rate": null,
            "research_to_sale_ratio": null,
            "price_fair": 1.08,
            "eps_avg_yearly": 0.36,
            "eps_latest_yearly": 0.36,
            "eps_growth_yearly": -72.73
        },
        "20064": {
            "year_quarter": 20064,
            "year": 2006,
            "quarter": 4,
            "eps": -0.31,
            "eps_growth_year": null,
            "eps_4q": -0.44,
            "eps_4q_growth_year": null,
            "roe": -3.7,
            "roe_4q": -8.08,
            "gross_profit": 13737,
            "gross_margin": 10.25,
            "gross_margin_4q_avg": 13.86,
            "net_income": -11832,
            "net_income_4q": null,
            "revenue": 134058,
            "revenue_4q": null,
            "common_shares": 378000,
            "book_valuer_per_share": 7.8,
            "book_valuer_per_share_4q_avg": 7.86,
            "equity": 336835,
            "current_ratio": 67.22,
            "debt_ratio": 67.63,
            "inventory_turnover_ratio": 0.89,
            "account_receivable_turnover_ratio": null,
            "reinvestment_rate": null,
            "research_to_sale_ratio": null,
            "price_fair": 1.08,
            "eps_avg_yearly": 0.36,
            "eps_latest_yearly": 0.36,
            "eps_growth_yearly": -72.73
        },
        "20071": {
            "year_quarter": 20071,
            "year": 2007,
            "quarter": 1,
            "eps": -0.61,
            "eps_growth_year": null,
            "eps_4q": -0.72,
            "eps_4q_growth_year": null,
            "roe": -7.57,
            "roe_4q": -8.709999999999999,
            "gross_profit": 5206,
            "gross_margin": 3.85,
            "gross_margin_4q_avg": 11.06,
            "net_income": -23037,
            "net_income_4q": null,
            "revenue": 135139,
            "revenue_4q": null,
            "common_shares": 378000,
            "book_valuer_per_share": 7.18,
            "book_valuer_per_share_4q_avg": 7.72,
            "equity": 271502,
            "current_ratio": 113.67,
            "debt_ratio": 58.93,
            "inventory_turnover_ratio": 1.02,
            "account_receivable_turnover_ratio": null,
            "reinvestment_rate": null,
            "research_to_sale_ratio": null,
            "price_fair": 1.08,
            "eps_avg_yearly": 0.36,
            "eps_latest_yearly": 0.36,
            "eps_growth_yearly": -72.73
        },
        "20072": {
            "year_quarter": 20072,
            "year": 2007,
            "quarter": 2,
            "eps": 0.38,
            "eps_growth_year": 245.45,
            "eps_4q": -0.44,
            "eps_4q_growth_year": null,
            "roe": 4.84,
            "roe_4q": -5.2700000000000005,
            "gross_profit": 27351,
            "gross_margin": 16.09,
            "gross_margin_4q_avg": 11.2,
            "net_income": 14495,
            "net_income_4q": null,
            "revenue": 169945,
            "revenue_4q": null,
            "common_shares": 378000,
            "book_valuer_per_share": 8.67,
            "book_valuer_per_share_4q_avg": 7.92,
            "equity": 327905,
            "current_ratio": 121.14,
            "debt_ratio": 56.68,
            "inventory_turnover_ratio": 1.5,
            "account_receivable_turnover_ratio": null,
            "reinvestment_rate": null,
            "research_to_sale_ratio": null,
            "price_fair": 1.08,
            "eps_avg_yearly": 0.36,
            "eps_latest_yearly": 0.36,
            "eps_growth_yearly": -72.73
        },
        "20073": {
            "year_quarter": 20073,
            "year": 2007,
            "quarter": 3,
            "eps": -0.12,
            "eps_growth_year": -233.33,
            "eps_4q": -0.66,
            "eps_4q_growth_year": null,
            "roe": -1.36,
            "roe_4q": -7.790000000000001,
            "gross_profit": 16241,
            "gross_margin": 11.81,
            "gross_margin_4q_avg": 10.5,
            "net_income": -4432,
            "net_income_4q": null,
            "revenue": 137574,
            "revenue_4q": null,
            "common_shares": 378000,
            "book_valuer_per_share": 8.54,
            "book_valuer_per_share_4q_avg": 8.05,
            "equity": 322721,
            "current_ratio": 124.43,
            "debt_ratio": 54.7,
            "inventory_turnover_ratio": 1.3,
            "account_receivable_turnover_ratio": null,
            "reinvestment_rate": null,
            "research_to_sale_ratio": null,
            "price_fair": 1.08,
            "eps_avg_yearly": 0.36,
            "eps_latest_yearly": 0.36,
            "eps_growth_yearly": -72.73
        },
        "20074": {
            "year_quarter": 20074,
            "year": 2007,
            "quarter": 4,
            "eps": -0.35,
            "eps_growth_year": null,
            "eps_4q": -0.44,
            "eps_4q_growth_year": null,
            "roe": -3.94,
            "roe_4q": -8.030000000000001,
            "gross_profit": 15865,
            "gross_margin": 11.27,
            "gross_margin_4q_avg": 10.76,
            "net_income": -13074,
            "net_income_4q": null,
            "revenue": 140810,
            "revenue_4q": null,
            "common_shares": 378000,
            "book_valuer_per_share": 8.23,
            "book_valuer_per_share_4q_avg": 8.16,
            "equity": 340944,
            "current_ratio": 71.86,
            "debt_ratio": 68.23,
            "inventory_turnover_ratio": 1.09,
            "account_receivable_turnover_ratio": null,
            "reinvestment_rate": null,
            "research_to_sale_ratio": null,
            "price_fair": 1.08,
            "eps_avg_yearly": 0.36,
            "eps_latest_yearly": 0.36,
            "eps_growth_yearly": -72.73
        },
        "20081": {
            "year_quarter": 20081,
            "year": 2008,
            "quarter": 1,
            "eps": -0.27,
            "eps_growth_year": null,
            "eps_4q": -0.26,
            "eps_4q_growth_year": null,
            "roe": -4.12,
            "roe_4q": -4.58,
            "gross_profit": 25124,
            "gross_margin": 13.42,
            "gross_margin_4q_avg": 13.15,
            "net_income": -13727,
            "net_income_4q": null,
            "revenue": 187233,
            "revenue_4q": null,
            "common_shares": 378000,
            "book_valuer_per_share": 7.91,
            "book_valuer_per_share_4q_avg": 8.34,
            "equity": 325359,
            "current_ratio": 72.95,
            "debt_ratio": 69.81,
            "inventory_turnover_ratio": 1.1,
            "account_receivable_turnover_ratio": null,
            "reinvestment_rate": null,
            "research_to_sale_ratio": null,
            "price_fair": 1.08,
            "eps_avg_yearly": 0.36,
            "eps_latest_yearly": 0.36,
            "eps_growth_yearly": -72.73
        },
        "20082": {
            "year_quarter": 20082,
            "year": 2008,
            "quarter": 2,
            "eps": 0.12,
            "eps_growth_year": -68.42,
            "eps_4q": -0.23,
            "eps_4q_growth_year": null,
            "roe": 3.2,
            "roe_4q": -6.22,
            "gross_profit": 47886,
            "gross_margin": 17.38,
            "gross_margin_4q_avg": 13.47,
            "net_income": 12020,
            "net_income_4q": null,
            "revenue": 275476,
            "revenue_4q": null,
            "common_shares": 488000,
            "book_valuer_per_share": 8.03,
            "book_valuer_per_share_4q_avg": 8.18,
            "equity": 426428,
            "current_ratio": 89.62,
            "debt_ratio": 64.61,
            "inventory_turnover_ratio": 1.48,
            "account_receivable_turnover_ratio": null,
            "reinvestment_rate": null,
            "research_to_sale_ratio": null,
            "price_fair": 1.08,
            "eps_avg_yearly": 0.36,
            "eps_latest_yearly": 0.36,
            "eps_growth_yearly": -72.73
        },
        "20083": {
            "year_quarter": 20083,
            "year": 2008,
            "quarter": 3,
            "eps": 0.24,
            "eps_growth_year": null,
            "eps_4q": -0.17,
            "eps_4q_growth_year": null,
            "roe": 2.87,
            "roe_4q": -1.9899999999999998,
            "gross_profit": 43763,
            "gross_margin": 16.03,
            "gross_margin_4q_avg": 14.53,
            "net_income": 12508,
            "net_income_4q": null,
            "revenue": 273003,
            "revenue_4q": null,
            "common_shares": 488000,
            "book_valuer_per_share": 8.29,
            "book_valuer_per_share_4q_avg": 8.12,
            "equity": 444343,
            "current_ratio": 90.24,
            "debt_ratio": 67.52,
            "inventory_turnover_ratio": 0.89,
            "account_receivable_turnover_ratio": null,
            "reinvestment_rate": null,
            "research_to_sale_ratio": null,
            "price_fair": 23.1,
            "eps_avg_yearly": 0.66,
            "eps_latest_yearly": 0.96,
            "eps_growth_yearly": 163.64
        },
        "20084": {
            "year_quarter": 20084,
            "year": 2008,
            "quarter": 4,
            "eps": 0.04,
            "eps_growth_year": null,
            "eps_4q": 0.05,
            "eps_4q_growth_year": null,
            "roe": -1.13,
            "roe_4q": 0.8200000000000003,
            "gross_profit": 29443,
            "gross_margin": 10.39,
            "gross_margin_4q_avg": 14.31,
            "net_income": -4999,
            "net_income_4q": null,
            "revenue": 283404,
            "revenue_4q": null,
            "common_shares": 488000,
            "book_valuer_per_share": 8.38,
            "book_valuer_per_share_4q_avg": 8.15,
            "equity": 441993,
            "current_ratio": 88.5,
            "debt_ratio": 62.9,
            "inventory_turnover_ratio": 0.78,
            "account_receivable_turnover_ratio": 3.64,
            "reinvestment_rate": null,
            "research_to_sale_ratio": null,
            "price_fair": 1.48,
            "eps_avg_yearly": 0.49,
            "eps_latest_yearly": 0.16,
            "eps_growth_yearly": -2.02
        },
        "20091": {
            "year_quarter": 20091,
            "year": 2009,
            "quarter": 1,
            "eps": -0.28,
            "eps_growth_year": null,
            "eps_4q": 0.06,
            "eps_4q_growth_year": null,
            "roe": -4.85,
            "roe_4q": 0.09000000000000075,
            "gross_profit": 4583,
            "gross_margin": 2.38,
            "gross_margin_4q_avg": 11.55,
            "net_income": -21023,
            "net_income_4q": null,
            "revenue": 192835,
            "revenue_4q": null,
            "common_shares": 488000,
            "book_valuer_per_share": 8.14,
            "book_valuer_per_share_4q_avg": 8.21,
            "equity": 424067,
            "current_ratio": 84.64,
            "debt_ratio": 64.44,
            "inventory_turnover_ratio": 0.68,
            "account_receivable_turnover_ratio": 1.21,
            "reinvestment_rate": null,
            "research_to_sale_ratio": null,
            "price_fair": 1.48,
            "eps_avg_yearly": 0.49,
            "eps_latest_yearly": 0.16,
            "eps_growth_yearly": -2.02
        },
        "20092": {
            "year_quarter": 20092,
            "year": 2009,
            "quarter": 2,
            "eps": 0.59,
            "eps_growth_year": 391.67,
            "eps_4q": 0.25,
            "eps_4q_growth_year": null,
            "roe": 13.88,
            "roe_4q": 10.770000000000001,
            "gross_profit": 59205,
            "gross_margin": 20.54,
            "gross_margin_4q_avg": 12.34,
            "net_income": 62942,
            "net_income_4q": null,
            "revenue": 288194,
            "revenue_4q": null,
            "common_shares": 488000,
            "book_valuer_per_share": 8.67,
            "book_valuer_per_share_4q_avg": 8.37,
            "equity": 482564,
            "current_ratio": 98.31,
            "debt_ratio": 62.44,
            "inventory_turnover_ratio": 0.86,
            "account_receivable_turnover_ratio": 1.45,
            "reinvestment_rate": null,
            "research_to_sale_ratio": null,
            "price_fair": 1.48,
            "eps_avg_yearly": 0.49,
            "eps_latest_yearly": 0.16,
            "eps_growth_yearly": -2.02
        },
        "20093": {
            "year_quarter": 20093,
            "year": 2009,
            "quarter": 3,
            "eps": 0.08,
            "eps_growth_year": -66.67,
            "eps_4q": 0.95,
            "eps_4q_growth_year": null,
            "roe": 0.37,
            "roe_4q": 8.27,
            "gross_profit": 32602,
            "gross_margin": 11.07,
            "gross_margin_4q_avg": 11.1,
            "net_income": 1750,
            "net_income_4q": null,
            "revenue": 294559,
            "revenue_4q": null,
            "common_shares": 488000,
            "book_valuer_per_share": 8.71,
            "book_valuer_per_share_4q_avg": 8.48,
            "equity": 467867,
            "current_ratio": 100.97,
            "debt_ratio": 61.45,
            "inventory_turnover_ratio": 1.17,
            "account_receivable_turnover_ratio": 1.31,
            "reinvestment_rate": null,
            "research_to_sale_ratio": null,
            "price_fair": 1.35,
            "eps_avg_yearly": 0.45,
            "eps_latest_yearly": 0.32,
            "eps_growth_yearly": -87.96
        },
        "20094": {
            "year_quarter": 20094,
            "year": 2009,
            "quarter": 4,
            "eps": -0.08,
            "eps_growth_year": -300,
            "eps_4q": 0.3,
            "eps_4q_growth_year": 514.31,
            "roe": -1.2,
            "roe_4q": 8.200000000000001,
            "gross_profit": 39053,
            "gross_margin": 12.8,
            "gross_margin_4q_avg": 11.7,
            "net_income": -5574,
            "net_income_4q": null,
            "revenue": 305159,
            "revenue_4q": null,
            "common_shares": 488000,
            "book_valuer_per_share": 8.62,
            "book_valuer_per_share_4q_avg": 8.54,
            "equity": 461857,
            "current_ratio": 100.97,
            "debt_ratio": 60.12,
            "inventory_turnover_ratio": 1.6,
            "account_receivable_turnover_ratio": 3.26,
            "reinvestment_rate": null,
            "research_to_sale_ratio": null,
            "price_fair": 1.35,
            "eps_avg_yearly": 0.45,
            "eps_latest_yearly": 0.32,
            "eps_growth_yearly": -87.96
        },
        "20101": {
            "year_quarter": 20101,
            "year": 2010,
            "quarter": 1,
            "eps": 0.05,
            "eps_growth_year": null,
            "eps_4q": 0.63,
            "eps_4q_growth_year": 962.7,
            "roe": 0.45,
            "roe_4q": 13.5,
            "gross_profit": 32571,
            "gross_margin": 14.04,
            "gross_margin_4q_avg": 14.61,
            "net_income": 2082,
            "net_income_4q": null,
            "revenue": 232026,
            "revenue_4q": null,
            "common_shares": 488000,
            "book_valuer_per_share": 8.63,
            "book_valuer_per_share_4q_avg": 8.66,
            "equity": 461792,
            "current_ratio": 101.38,
            "debt_ratio": 60.62,
            "inventory_turnover_ratio": 1.26,
            "account_receivable_turnover_ratio": 1.21,
            "reinvestment_rate": null,
            "research_to_sale_ratio": null,
            "price_fair": 1.35,
            "eps_avg_yearly": 0.45,
            "eps_latest_yearly": 0.32,
            "eps_growth_yearly": -87.96
        },
        "20102": {
            "year_quarter": 20102,
            "year": 2010,
            "quarter": 2,
            "eps": 0.39,
            "eps_growth_year": -34.13,
            "eps_4q": 0.44,
            "eps_4q_growth_year": 73.83,
            "roe": 4.93,
            "roe_4q": 4.55,
            "gross_profit": 60305,
            "gross_margin": 17.18,
            "gross_margin_4q_avg": 13.77,
            "net_income": 23231,
            "net_income_4q": null,
            "revenue": 351082,
            "revenue_4q": null,
            "common_shares": 488000,
            "book_valuer_per_share": 9.04,
            "book_valuer_per_share_4q_avg": 8.75,
            "equity": 480991,
            "current_ratio": 101.16,
            "debt_ratio": 62.03,
            "inventory_turnover_ratio": 1.69,
            "account_receivable_turnover_ratio": 1.44,
            "reinvestment_rate": 7268.49,
            "research_to_sale_ratio": null,
            "price_fair": 23.52,
            "eps_avg_yearly": 0.67,
            "eps_latest_yearly": 1.56,
            "eps_growth_yearly": 473.64
        },
        "20103": {
            "year_quarter": 20103,
            "year": 2010,
            "quarter": 3,
            "eps": 0.19,
            "eps_growth_year": 133.71,
            "eps_4q": 0.55,
            "eps_4q_growth_year": -42.1,
            "roe": 1.2,
            "roe_4q": 5.38,
            "gross_profit": 31483,
            "gross_margin": 12.06,
            "gross_margin_4q_avg": 14.02,
            "net_income": 5776,
            "net_income_4q": null,
            "revenue": 261032,
            "revenue_4q": null,
            "common_shares": 488000,
            "book_valuer_per_share": 9.14,
            "book_valuer_per_share_4q_avg": 8.86,
            "equity": 478056,
            "current_ratio": 100.56,
            "debt_ratio": 61.18,
            "inventory_turnover_ratio": 1.45,
            "account_receivable_turnover_ratio": 1.05,
            "reinvestment_rate": 4203.54,
            "research_to_sale_ratio": null,
            "price_fair": 26.32,
            "eps_avg_yearly": 0.75,
            "eps_latest_yearly": 0.76,
            "eps_growth_yearly": 447.16
        },
        "20104": {
            "year_quarter": 20104,
            "year": 2010,
            "quarter": 4,
            "eps": -0.3,
            "eps_growth_year": null,
            "eps_4q": 0.33,
            "eps_4q_growth_year": 7.68,
            "roe": -3.61,
            "roe_4q": 2.9699999999999998,
            "gross_profit": 28346,
            "gross_margin": 12.08,
            "gross_margin_4q_avg": 13.84,
            "net_income": -16691,
            "net_income_4q": null,
            "revenue": 234602,
            "revenue_4q": null,
            "common_shares": 488000,
            "book_valuer_per_share": 8.62,
            "book_valuer_per_share_4q_avg": 8.86,
            "equity": 446878,
            "current_ratio": 93.64,
            "debt_ratio": 63,
            "inventory_turnover_ratio": 1.4,
            "account_receivable_turnover_ratio": 1.29,
            "reinvestment_rate": 2246.51,
            "research_to_sale_ratio": null,
            "price_fair": 26.32,
            "eps_avg_yearly": 0.75,
            "eps_latest_yearly": 0.76,
            "eps_growth_yearly": 447.16
        },
        "20111": {
            "year_quarter": 20111,
            "year": 2011,
            "quarter": 1,
            "eps": -0.11,
            "eps_growth_year": -320,
            "eps_4q": 0.16,
            "eps_4q_growth_year": -74.26,
            "roe": -1.49,
            "roe_4q": 1.0300000000000002,
            "gross_profit": 24856,
            "gross_margin": 10.06,
            "gross_margin_4q_avg": 12.85,
            "net_income": -6605,
            "net_income_4q": null,
            "revenue": 247003,
            "revenue_4q": null,
            "common_shares": 488000,
            "book_valuer_per_share": 8.52,
            "book_valuer_per_share_4q_avg": 8.83,
            "equity": 440871,
            "current_ratio": 94.61,
            "debt_ratio": 66.14,
            "inventory_turnover_ratio": 1.27,
            "account_receivable_turnover_ratio": 1.23,
            "reinvestment_rate": 1995.77,
            "research_to_sale_ratio": null,
            "price_fair": 26.32,
            "eps_avg_yearly": 0.75,
            "eps_latest_yearly": 0.76,
            "eps_growth_yearly": 447.16
        },
        "20112": {
            "year_quarter": 20112,
            "year": 2011,
            "quarter": 2,
            "eps": -0,
            "eps_growth_year": -100.28,
            "eps_4q": -0.23,
            "eps_4q_growth_year": -151.71,
            "roe": -0.18,
            "roe_4q": -4.079999999999999,
            "gross_profit": 34321,
            "gross_margin": 10.77,
            "gross_margin_4q_avg": 11.24,
            "net_income": -798,
            "net_income_4q": null,
            "revenue": 318806,
            "revenue_4q": null,
            "common_shares": 488000,
            "book_valuer_per_share": 8.45,
            "book_valuer_per_share_4q_avg": 8.68,
            "equity": 436831,
            "current_ratio": 93.88,
            "debt_ratio": 66.07,
            "inventory_turnover_ratio": 1.52,
            "account_receivable_turnover_ratio": 1.3,
            "reinvestment_rate": 3648.79,
            "research_to_sale_ratio": null,
            "price_fair": 26.32,
            "eps_avg_yearly": 0.75,
            "eps_latest_yearly": 0.76,
            "eps_growth_yearly": 447.16
        },
        "20113": {
            "year_quarter": 20113,
            "year": 2011,
            "quarter": 3,
            "eps": 0.16,
            "eps_growth_year": -15.22,
            "eps_4q": -0.25,
            "eps_4q_growth_year": -146.52,
            "roe": 1.4,
            "roe_4q": -3.88,
            "gross_profit": 28992,
            "gross_margin": 14.44,
            "gross_margin_4q_avg": 11.84,
            "net_income": 6150,
            "net_income_4q": null,
            "revenue": 200845,
            "revenue_4q": null,
            "common_shares": 488000,
            "book_valuer_per_share": 8.53,
            "book_valuer_per_share_4q_avg": 8.53,
            "equity": 441000,
            "current_ratio": 89.23,
            "debt_ratio": 62.89,
            "inventory_turnover_ratio": 1,
            "account_receivable_turnover_ratio": 0.93,
            "reinvestment_rate": 1932.74,
            "research_to_sale_ratio": null,
            "price_fair": 26.32,
            "eps_avg_yearly": 0.75,
            "eps_latest_yearly": 0.76,
            "eps_growth_yearly": 447.16
        },
        "20114": {
            "year_quarter": 20114,
            "year": 2011,
            "quarter": 4,
            "eps": -0.23,
            "eps_growth_year": null,
            "eps_4q": -0.18,
            "eps_4q_growth_year": -156.42,
            "roe": -3.78,
            "roe_4q": -4.05,
            "gross_profit": 15743,
            "gross_margin": 7.83,
            "gross_margin_4q_avg": 10.78,
            "net_income": -16513,
            "net_income_4q": null,
            "revenue": 200971,
            "revenue_4q": null,
            "common_shares": 488000,
            "book_valuer_per_share": 8.47,
            "book_valuer_per_share_4q_avg": 8.49,
            "equity": 432949,
            "current_ratio": 85.29,
            "debt_ratio": 65.53,
            "inventory_turnover_ratio": 1.06,
            "account_receivable_turnover_ratio": 1.17,
            "reinvestment_rate": 679.02,
            "research_to_sale_ratio": null,
            "price_fair": 26.32,
            "eps_avg_yearly": 0.75,
            "eps_latest_yearly": 0.76,
            "eps_growth_yearly": 447.16
        },
        "20121": {
            "year_quarter": 20121,
            "year": 2012,
            "quarter": 1,
            "eps": 0.02,
            "eps_growth_year": null,
            "eps_4q": -0.06,
            "eps_4q_growth_year": -134.37,
            "roe": -0.06,
            "roe_4q": -2.62,
            "gross_profit": 36353,
            "gross_margin": 15.25,
            "gross_margin_4q_avg": 12.07,
            "net_income": -252,
            "net_income_4q": null,
            "revenue": 238371,
            "revenue_4q": null,
            "common_shares": 488000,
            "book_valuer_per_share": 8.55,
            "book_valuer_per_share_4q_avg": 8.5,
            "equity": 431330,
            "current_ratio": 86.51,
            "debt_ratio": 67.02,
            "inventory_turnover_ratio": 1.03,
            "account_receivable_turnover_ratio": 1.36,
            "reinvestment_rate": 469.19,
            "research_to_sale_ratio": null,
            "price_fair": 26.32,
            "eps_avg_yearly": 0.75,
            "eps_latest_yearly": 0.76,
            "eps_growth_yearly": 447.16
        },
        "20122": {
            "year_quarter": 20122,
            "year": 2012,
            "quarter": 2,
            "eps": 0.27,
            "eps_growth_year": null,
            "eps_4q": 0.21,
            "eps_4q_growth_year": null,
            "roe": 2.96,
            "roe_4q": 0.52,
            "gross_profit": 50589,
            "gross_margin": 15.74,
            "gross_margin_4q_avg": 13.32,
            "net_income": 12885,
            "net_income_4q": null,
            "revenue": 321308,
            "revenue_4q": null,
            "common_shares": 488000,
            "book_valuer_per_share": 8.75,
            "book_valuer_per_share_4q_avg": 8.58,
            "equity": 440528,
            "current_ratio": 87.62,
            "debt_ratio": 67.2,
            "inventory_turnover_ratio": 1.36,
            "account_receivable_turnover_ratio": 1.42,
            "reinvestment_rate": 446.53,
            "research_to_sale_ratio": null,
            "price_fair": 28.23,
            "eps_avg_yearly": 0.81,
            "eps_latest_yearly": 1.08,
            "eps_growth_yearly": 1205.96
        },
        "20123": {
            "year_quarter": 20123,
            "year": 2012,
            "quarter": 3,
            "eps": -0.14,
            "eps_growth_year": -186.57,
            "eps_4q": -0.08,
            "eps_4q_growth_year": null,
            "roe": -2.02,
            "roe_4q": -2.9,
            "gross_profit": 29159,
            "gross_margin": 11.36,
            "gross_margin_4q_avg": 12.55,
            "net_income": -8811,
            "net_income_4q": null,
            "revenue": 256600,
            "revenue_4q": null,
            "common_shares": 488000,
            "book_valuer_per_share": 8.6,
            "book_valuer_per_share_4q_avg": 8.59,
            "equity": 431041,
            "current_ratio": 87.2,
            "debt_ratio": 67.02,
            "inventory_turnover_ratio": 1.23,
            "account_receivable_turnover_ratio": 1.01,
            "reinvestment_rate": 637.37,
            "research_to_sale_ratio": null,
            "price_fair": 27.16,
            "eps_avg_yearly": 0.78,
            "eps_latest_yearly": 1.08,
            "eps_growth_yearly": 1367.16
        },
        "20124": {
            "year_quarter": 20124,
            "year": 2012,
            "quarter": 4,
            "eps": 0.02,
            "eps_growth_year": null,
            "eps_4q": 0.17,
            "eps_4q_growth_year": null,
            "roe": 0.03,
            "roe_4q": 0.9099999999999999,
            "gross_profit": 34483,
            "gross_margin": 15,
            "gross_margin_4q_avg": 14.34,
            "net_income": 124,
            "net_income_4q": null,
            "revenue": 229953,
            "revenue_4q": null,
            "common_shares": 488000,
            "book_valuer_per_share": 8.63,
            "book_valuer_per_share_4q_avg": 8.63,
            "equity": 421592,
            "current_ratio": 85.92,
            "debt_ratio": 67.71,
            "inventory_turnover_ratio": 1.01,
            "account_receivable_turnover_ratio": 1.06,
            "reinvestment_rate": 693.9,
            "research_to_sale_ratio": null,
            "price_fair": 32.55,
            "eps_avg_yearly": 0.93,
            "eps_latest_yearly": 1.08,
            "eps_growth_yearly": 1792.28
        },
        "20131": {
            "year_quarter": 20131,
            "year": 2013,
            "quarter": 1,
            "eps": 0.2,
            "eps_growth_year": 900,
            "eps_4q": 0.34,
            "eps_4q_growth_year": null,
            "roe": 2.45,
            "roe_4q": 3.42,
            "gross_profit": 35258,
            "gross_margin": 14.74,
            "gross_margin_4q_avg": 14.21,
            "net_income": 9570,
            "net_income_4q": null,
            "revenue": 239157,
            "revenue_4q": null,
            "common_shares": 488000,
            "book_valuer_per_share": 7.36,
            "book_valuer_per_share_4q_avg": 8.34,
            "equity": 359724,
            "current_ratio": 84.46,
            "debt_ratio": 72.82,
            "inventory_turnover_ratio": 0.92,
            "account_receivable_turnover_ratio": 1.21,
            "reinvestment_rate": -206.76,
            "research_to_sale_ratio": null,
            "price_fair": 31.64,
            "eps_avg_yearly": 0.9,
            "eps_latest_yearly": 0.8,
            "eps_growth_yearly": 2153.82
        },
        "20132": {
            "year_quarter": 20132,
            "year": 2013,
            "quarter": 2,
            "eps": 0.8,
            "eps_growth_year": 198.45,
            "eps_4q": 0.87,
            "eps_4q_growth_year": 309.04,
            "roe": 10.31,
            "roe_4q": 10.770000000000001,
            "gross_profit": 83708,
            "gross_margin": 18.95,
            "gross_margin_4q_avg": 15.01,
            "net_income": 39077,
            "net_income_4q": null,
            "revenue": 441810,
            "revenue_4q": null,
            "common_shares": 488000,
            "book_valuer_per_share": 8.14,
            "book_valuer_per_share_4q_avg": 8.18,
            "equity": 397988,
            "current_ratio": 89.86,
            "debt_ratio": 72.91,
            "inventory_turnover_ratio": 1.57,
            "account_receivable_turnover_ratio": 1.52,
            "reinvestment_rate": -151.26,
            "research_to_sale_ratio": null,
            "price_fair": 45.03,
            "eps_avg_yearly": 1.29,
            "eps_latest_yearly": 3.2,
            "eps_growth_yearly": 1994.85
        },
        "20133": {
            "year_quarter": 20133,
            "year": 2013,
            "quarter": 3,
            "eps": 0.03,
            "eps_growth_year": null,
            "eps_4q": 1.04,
            "eps_4q_growth_year": null,
            "roe": 0.36,
            "roe_4q": 13.15,
            "gross_profit": 38644,
            "gross_margin": 13.98,
            "gross_margin_4q_avg": 15.67,
            "net_income": 1443,
            "net_income_4q": null,
            "revenue": 276424,
            "revenue_4q": null,
            "common_shares": 488000,
            "book_valuer_per_share": 8.24,
            "book_valuer_per_share_4q_avg": 8.09,
            "equity": 401909,
            "current_ratio": 88.23,
            "debt_ratio": 70.6,
            "inventory_turnover_ratio": 1.14,
            "account_receivable_turnover_ratio": 0.84,
            "reinvestment_rate": -142.21,
            "research_to_sale_ratio": null,
            "price_fair": 43.87,
            "eps_avg_yearly": 1.25,
            "eps_latest_yearly": 0.12,
            "eps_growth_yearly": 1988.31
        },
        "20134": {
            "year_quarter": 20134,
            "year": 2013,
            "quarter": 4,
            "eps": -0.19,
            "eps_growth_year": -1296.32,
            "eps_4q": 0.84,
            "eps_4q_growth_year": 401.87,
            "roe": -2.29,
            "roe_4q": 10.830000000000002,
            "gross_profit": 33033,
            "gross_margin": 11.66,
            "gross_margin_4q_avg": 14.83,
            "net_income": -9141,
            "net_income_4q": null,
            "revenue": 283401,
            "revenue_4q": null,
            "common_shares": 488000,
            "book_valuer_per_share": 8.1,
            "book_valuer_per_share_4q_avg": 7.96,
            "equity": 395073,
            "current_ratio": 88.19,
            "debt_ratio": 69.52,
            "inventory_turnover_ratio": 1.15,
            "account_receivable_turnover_ratio": 1.23,
            "reinvestment_rate": -522.24,
            "research_to_sale_ratio": null,
            "price_fair": 43.87,
            "eps_avg_yearly": 1.25,
            "eps_latest_yearly": 0.12,
            "eps_growth_yearly": 1988.31
        },
        "20141": {
            "year_quarter": 20141,
            "year": 2014,
            "quarter": 1,
            "eps": 0.25,
            "eps_growth_year": 25,
            "eps_4q": 0.89,
            "eps_4q_growth_year": 158.9,
            "roe": 2.99,
            "roe_4q": 11.370000000000001,
            "gross_profit": 47078,
            "gross_margin": 14.95,
            "gross_margin_4q_avg": 14.89,
            "net_income": 12066,
            "net_income_4q": null,
            "revenue": 314855,
            "revenue_4q": null,
            "common_shares": 488000,
            "book_valuer_per_share": 8.42,
            "book_valuer_per_share_4q_avg": 8.23,
            "equity": 411074,
            "current_ratio": 89.97,
            "debt_ratio": 70.69,
            "inventory_turnover_ratio": 1.09,
            "account_receivable_turnover_ratio": 1.36,
            "reinvestment_rate": -441.22,
            "research_to_sale_ratio": null,
            "price_fair": 43.87,
            "eps_avg_yearly": 1.25,
            "eps_latest_yearly": 0.12,
            "eps_growth_yearly": 1988.31
        },
        "20142": {
            "year_quarter": 20142,
            "year": 2014,
            "quarter": 2,
            "eps": 0.45,
            "eps_growth_year": -43.75,
            "eps_4q": 0.54,
            "eps_4q_growth_year": -38.48,
            "roe": 5.17,
            "roe_4q": 6.23,
            "gross_profit": 75842,
            "gross_margin": 20.34,
            "gross_margin_4q_avg": 15.23,
            "net_income": 21775,
            "net_income_4q": null,
            "revenue": 372954,
            "revenue_4q": null,
            "common_shares": 488000,
            "book_valuer_per_share": 8.83,
            "book_valuer_per_share_4q_avg": 8.4,
            "equity": 430888,
            "current_ratio": 100.24,
            "debt_ratio": 70.33,
            "inventory_turnover_ratio": 1.24,
            "account_receivable_turnover_ratio": 1.21,
            "reinvestment_rate": -462.99,
            "research_to_sale_ratio": null,
            "price_fair": 45.27,
            "eps_avg_yearly": 1.29,
            "eps_latest_yearly": 1.8,
            "eps_growth_yearly": 1588.31
        },
        "20143": {
            "year_quarter": 20143,
            "year": 2014,
            "quarter": 3,
            "eps": 0.05,
            "eps_growth_year": 66.67,
            "eps_4q": 0.55,
            "eps_4q_growth_year": -46.61,
            "roe": 0.55,
            "roe_4q": 6.420000000000001,
            "gross_profit": 36212,
            "gross_margin": 14.9,
            "gross_margin_4q_avg": 15.46,
            "net_income": 2385,
            "net_income_4q": null,
            "revenue": 243009,
            "revenue_4q": null,
            "common_shares": 488000,
            "book_valuer_per_share": 8.82,
            "book_valuer_per_share_4q_avg": 8.54,
            "equity": 430524,
            "current_ratio": 98.32,
            "debt_ratio": 68.13,
            "inventory_turnover_ratio": 0.99,
            "account_receivable_turnover_ratio": 0.85,
            "reinvestment_rate": -484.03,
            "research_to_sale_ratio": null,
            "price_fair": 42,
            "eps_avg_yearly": 1.2,
            "eps_latest_yearly": 0.2,
            "eps_growth_yearly": 1563.24
        },
        "20144": {
            "year_quarter": 20144,
            "year": 2014,
            "quarter": 4,
            "eps": 0.03,
            "eps_growth_year": null,
            "eps_4q": 0.77,
            "eps_4q_growth_year": -7.22,
            "roe": 0.37,
            "roe_4q": 9.08,
            "gross_profit": 22607,
            "gross_margin": 12.33,
            "gross_margin_4q_avg": 15.63,
            "net_income": 1593,
            "net_income_4q": null,
            "revenue": 183377,
            "revenue_4q": null,
            "common_shares": 488000,
            "book_valuer_per_share": 9.02,
            "book_valuer_per_share_4q_avg": 8.77,
            "equity": 440385,
            "current_ratio": 97.15,
            "debt_ratio": 67.11,
            "inventory_turnover_ratio": 0.76,
            "account_receivable_turnover_ratio": 0.85,
            "reinvestment_rate": -379.85,
            "research_to_sale_ratio": null,
            "price_fair": 36.6,
            "eps_avg_yearly": 1.05,
            "eps_latest_yearly": 0.12,
            "eps_growth_yearly": 1317.06
        },
        "20151": {
            "year_quarter": 20151,
            "year": 2015,
            "quarter": 1,
            "eps": 0.05,
            "eps_growth_year": -80,
            "eps_4q": 0.58,
            "eps_4q_growth_year": -34.58,
            "roe": 0.58,
            "roe_4q": 6.67,
            "gross_profit": 44246,
            "gross_margin": 15.35,
            "gross_margin_4q_avg": 15.73,
            "net_income": 2551,
            "net_income_4q": null,
            "revenue": 288169,
            "revenue_4q": null,
            "common_shares": 488000,
            "book_valuer_per_share": 9.08,
            "book_valuer_per_share_4q_avg": 8.94,
            "equity": 442968,
            "current_ratio": 97.58,
            "debt_ratio": 69.96,
            "inventory_turnover_ratio": 1.03,
            "account_receivable_turnover_ratio": 1.18,
            "reinvestment_rate": -343.01,
            "research_to_sale_ratio": null,
            "price_fair": 32.9,
            "eps_avg_yearly": 0.94,
            "eps_latest_yearly": 0.2,
            "eps_growth_yearly": 1185.76
        },
        "20152": {
            "year_quarter": 20152,
            "year": 2015,
            "quarter": 2,
            "eps": 0.44,
            "eps_growth_year": -2.22,
            "eps_4q": 0.57,
            "eps_4q_growth_year": 6.94,
            "roe": 4.77,
            "roe_4q": 6.27,
            "gross_profit": 82363,
            "gross_margin": 20.49,
            "gross_margin_4q_avg": 15.77,
            "net_income": 21442,
            "net_income_4q": null,
            "revenue": 402029,
            "revenue_4q": null,
            "common_shares": 488000,
            "book_valuer_per_share": 9.33,
            "book_valuer_per_share_4q_avg": 9.06,
            "equity": 455543,
            "current_ratio": 103.37,
            "debt_ratio": 70.08,
            "inventory_turnover_ratio": 1.36,
            "account_receivable_turnover_ratio": 1.15,
            "reinvestment_rate": -266.24,
            "research_to_sale_ratio": null,
            "price_fair": 36.09,
            "eps_avg_yearly": 1.03,
            "eps_latest_yearly": 1.76,
            "eps_growth_yearly": 1400.68
        },
        "20153": {
            "year_quarter": 20153,
            "year": 2015,
            "quarter": 3,
            "eps": 0.33,
            "eps_growth_year": 560,
            "eps_4q": 0.86,
            "eps_4q_growth_year": 54.82,
            "roe": 3.52,
            "roe_4q": 9.239999999999998,
            "gross_profit": 43528,
            "gross_margin": 16.67,
            "gross_margin_4q_avg": 16.21,
            "net_income": 16311,
            "net_income_4q": null,
            "revenue": 261041,
            "revenue_4q": null,
            "common_shares": 488000,
            "book_valuer_per_share": 9.65,
            "book_valuer_per_share_4q_avg": 9.27,
            "equity": 470738,
            "current_ratio": 101.92,
            "debt_ratio": 66.55,
            "inventory_turnover_ratio": 0.99,
            "account_receivable_turnover_ratio": 0.74,
            "reinvestment_rate": -242.66,
            "research_to_sale_ratio": null,
            "price_fair": 37.1,
            "eps_avg_yearly": 1.06,
            "eps_latest_yearly": 1.32,
            "eps_growth_yearly": 1250.61
        },
        "20154": {
            "year_quarter": 20154,
            "year": 2015,
            "quarter": 4,
            "eps": -0.2,
            "eps_growth_year": -713.82,
            "eps_4q": 0.63,
            "eps_4q_growth_year": -19.28,
            "roe": -2.11,
            "roe_4q": 6.76,
            "gross_profit": 18958,
            "gross_margin": 13.39,
            "gross_margin_4q_avg": 16.48,
            "net_income": -9778,
            "net_income_4q": null,
            "revenue": 141543,
            "revenue_4q": null,
            "common_shares": 488000,
            "book_valuer_per_share": 9.32,
            "book_valuer_per_share_4q_avg": 9.35,
            "equity": 454792,
            "current_ratio": 99.81,
            "debt_ratio": 67.4,
            "inventory_turnover_ratio": 0.54,
            "account_receivable_turnover_ratio": 0.55,
            "reinvestment_rate": -244.86,
            "research_to_sale_ratio": null,
            "price_fair": 37.1,
            "eps_avg_yearly": 1.06,
            "eps_latest_yearly": 1.32,
            "eps_growth_yearly": 1250.61
        },
        "20161": {
            "year_quarter": 20161,
            "year": 2016,
            "quarter": 1,
            "eps": 0.22,
            "eps_growth_year": 340,
            "eps_4q": 0.79,
            "eps_4q_growth_year": 36.28,
            "roe": 2.31,
            "roe_4q": 8.49,
            "gross_profit": 59871,
            "gross_margin": 17.87,
            "gross_margin_4q_avg": 17.11,
            "net_income": 10598,
            "net_income_4q": null,
            "revenue": 335048,
            "revenue_4q": null,
            "common_shares": 488000,
            "book_valuer_per_share": 9.47,
            "book_valuer_per_share_4q_avg": 9.44,
            "equity": 462336,
            "current_ratio": 98.82,
            "debt_ratio": 70.45,
            "inventory_turnover_ratio": 1.09,
            "account_receivable_turnover_ratio": 1.2,
            "reinvestment_rate": -218.71,
            "research_to_sale_ratio": null,
            "price_fair": 37.1,
            "eps_avg_yearly": 1.06,
            "eps_latest_yearly": 1.32,
            "eps_growth_yearly": 1250.61
        },
        "20162": {
            "year_quarter": 20162,
            "year": 2016,
            "quarter": 2,
            "eps": 0.41,
            "eps_growth_year": -6.82,
            "eps_4q": 0.76,
            "eps_4q_growth_year": 32.62,
            "roe": 4.24,
            "roe_4q": 7.960000000000001,
            "gross_profit": 75695,
            "gross_margin": 20.58,
            "gross_margin_4q_avg": 17.13,
            "net_income": 19963,
            "net_income_4q": null,
            "revenue": 367753,
            "revenue_4q": null,
            "common_shares": 488000,
            "book_valuer_per_share": 9.81,
            "book_valuer_per_share_4q_avg": 9.56,
            "equity": 478578,
            "current_ratio": 100.23,
            "debt_ratio": 70.72,
            "inventory_turnover_ratio": 1.11,
            "account_receivable_turnover_ratio": 0.99,
            "reinvestment_rate": -210.96,
            "research_to_sale_ratio": null,
            "price_fair": 39.06,
            "eps_avg_yearly": 1.12,
            "eps_latest_yearly": 1.64,
            "eps_growth_yearly": 785.16
        },
        "20163": {
            "year_quarter": 20163,
            "year": 2016,
            "quarter": 3,
            "eps": -0.13,
            "eps_growth_year": -139.39,
            "eps_4q": 0.29,
            "eps_4q_growth_year": -65.75,
            "roe": -1.35,
            "roe_4q": 3.0900000000000003,
            "gross_profit": 42116,
            "gross_margin": 16.14,
            "gross_margin_4q_avg": 17,
            "net_income": -6432,
            "net_income_4q": null,
            "revenue": 260936,
            "revenue_4q": null,
            "common_shares": 488000,
            "book_valuer_per_share": 9.66,
            "book_valuer_per_share_4q_avg": 9.57,
            "equity": 471246,
            "current_ratio": 100.01,
            "debt_ratio": 70.22,
            "inventory_turnover_ratio": 0.92,
            "account_receivable_turnover_ratio": 0.76,
            "reinvestment_rate": -193.01,
            "research_to_sale_ratio": null,
            "price_fair": 39.06,
            "eps_avg_yearly": 1.12,
            "eps_latest_yearly": 1.64,
            "eps_growth_yearly": 785.16
        },
        "20164": {
            "year_quarter": 20164,
            "year": 2016,
            "quarter": 4,
            "eps": -0.3,
            "eps_growth_year": null,
            "eps_4q": 0.19,
            "eps_4q_growth_year": -69.57,
            "roe": -3.21,
            "roe_4q": 1.9899999999999998,
            "gross_profit": 16707,
            "gross_margin": 9.37,
            "gross_margin_4q_avg": 15.99,
            "net_income": -14841,
            "net_income_4q": null,
            "revenue": 178390,
            "revenue_4q": null,
            "common_shares": 488000,
            "book_valuer_per_share": 9.3,
            "book_valuer_per_share_4q_avg": 9.56,
            "equity": 454042,
            "current_ratio": 98.15,
            "debt_ratio": 67,
            "inventory_turnover_ratio": 0.72,
            "account_receivable_turnover_ratio": 0.74,
            "reinvestment_rate": -254.46,
            "research_to_sale_ratio": null,
            "price_fair": 39.06,
            "eps_avg_yearly": 1.12,
            "eps_latest_yearly": 1.64,
            "eps_growth_yearly": 785.16
        },
        "20171": {
            "year_quarter": 20171,
            "year": 2017,
            "quarter": 1,
            "eps": -0.47,
            "eps_growth_year": -313.64,
            "eps_4q": -0.5,
            "eps_4q_growth_year": -162.94,
            "roe": -5.21,
            "roe_4q": -5.529999999999999,
            "gross_profit": 27299,
            "gross_margin": 10.34,
            "gross_margin_4q_avg": 14.11,
            "net_income": -22968,
            "net_income_4q": null,
            "revenue": 264024,
            "revenue_4q": null,
            "common_shares": 488000,
            "book_valuer_per_share": 8.75,
            "book_valuer_per_share_4q_avg": 9.38,
            "equity": 427137,
            "current_ratio": 96.58,
            "debt_ratio": 71.22,
            "inventory_turnover_ratio": 1.02,
            "account_receivable_turnover_ratio": 1.13,
            "reinvestment_rate": -14.37,
            "research_to_sale_ratio": null,
            "price_fair": 40.29,
            "eps_avg_yearly": 1.15,
            "eps_latest_yearly": 1.64,
            "eps_growth_yearly": 472.4
        },
        "20172": {
            "year_quarter": 20172,
            "year": 2017,
            "quarter": 2,
            "eps": 0.15,
            "eps_growth_year": -63.41,
            "eps_4q": -0.76,
            "eps_4q_growth_year": -199.77,
            "roe": 1.67,
            "roe_4q": -8.1,
            "gross_profit": 48206,
            "gross_margin": 15.2,
            "gross_margin_4q_avg": 12.76,
            "net_income": 7232,
            "net_income_4q": null,
            "revenue": 317194,
            "revenue_4q": null,
            "common_shares": 488000,
            "book_valuer_per_share": 8.95,
            "book_valuer_per_share_4q_avg": 9.17,
            "equity": 436901,
            "current_ratio": 96.95,
            "debt_ratio": 73.13,
            "inventory_turnover_ratio": 1.2,
            "account_receivable_turnover_ratio": 1.01,
            "reinvestment_rate": -35.26,
            "research_to_sale_ratio": null,
            "price_fair": 31.33,
            "eps_avg_yearly": 0.9,
            "eps_latest_yearly": 1.64,
            "eps_growth_yearly": 381.45
        },
        "20173": {
            "year_quarter": 20173,
            "year": 2017,
            "quarter": 3,
            "eps": -0.32,
            "eps_growth_year": null,
            "eps_4q": -0.94,
            "eps_4q_growth_year": -421.04,
            "roe": -3.6,
            "roe_4q": -10.350000000000001,
            "gross_profit": 16712,
            "gross_margin": 7.89,
            "gross_margin_4q_avg": 10.7,
            "net_income": -15496,
            "net_income_4q": null,
            "revenue": 211907,
            "revenue_4q": null,
            "common_shares": 488000,
            "book_valuer_per_share": 8.67,
            "book_valuer_per_share_4q_avg": 8.92,
            "equity": 423334,
            "current_ratio": 94.62,
            "debt_ratio": 73.56,
            "inventory_turnover_ratio": 0.92,
            "account_receivable_turnover_ratio": 0.67,
            "reinvestment_rate": -49.86,
            "research_to_sale_ratio": null,
            "price_fair": 35.2,
            "eps_avg_yearly": 1.01,
            "eps_latest_yearly": 1.64,
            "eps_growth_yearly": 490.94
        },
        "20174": {
            "year_quarter": 20174,
            "year": 2017,
            "quarter": 4,
            "eps": -0.28,
            "eps_growth_year": null,
            "eps_4q": -0.92,
            "eps_4q_growth_year": -582.96,
            "roe": -3.26,
            "roe_4q": -10.399999999999999,
            "gross_profit": 23089,
            "gross_margin": 10.99,
            "gross_margin_4q_avg": 11.11,
            "net_income": -13625,
            "net_income_4q": null,
            "revenue": 210165,
            "revenue_4q": null,
            "common_shares": 488000,
            "book_valuer_per_share": 8.47,
            "book_valuer_per_share_4q_avg": 8.71,
            "equity": 413352,
            "current_ratio": 93.61,
            "debt_ratio": 74.53,
            "inventory_turnover_ratio": 0.86,
            "account_receivable_turnover_ratio": 0.87,
            "reinvestment_rate": -31.59,
            "research_to_sale_ratio": null,
            "price_fair": 35.2,
            "eps_avg_yearly": 1.01,
            "eps_latest_yearly": 1.64,
            "eps_growth_yearly": 490.94
        },
        "20181": {
            "year_quarter": 20181,
            "year": 2018,
            "quarter": 1,
            "eps": -0.22,
            "eps_growth_year": null,
            "eps_4q": -0.67,
            "eps_4q_growth_year": null,
            "roe": -2.62,
            "roe_4q": -7.8100000000000005,
            "gross_profit": 13794,
            "gross_margin": 5.47,
            "gross_margin_4q_avg": 9.89,
            "net_income": -10686,
            "net_income_4q": null,
            "revenue": 252336,
            "revenue_4q": null,
            "common_shares": 488000,
            "book_valuer_per_share": 8.24,
            "book_valuer_per_share_4q_avg": 8.58,
            "equity": 402289,
            "current_ratio": 91.99,
            "debt_ratio": 76.35,
            "inventory_turnover_ratio": 0.98,
            "account_receivable_turnover_ratio": 0.97,
            "reinvestment_rate": -445.86,
            "research_to_sale_ratio": null,
            "price_fair": 35.2,
            "eps_avg_yearly": 1.01,
            "eps_latest_yearly": 1.64,
            "eps_growth_yearly": 490.94
        },
        "20182": {
            "year_quarter": 20182,
            "year": 2018,
            "quarter": 2,
            "eps": 0.18,
            "eps_growth_year": 20,
            "eps_4q": -0.64,
            "eps_4q_growth_year": null,
            "roe": 2.16,
            "roe_4q": -7.32,
            "gross_profit": 44426,
            "gross_margin": 14.13,
            "gross_margin_4q_avg": 9.62,
            "net_income": 8774,
            "net_income_4q": null,
            "revenue": 314468,
            "revenue_4q": null,
            "common_shares": 488000,
            "book_valuer_per_share": 8.38,
            "book_valuer_per_share_4q_avg": 8.44,
            "equity": 408902,
            "current_ratio": 93.28,
            "debt_ratio": 75.4,
            "inventory_turnover_ratio": 1.08,
            "account_receivable_turnover_ratio": 0.92,
            "reinvestment_rate": null,
            "research_to_sale_ratio": null,
            "price_fair": 30.57,
            "eps_avg_yearly": 0.87,
            "eps_latest_yearly": 1.64,
            "eps_growth_yearly": 519.43
        },
        "20183": {
            "year_quarter": 20183,
            "year": 2018,
            "quarter": 3,
            "eps": -0.49,
            "eps_growth_year": null,
            "eps_4q": -0.81,
            "eps_4q_growth_year": null,
            "roe": -6.12,
            "roe_4q": -9.84,
            "gross_profit": 5765,
            "gross_margin": 3.15,
            "gross_margin_4q_avg": 8.44,
            "net_income": -24108,
            "net_income_4q": null,
            "revenue": 183274,
            "revenue_4q": null,
            "common_shares": 488000,
            "book_valuer_per_share": 7.76,
            "book_valuer_per_share_4q_avg": 8.21,
            "equity": 378525,
            "current_ratio": 102.03,
            "debt_ratio": 74.32,
            "inventory_turnover_ratio": 0.76,
            "account_receivable_turnover_ratio": 0.59,
            "reinvestment_rate": null,
            "research_to_sale_ratio": null,
            "price_fair": 35.28,
            "eps_avg_yearly": 1.01,
            "eps_latest_yearly": 1.64,
            "eps_growth_yearly": 694.42
        },
        "20184": {
            "year_quarter": 20184,
            "year": 2018,
            "quarter": 4,
            "eps": 6.36,
            "eps_growth_year": null,
            "eps_4q": 5.82,
            "eps_4q_growth_year": null,
            "roe": 58.05,
            "roe_4q": 51.470000000000006,
            "gross_profit": 15804,
            "gross_margin": 8.3,
            "gross_margin_4q_avg": 7.76,
            "net_income": 310238,
            "net_income_4q": null,
            "revenue": 190423,
            "revenue_4q": null,
            "common_shares": 488000,
            "book_valuer_per_share": 14.15,
            "book_valuer_per_share_4q_avg": 9.63,
            "equity": 690298,
            "current_ratio": 149.71,
            "debt_ratio": 45.44,
            "inventory_turnover_ratio": 0.73,
            "account_receivable_turnover_ratio": 0.91,
            "reinvestment_rate": -78.22,
            "research_to_sale_ratio": null,
            "price_fair": 43.05,
            "eps_avg_yearly": 1.23,
            "eps_latest_yearly": 1.64,
            "eps_growth_yearly": 908.03
        },
        "20191": {
            "year_quarter": 20191,
            "year": 2019,
            "quarter": 1,
            "eps": -0.08,
            "eps_growth_year": null,
            "eps_4q": 5.96,
            "eps_4q_growth_year": null,
            "roe": -0.59,
            "roe_4q": 53.5,
            "gross_profit": 15511,
            "gross_margin": 6.25,
            "gross_margin_4q_avg": 7.96,
            "net_income": -4095,
            "net_income_4q": null,
            "revenue": 248227,
            "revenue_4q": null,
            "common_shares": 488000,
            "book_valuer_per_share": 14.16,
            "book_valuer_per_share_4q_avg": 11.11,
            "equity": 691148,
            "current_ratio": 140.9,
            "debt_ratio": 53.36,
            "inventory_turnover_ratio": 0.93,
            "account_receivable_turnover_ratio": 1.12,
            "reinvestment_rate": -80.18,
            "research_to_sale_ratio": null,
            "price_fair": 55.07,
            "eps_avg_yearly": 1.57,
            "eps_latest_yearly": 1.64,
            "eps_growth_yearly": 1121.82
        },
        "20192": {
            "year_quarter": 20192,
            "year": 2019,
            "quarter": 2,
            "eps": -0.3,
            "eps_growth_year": -266.67,
            "eps_4q": 5.48,
            "eps_4q_growth_year": null,
            "roe": -2.18,
            "roe_4q": 49.16,
            "gross_profit": 25034,
            "gross_margin": 9.71,
            "gross_margin_4q_avg": 6.85,
            "net_income": -14642,
            "net_income_4q": null,
            "revenue": 257799,
            "revenue_4q": null,
            "common_shares": 488000,
            "book_valuer_per_share": 13.31,
            "book_valuer_per_share_4q_avg": 12.35,
            "equity": 649305,
            "current_ratio": 138.97,
            "debt_ratio": 52.45,
            "inventory_turnover_ratio": 0.96,
            "account_receivable_turnover_ratio": 0.95,
            "reinvestment_rate": -94.89,
            "research_to_sale_ratio": null,
            "price_fair": 51.8,
            "eps_avg_yearly": 1.48,
            "eps_latest_yearly": 1.64,
            "eps_growth_yearly": 122.73
        },
        "20193": {
            "year_quarter": 20193,
            "year": 2019,
            "quarter": 3,
            "eps": -0.13,
            "eps_growth_year": null,
            "eps_4q": 5.84,
            "eps_4q_growth_year": null,
            "roe": -0.99,
            "roe_4q": 54.29,
            "gross_profit": 25916,
            "gross_margin": 11.93,
            "gross_margin_4q_avg": 9.05,
            "net_income": -6427,
            "net_income_4q": null,
            "revenue": 217211,
            "revenue_4q": null,
            "common_shares": 488000,
            "book_valuer_per_share": 13.17,
            "book_valuer_per_share_4q_avg": 13.7,
            "equity": 642734,
            "current_ratio": 144.97,
            "debt_ratio": 49.58,
            "inventory_turnover_ratio": 0.83,
            "account_receivable_turnover_ratio": 0.85,
            "reinvestment_rate": -113.05,
            "research_to_sale_ratio": null,
            "price_fair": 57.4,
            "eps_avg_yearly": 1.64,
            "eps_latest_yearly": 1.64,
            "eps_growth_yearly": 345.45
        },
        "20194": {
            "year_quarter": 20194,
            "year": 2019,
            "quarter": 4,
            "eps": -0.54,
            "eps_growth_year": -108.54,
            "eps_4q": -1.06,
            "eps_4q_growth_year": -118.18,
            "roe": -4.22,
            "roe_4q": -7.98,
            "gross_profit": 12217,
            "gross_margin": 7.06,
            "gross_margin_4q_avg": 8.74,
            "net_income": -26504,
            "net_income_4q": null,
            "revenue": 172969,
            "revenue_4q": null,
            "common_shares": 488000,
            "book_valuer_per_share": 12.54,
            "book_valuer_per_share_4q_avg": 13.3,
            "equity": 612071,
            "current_ratio": 143.25,
            "debt_ratio": 49.77,
            "inventory_turnover_ratio": 0.69,
            "account_receivable_turnover_ratio": 0.87,
            "reinvestment_rate": -129.39,
            "research_to_sale_ratio": null,
            "price_fair": 57.4,
            "eps_avg_yearly": 1.64,
            "eps_latest_yearly": 1.64,
            "eps_growth_yearly": 345.45
        },
        "20201": {
            "year_quarter": 20201,
            "year": 2020,
            "quarter": 1,
            "eps": -0.53,
            "eps_growth_year": null,
            "eps_4q": -1.5,
            "eps_4q_growth_year": -125.23,
            "roe": -4.31,
            "roe_4q": -11.7,
            "gross_profit": 4357,
            "gross_margin": 2.41,
            "gross_margin_4q_avg": 7.78,
            "net_income": -25796,
            "net_income_4q": null,
            "revenue": 180634,
            "revenue_4q": null,
            "common_shares": 488000,
            "book_valuer_per_share": 11.97,
            "book_valuer_per_share_4q_avg": 12.75,
            "equity": 583980,
            "current_ratio": 134.49,
            "debt_ratio": 52.53,
            "inventory_turnover_ratio": 0.71,
            "account_receivable_turnover_ratio": 1.01,
            "reinvestment_rate": -169.16,
            "research_to_sale_ratio": null,
            "price_fair": 57.4,
            "eps_avg_yearly": 1.64,
            "eps_latest_yearly": 1.64,
            "eps_growth_yearly": 345.45
        },
        "20202": {
            "year_quarter": 20202,
            "year": 2020,
            "quarter": 2,
            "eps": -0.14,
            "eps_growth_year": null,
            "eps_4q": -1.34,
            "eps_4q_growth_year": -124.46,
            "roe": -1.15,
            "roe_4q": -10.67,
            "gross_profit": 24491,
            "gross_margin": 10.61,
            "gross_margin_4q_avg": 8,
            "net_income": -6674,
            "net_income_4q": null,
            "revenue": 230923,
            "revenue_4q": null,
            "common_shares": 488000,
            "book_valuer_per_share": 11.85,
            "book_valuer_per_share_4q_avg": 12.38,
            "equity": 578058,
            "current_ratio": 132.25,
            "debt_ratio": 53.94,
            "inventory_turnover_ratio": 0.84,
            "account_receivable_turnover_ratio": 1.09,
            "reinvestment_rate": -198.54,
            "research_to_sale_ratio": null,
            "price_fair": 0,
            "eps_avg_yearly": 0,
            "eps_latest_yearly": 0,
            "eps_growth_yearly": 0
        },
        "20203": {
            "year_quarter": 20203,
            "year": 2020,
            "quarter": 3,
            "eps": 0.05,
            "eps_growth_year": null,
            "eps_4q": -1.16,
            "eps_4q_growth_year": -119.81,
            "roe": 0.43,
            "roe_4q": -9.25,
            "gross_profit": 33074,
            "gross_margin": 14.35,
            "gross_margin_4q_avg": 8.61,
            "net_income": 2489,
            "net_income_4q": null,
            "revenue": 230501,
            "revenue_4q": null,
            "common_shares": 488000,
            "book_valuer_per_share": 11.94,
            "book_valuer_per_share_4q_avg": 12.08,
            "equity": 582868,
            "current_ratio": 135.92,
            "debt_ratio": 52.52,
            "inventory_turnover_ratio": 0.9,
            "account_receivable_turnover_ratio": 1.03,
            "reinvestment_rate": -186.03,
            "research_to_sale_ratio": null,
            "price_fair": 0,
            "eps_avg_yearly": 0,
            "eps_latest_yearly": 0,
            "eps_growth_yearly": 0
        },
        "20204": {
            "year_quarter": 20204,
            "year": 2020,
            "quarter": 4,
            "eps": -0.38,
            "eps_growth_year": null,
            "eps_4q": -1,
            "eps_4q_growth_year": null,
            "roe": -3.25,
            "roe_4q": -8.28,
            "gross_profit": 13428,
            "gross_margin": 8.51,
            "gross_margin_4q_avg": 8.97,
            "net_income": -18714,
            "net_income_4q": null,
            "revenue": 157768,
            "revenue_4q": null,
            "common_shares": 488000,
            "book_valuer_per_share": 11.66,
            "book_valuer_per_share_4q_avg": 11.86,
            "equity": 569203,
            "current_ratio": 138.33,
            "debt_ratio": 49.63,
            "inventory_turnover_ratio": 0.69,
            "account_receivable_turnover_ratio": 0.87,
            "reinvestment_rate": -198.74,
            "research_to_sale_ratio": null,
            "price_fair": 0,
            "eps_avg_yearly": 0,
            "eps_latest_yearly": 0,
            "eps_growth_yearly": 0
        },
        "20211": {
            "year_quarter": 20211,
            "year": 2021,
            "quarter": 1,
            "eps": -0.2,
            "eps_growth_year": null,
            "eps_4q": -0.66,
            "eps_4q_growth_year": null,
            "roe": -1.69,
            "roe_4q": -5.66,
            "gross_profit": 21935,
            "gross_margin": 9.71,
            "gross_margin_4q_avg": 10.8,
            "net_income": -9540,
            "net_income_4q": null,
            "revenue": 225864,
            "revenue_4q": null,
            "common_shares": 488000,
            "book_valuer_per_share": 11.47,
            "book_valuer_per_share_4q_avg": 11.73,
            "equity": 559855,
            "current_ratio": 133.48,
            "debt_ratio": 52.4,
            "inventory_turnover_ratio": 0.92,
            "account_receivable_turnover_ratio": 1.26,
            "reinvestment_rate": -174.03,
            "research_to_sale_ratio": 0.3,
            "price_fair": 0,
            "eps_avg_yearly": 0,
            "eps_latest_yearly": 0,
            "eps_growth_yearly": 0
        },
        "20212": {
            "year_quarter": 20212,
            "year": 2021,
            "quarter": 2,
            "eps": -0.2,
            "eps_growth_year": null,
            "eps_4q": -0.6,
            "eps_4q_growth_year": null,
            "roe": -1.56,
            "roe_4q": -6.07,
            "gross_profit": 40623,
            "gross_margin": 13.39,
            "gross_margin_4q_avg": 11.49,
            "net_income": -10241,
            "net_income_4q": null,
            "revenue": 303448,
            "revenue_4q": null,
            "common_shares": 600500,
            "book_valuer_per_share": 12.55,
            "book_valuer_per_share_4q_avg": 11.91,
            "equity": 753482,
            "current_ratio": 193.3,
            "debt_ratio": 56.09,
            "inventory_turnover_ratio": 1.22,
            "account_receivable_turnover_ratio": 1.24,
            "reinvestment_rate": -202,
            "research_to_sale_ratio": 0.23,
            "price_fair": 0,
            "eps_avg_yearly": 0,
            "eps_latest_yearly": 0,
            "eps_growth_yearly": 0
        },
        "20213": {
            "year_quarter": 20213,
            "year": 2021,
            "quarter": 3,
            "eps": -0.16,
            "eps_growth_year": -420,
            "eps_4q": -0.8,
            "eps_4q_growth_year": null,
            "roe": -1.29,
            "roe_4q": -7.79,
            "gross_profit": 31946,
            "gross_margin": 14.88,
            "gross_margin_4q_avg": 11.62,
            "net_income": -9634,
            "net_income_4q": null,
            "revenue": 214704,
            "revenue_4q": null,
            "common_shares": 600500,
            "book_valuer_per_share": 12.36,
            "book_valuer_per_share_4q_avg": 12.01,
            "equity": 742465,
            "current_ratio": 214.13,
            "debt_ratio": 53.76,
            "inventory_turnover_ratio": 0.95,
            "account_receivable_turnover_ratio": 0.89,
            "reinvestment_rate": -11.49,
            "research_to_sale_ratio": 0.23,
            "price_fair": 0,
            "eps_avg_yearly": 0,
            "eps_latest_yearly": 0,
            "eps_growth_yearly": 0
        },
        "20214": {
            "year_quarter": 20214,
            "year": 2021,
            "quarter": 4,
            "eps": -0.62,
            "eps_growth_year": null,
            "eps_4q": -1.11,
            "eps_4q_growth_year": null,
            "roe": -5.18,
            "roe_4q": -9.719999999999999,
            "gross_profit": 4318,
            "gross_margin": 2.17,
            "gross_margin_4q_avg": 10.04,
            "net_income": -37482,
            "net_income_4q": null,
            "revenue": 198717,
            "revenue_4q": null,
            "common_shares": 600988,
            "book_valuer_per_share": 11.72,
            "book_valuer_per_share_4q_avg": 12.03,
            "equity": 704480,
            "current_ratio": 175.14,
            "debt_ratio": 55.73,
            "inventory_turnover_ratio": 1.2,
            "account_receivable_turnover_ratio": 1,
            "reinvestment_rate": -12.76,
            "research_to_sale_ratio": null,
            "price_fair": 0,
            "eps_avg_yearly": 0,
            "eps_latest_yearly": 0,
            "eps_growth_yearly": 0
        },
        "20221": {
            "year_quarter": 20221,
            "year": 2022,
            "quarter": 1,
            "eps": 0.3,
            "eps_growth_year": null,
            "eps_4q": -0.66,
            "eps_4q_growth_year": null,
            "roe": 2.48,
            "roe_4q": -5.55,
            "gross_profit": 61330,
            "gross_margin": 20.05,
            "gross_margin_4q_avg": 12.62,
            "net_income": 17758,
            "net_income_4q": null,
            "revenue": 305907,
            "revenue_4q": null,
            "common_shares": 601258,
            "book_valuer_per_share": 12.08,
            "book_valuer_per_share_4q_avg": 12.18,
            "equity": 726278,
            "current_ratio": 175.82,
            "debt_ratio": 56.04,
            "inventory_turnover_ratio": 1.78,
            "account_receivable_turnover_ratio": 1.3,
            "reinvestment_rate": 14.45,
            "research_to_sale_ratio": null,
            "price_fair": 0,
            "eps_avg_yearly": 0,
            "eps_latest_yearly": 0,
            "eps_growth_yearly": 0
        },
        "20222": {
            "year_quarter": 20222,
            "year": 2022,
            "quarter": 2,
            "eps": 0.06,
            "eps_growth_year": null,
            "eps_4q": -0.43,
            "eps_4q_growth_year": null,
            "roe": 0.47,
            "roe_4q": -3.5199999999999996,
            "gross_profit": 42511,
            "gross_margin": 19.25,
            "gross_margin_4q_avg": 14.09,
            "net_income": 3446,
            "net_income_4q": null,
            "revenue": 220821,
            "revenue_4q": null,
            "common_shares": 602558,
            "book_valuer_per_share": 12.1,
            "book_valuer_per_share_4q_avg": 12.07,
            "equity": 728972,
            "current_ratio": 101.14,
            "debt_ratio": 54.76,
            "inventory_turnover_ratio": 1.4,
            "account_receivable_turnover_ratio": 0.85,
            "reinvestment_rate": 19.39,
            "research_to_sale_ratio": null,
            "price_fair": 0.72,
            "eps_avg_yearly": 0.24,
            "eps_latest_yearly": 0.24,
            "eps_growth_yearly": -320
        },
        "20223": {
            "year_quarter": 20223,
            "year": 2022,
            "quarter": 3,
            "eps": -0.19,
            "eps_growth_year": null,
            "eps_4q": -0.45,
            "eps_4q_growth_year": null,
            "roe": -1.54,
            "roe_4q": -3.7699999999999996,
            "gross_profit": 19533,
            "gross_margin": 12.05,
            "gross_margin_4q_avg": 13.38,
            "net_income": -11381,
            "net_income_4q": null,
            "revenue": 162139,
            "revenue_4q": null,
            "common_shares": 617076,
            "book_valuer_per_share": 12.06,
            "book_valuer_per_share_4q_avg": 11.99,
            "equity": 744264,
            "current_ratio": 104.04,
            "debt_ratio": 51.19,
            "inventory_turnover_ratio": 1.21,
            "account_receivable_turnover_ratio": 0.78,
            "reinvestment_rate": 101.27,
            "research_to_sale_ratio": null,
            "price_fair": 0.72,
            "eps_avg_yearly": 0.24,
            "eps_latest_yearly": 0.24,
            "eps_growth_yearly": -320
        },
        "20224": {
            "year_quarter": 20224,
            "year": 2022,
            "quarter": 4,
            "eps": -0.61,
            "eps_growth_year": null,
            "eps_4q": -0.46,
            "eps_4q_growth_year": null,
            "roe": -5.24,
            "roe_4q": -3.8300000000000005,
            "gross_profit": 7266,
            "gross_margin": 6.6,
            "gross_margin_4q_avg": 14.49,
            "net_income": -38849,
            "net_income_4q": null,
            "revenue": 110093,
            "revenue_4q": null,
            "common_shares": 632406,
            "book_valuer_per_share": 11.68,
            "book_valuer_per_share_4q_avg": 11.98,
            "equity": 738407,
            "current_ratio": 103.09,
            "debt_ratio": 51.14,
            "inventory_turnover_ratio": 0.85,
            "account_receivable_turnover_ratio": 0.73,
            "reinvestment_rate": null,
            "research_to_sale_ratio": null,
            "price_fair": 0.72,
            "eps_avg_yearly": 0.24,
            "eps_latest_yearly": 0.24,
            "eps_growth_yearly": -320
        },
        "20231": {
            "year_quarter": 20231,
            "year": 2023,
            "quarter": 1,
            "eps": 0.06,
            "eps_growth_year": -80,
            "eps_4q": -0.65,
            "eps_4q_growth_year": null,
            "roe": 0.49,
            "roe_4q": -5.82,
            "gross_profit": 51039,
            "gross_margin": 21.69,
            "gross_margin_4q_avg": 14.9,
            "net_income": 3781,
            "net_income_4q": null,
            "revenue": 235294,
            "revenue_4q": null,
            "common_shares": 666101,
            "book_valuer_per_share": 12.06,
            "book_valuer_per_share_4q_avg": 11.98,
            "equity": 805097,
            "current_ratio": 108.62,
            "debt_ratio": 51.15,
            "inventory_turnover_ratio": 1.59,
            "account_receivable_turnover_ratio": 1.34,
            "reinvestment_rate": null,
            "research_to_sale_ratio": null,
            "price_fair": 0.72,
            "eps_avg_yearly": 0.24,
            "eps_latest_yearly": 0.24,
            "eps_growth_yearly": -320
        },
        "20232": {
            "year_quarter": 20232,
            "year": 2023,
            "quarter": 2,
            "eps": 0.58,
            "eps_growth_year": 866.67,
            "eps_4q": -0.12,
            "eps_4q_growth_year": null,
            "roe": 4.84,
            "roe_4q": -1.4500000000000002,
            "gross_profit": 98626,
            "gross_margin": 39.79,
            "gross_margin_4q_avg": 20.03,
            "net_income": 39708,
            "net_income_4q": null,
            "revenue": 247885,
            "revenue_4q": null,
            "common_shares": 666101,
            "book_valuer_per_share": 12.51,
            "book_valuer_per_share_4q_avg": 12.08,
            "equity": 835554,
            "current_ratio": 112.97,
            "debt_ratio": 49.28,
            "inventory_turnover_ratio": 1.52,
            "account_receivable_turnover_ratio": 1.15,
            "reinvestment_rate": null,
            "research_to_sale_ratio": null,
            "price_fair": 44.8,
            "eps_avg_yearly": 1.28,
            "eps_latest_yearly": 2.32,
            "eps_growth_yearly": 1573.33
        },
        "20233": {
            "year_quarter": 20233,
            "year": 2023,
            "quarter": 3,
            "eps": 0.35,
            "eps_growth_year": null,
            "eps_4q": 0.39,
            "eps_4q_growth_year": null,
            "roe": 2.93,
            "roe_4q": 3.0199999999999996,
            "gross_profit": 111195,
            "gross_margin": 46.87,
            "gross_margin_4q_avg": 28.74,
            "net_income": 25526,
            "net_income_4q": null,
            "revenue": 237249,
            "revenue_4q": null,
            "common_shares": 687281,
            "book_valuer_per_share": 13.11,
            "book_valuer_per_share_4q_avg": 12.34,
            "equity": 905620,
            "current_ratio": 126.89,
            "debt_ratio": 47.94,
            "inventory_turnover_ratio": 1.37,
            "account_receivable_turnover_ratio": 0.96,
            "reinvestment_rate": null,
            "research_to_sale_ratio": null,
            "price_fair": 46.2,
            "eps_avg_yearly": 1.32,
            "eps_latest_yearly": 1.4,
            "eps_growth_yearly": 996.02
        }
    },
    "months": {
        "2001-06": {
            "month": "2001-06",
            "price": "12.84",
            "revenue": 57337
        },
        "2001-07": {
            "month": "2001-07",
            "price": "11.28",
            "revenue": 60191
        },
        "2001-08": {
            "month": "2001-08",
            "price": "10.91",
            "revenue": 53626
        },
        "2001-09": {
            "month": "2001-09",
            "price": "10.09",
            "revenue": 48011
        },
        "2001-10": {
            "month": "2001-10",
            "price": "9.50",
            "revenue": 32327
        },
        "2001-11": {
            "month": "2001-11",
            "price": "8.76",
            "revenue": 28081
        },
        "2001-12": {
            "month": "2001-12",
            "price": "9.00",
            "revenue": 29545
        },
        "2002-01": {
            "month": "2002-01",
            "price": "9.35",
            "revenue": 34124
        },
        "2002-02": {
            "month": "2002-02",
            "price": "9.02",
            "revenue": 29597
        },
        "2002-03": {
            "month": "2002-03",
            "price": "9.04",
            "revenue": 56945
        },
        "2002-04": {
            "month": "2002-04",
            "price": "10.11",
            "revenue": 64227
        },
        "2002-05": {
            "month": "2002-05",
            "price": "9.37",
            "revenue": 52349
        },
        "2002-06": {
            "month": "2002-06",
            "price": "8.94",
            "revenue": 50721
        },
        "2002-07": {
            "month": "2002-07",
            "price": "8.65",
            "revenue": 51726
        },
        "2002-08": {
            "month": "2002-08",
            "price": "8.04",
            "revenue": 39644
        },
        "2002-09": {
            "month": "2002-09",
            "price": "7.66",
            "revenue": 46535
        },
        "2002-10": {
            "month": "2002-10",
            "price": "7.65",
            "revenue": 36754
        },
        "2002-11": {
            "month": "2002-11",
            "price": "8.38",
            "revenue": 38345
        },
        "2002-12": {
            "month": "2002-12",
            "price": "8.41",
            "revenue": 33745
        },
        "2003-01": {
            "month": "2003-01",
            "price": "8.38",
            "revenue": 33131
        },
        "2003-02": {
            "month": "2003-02",
            "price": "7.80",
            "revenue": 24140
        },
        "2003-03": {
            "month": "2003-03",
            "price": "7.56",
            "revenue": 49125
        },
        "2003-04": {
            "month": "2003-04",
            "price": "7.50",
            "revenue": 51367
        },
        "2003-05": {
            "month": "2003-05",
            "price": "7.38",
            "revenue": 46420
        },
        "2003-06": {
            "month": "2003-06",
            "price": "7.24",
            "revenue": 44518
        },
        "2003-07": {
            "month": "2003-07",
            "price": "7.13",
            "revenue": 43061
        },
        "2003-08": {
            "month": "2003-08",
            "price": "7.08",
            "revenue": 40319
        },
        "2003-09": {
            "month": "2003-09",
            "price": "6.80",
            "revenue": 38899
        },
        "2003-10": {
            "month": "2003-10",
            "price": "6.93",
            "revenue": 41784
        },
        "2003-11": {
            "month": "2003-11",
            "price": "6.72",
            "revenue": 35734
        },
        "2003-12": {
            "month": "2003-12",
            "price": "7.03",
            "revenue": 57936
        },
        "2004-01": {
            "month": "2004-01",
            "price": "8.37",
            "revenue": 19741
        },
        "2004-02": {
            "month": "2004-02",
            "price": "8.36",
            "revenue": 44396
        },
        "2004-03": {
            "month": "2004-03",
            "price": "7.91",
            "revenue": 60374
        },
        "2004-04": {
            "month": "2004-04",
            "price": "7.64",
            "revenue": 41852
        },
        "2004-05": {
            "month": "2004-05",
            "price": "6.98",
            "revenue": 52553
        },
        "2004-06": {
            "month": "2004-06",
            "price": "6.94",
            "revenue": 52217
        },
        "2004-07": {
            "month": "2004-07",
            "price": "6.79",
            "revenue": 65767
        },
        "2004-08": {
            "month": "2004-08",
            "price": "6.28",
            "revenue": 79822
        },
        "2004-09": {
            "month": "2004-09",
            "price": "6.06",
            "revenue": 41311
        },
        "2004-10": {
            "month": "2004-10",
            "price": "5.68",
            "revenue": 12302
        },
        "2004-11": {
            "month": "2004-11",
            "price": "5.29",
            "revenue": 42779
        },
        "2004-12": {
            "month": "2004-12",
            "price": "5.50",
            "revenue": 38402
        },
        "2005-01": {
            "month": "2005-01",
            "price": "5.49",
            "revenue": 35946
        },
        "2005-02": {
            "month": "2005-02",
            "price": "5.48",
            "revenue": 29808
        },
        "2005-03": {
            "month": "2005-03",
            "price": "6.05",
            "revenue": 49849
        },
        "2005-04": {
            "month": "2005-04",
            "price": "5.93",
            "revenue": 36057
        },
        "2005-05": {
            "month": "2005-05",
            "price": "5.78",
            "revenue": 55211
        },
        "2005-06": {
            "month": "2005-06",
            "price": "6.10",
            "revenue": 58145
        },
        "2005-07": {
            "month": "2005-07",
            "price": "6.55",
            "revenue": 49926
        },
        "2005-08": {
            "month": "2005-08",
            "price": "6.92",
            "revenue": 49270
        },
        "2005-09": {
            "month": "2005-09",
            "price": "6.64",
            "revenue": 48132
        },
        "2005-10": {
            "month": "2005-10",
            "price": "6.46",
            "revenue": 51749
        },
        "2005-11": {
            "month": "2005-11",
            "price": "7.01",
            "revenue": 50562
        },
        "2005-12": {
            "month": "2005-12",
            "price": "7.50",
            "revenue": 60183
        },
        "2006-01": {
            "month": "2006-01",
            "price": "7.56",
            "revenue": 33507
        },
        "2006-02": {
            "month": "2006-02",
            "price": "7.75",
            "revenue": 40143
        },
        "2006-03": {
            "month": "2006-03",
            "price": "7.59",
            "revenue": 58426
        },
        "2006-04": {
            "month": "2006-04",
            "price": "7.25",
            "revenue": 65415
        },
        "2006-05": {
            "month": "2006-05",
            "price": "7.42",
            "revenue": 69926
        },
        "2006-06": {
            "month": "2006-06",
            "price": "8.03",
            "revenue": 52295
        },
        "2006-07": {
            "month": "2006-07",
            "price": "8.09",
            "revenue": 45404
        },
        "2006-08": {
            "month": "2006-08",
            "price": "8.59",
            "revenue": 45176
        },
        "2006-09": {
            "month": "2006-09",
            "price": "8.24",
            "revenue": 44416
        },
        "2006-10": {
            "month": "2006-10",
            "price": "7.27",
            "revenue": 51037
        },
        "2006-11": {
            "month": "2006-11",
            "price": "7.52",
            "revenue": 51746
        },
        "2006-12": {
            "month": "2006-12",
            "price": "7.76",
            "revenue": 50958
        },
        "2007-01": {
            "month": "2007-01",
            "price": "7.65",
            "revenue": 40803
        },
        "2007-02": {
            "month": "2007-02",
            "price": "8.32",
            "revenue": 33885
        },
        "2007-03": {
            "month": "2007-03",
            "price": "11.11",
            "revenue": 61315
        },
        "2007-04": {
            "month": "2007-04",
            "price": "17.80",
            "revenue": 115360
        },
        "2007-05": {
            "month": "2007-05",
            "price": "17.93",
            "revenue": 104105
        },
        "2007-06": {
            "month": "2007-06",
            "price": "15.71",
            "revenue": 81491
        },
        "2007-07": {
            "month": "2007-07",
            "price": "16.44",
            "revenue": 69465
        },
        "2007-08": {
            "month": "2007-08",
            "price": "13.29",
            "revenue": 68819
        },
        "2007-09": {
            "month": "2007-09",
            "price": "10.96",
            "revenue": 77281
        },
        "2007-10": {
            "month": "2007-10",
            "price": "10.70",
            "revenue": 74543
        },
        "2007-11": {
            "month": "2007-11",
            "price": "10.53",
            "revenue": 78457
        },
        "2007-12": {
            "month": "2007-12",
            "price": "11.53",
            "revenue": 69274
        },
        "2008-01": {
            "month": "2008-01",
            "price": "11.01",
            "revenue": 53936
        },
        "2008-02": {
            "month": "2008-02",
            "price": "11.33",
            "revenue": 43304
        },
        "2008-03": {
            "month": "2008-03",
            "price": "14.05",
            "revenue": 91270
        },
        "2008-04": {
            "month": "2008-04",
            "price": "16.72",
            "revenue": 106991
        },
        "2008-05": {
            "month": "2008-05",
            "price": "23.48",
            "revenue": 96185
        },
        "2008-06": {
            "month": "2008-06",
            "price": "25.46",
            "revenue": 77492
        },
        "2008-07": {
            "month": "2008-07",
            "price": "20.69",
            "revenue": 130209
        },
        "2008-08": {
            "month": "2008-08",
            "price": "21.31",
            "revenue": 75191
        },
        "2008-09": {
            "month": "2008-09",
            "price": "11.62",
            "revenue": 75844
        },
        "2008-10": {
            "month": "2008-10",
            "price": "7.71",
            "revenue": 124420
        },
        "2008-11": {
            "month": "2008-11",
            "price": "6.95",
            "revenue": 84106
        },
        "2008-12": {
            "month": "2008-12",
            "price": "8.70",
            "revenue": 55723
        },
        "2009-01": {
            "month": "2009-01",
            "price": "9.16",
            "revenue": 39188
        },
        "2009-02": {
            "month": "2009-02",
            "price": "8.94",
            "revenue": 66904
        },
        "2009-03": {
            "month": "2009-03",
            "price": "9.50",
            "revenue": 90311
        },
        "2009-04": {
            "month": "2009-04",
            "price": "9.89",
            "revenue": 117039
        },
        "2009-05": {
            "month": "2009-05",
            "price": "11.16",
            "revenue": 109971
        },
        "2009-06": {
            "month": "2009-06",
            "price": "10.12",
            "revenue": 107616
        },
        "2009-07": {
            "month": "2009-07",
            "price": "11.39",
            "revenue": 98165
        },
        "2009-08": {
            "month": "2009-08",
            "price": "11.81",
            "revenue": 107616
        },
        "2009-09": {
            "month": "2009-09",
            "price": "11.88",
            "revenue": 72520
        },
        "2009-10": {
            "month": "2009-10",
            "price": "11.54",
            "revenue": 76393
        },
        "2009-11": {
            "month": "2009-11",
            "price": "10.28",
            "revenue": 85234
        },
        "2009-12": {
            "month": "2009-12",
            "price": "10.24",
            "revenue": 131837
        },
        "2010-01": {
            "month": "2010-01",
            "price": "11.15",
            "revenue": 78339
        },
        "2010-02": {
            "month": "2010-02",
            "price": "10.13",
            "revenue": 56283
        },
        "2010-03": {
            "month": "2010-03",
            "price": "10.21",
            "revenue": 97199
        },
        "2010-04": {
            "month": "2010-04",
            "price": "12.05",
            "revenue": 141478
        },
        "2010-05": {
            "month": "2010-05",
            "price": "12.54",
            "revenue": 108297
        },
        "2010-06": {
            "month": "2010-06",
            "price": "10.81",
            "revenue": 101393
        },
        "2010-07": {
            "month": "2010-07",
            "price": "10.66",
            "revenue": 99985
        },
        "2010-08": {
            "month": "2010-08",
            "price": "11.40",
            "revenue": 96967
        },
        "2010-09": {
            "month": "2010-09",
            "price": "11.53",
            "revenue": 64786
        },
        "2010-10": {
            "month": "2010-10",
            "price": "10.53",
            "revenue": 69029
        },
        "2010-11": {
            "month": "2010-11",
            "price": "9.87",
            "revenue": 89653
        },
        "2010-12": {
            "month": "2010-12",
            "price": "9.99",
            "revenue": 72665
        },
        "2011-01": {
            "month": "2011-01",
            "price": "10.18",
            "revenue": 67335
        },
        "2011-02": {
            "month": "2011-02",
            "price": "9.98",
            "revenue": 59941
        },
        "2011-03": {
            "month": "2011-03",
            "price": "10.01",
            "revenue": 126739
        },
        "2011-04": {
            "month": "2011-04",
            "price": "10.02",
            "revenue": 116791
        },
        "2011-05": {
            "month": "2011-05",
            "price": "8.84",
            "revenue": 90529
        },
        "2011-06": {
            "month": "2011-06",
            "price": "8.12",
            "revenue": 72954
        },
        "2011-07": {
            "month": "2011-07",
            "price": "7.91",
            "revenue": 86688
        },
        "2011-08": {
            "month": "2011-08",
            "price": "7.40",
            "revenue": 70684
        },
        "2011-09": {
            "month": "2011-09",
            "price": "7.42",
            "revenue": 61336
        },
        "2011-10": {
            "month": "2011-10",
            "price": "7.50",
            "revenue": 71243
        },
        "2011-11": {
            "month": "2011-11",
            "price": "8.58",
            "revenue": 66946
        },
        "2011-12": {
            "month": "2011-12",
            "price": "8.34",
            "revenue": 63567
        },
        "2012-01": {
            "month": "2012-01",
            "price": "7.39",
            "revenue": 60175
        },
        "2012-02": {
            "month": "2012-02",
            "price": "7.67",
            "revenue": 64032
        },
        "2012-03": {
            "month": "2012-03",
            "price": "7.72",
            "revenue": 112258
        },
        "2012-04": {
            "month": "2012-04",
            "price": "6.99",
            "revenue": 108648
        },
        "2012-05": {
            "month": "2012-05",
            "price": "6.99",
            "revenue": 123313
        },
        "2012-06": {
            "month": "2012-06",
            "price": "7.16",
            "revenue": 89376
        },
        "2012-07": {
            "month": "2012-07",
            "price": "6.93",
            "revenue": 98508
        },
        "2012-08": {
            "month": "2012-08",
            "price": "6.92",
            "revenue": 82903
        },
        "2012-09": {
            "month": "2012-09",
            "price": "7.85",
            "revenue": 76005
        },
        "2012-10": {
            "month": "2012-10",
            "price": "7.74",
            "revenue": 81828
        },
        "2012-11": {
            "month": "2012-11",
            "price": "7.18",
            "revenue": 75777
        },
        "2012-12": {
            "month": "2012-12",
            "price": "7.27",
            "revenue": 72095
        },
        "2013-01": {
            "month": "2013-01",
            "price": "7.16",
            "revenue": 82376
        },
        "2013-02": {
            "month": "2013-02",
            "price": "6.92",
            "revenue": 40870
        },
        "2013-03": {
            "month": "2013-03",
            "price": "6.63",
            "revenue": 117524
        },
        "2013-04": {
            "month": "2013-04",
            "price": "6.69",
            "revenue": 153155
        },
        "2013-05": {
            "month": "2013-05",
            "price": "8.32",
            "revenue": 165032
        },
        "2013-06": {
            "month": "2013-06",
            "price": "11.44",
            "revenue": 119679
        },
        "2013-07": {
            "month": "2013-07",
            "price": "13.95",
            "revenue": 105651
        },
        "2013-08": {
            "month": "2013-08",
            "price": "14.58",
            "revenue": 78548
        },
        "2013-09": {
            "month": "2013-09",
            "price": "13.48",
            "revenue": 94338
        },
        "2013-10": {
            "month": "2013-10",
            "price": "16.28",
            "revenue": 81861
        },
        "2013-11": {
            "month": "2013-11",
            "price": "14.83",
            "revenue": 69143
        },
        "2013-12": {
            "month": "2013-12",
            "price": "13.70",
            "revenue": 71272
        },
        "2014-01": {
            "month": "2014-01",
            "price": "12.65",
            "revenue": 75734
        },
        "2014-02": {
            "month": "2014-02",
            "price": "13.98",
            "revenue": 91745
        },
        "2014-03": {
            "month": "2014-03",
            "price": "14.41",
            "revenue": 147586
        },
        "2014-04": {
            "month": "2014-04",
            "price": "15.52",
            "revenue": 149105
        },
        "2014-05": {
            "month": "2014-05",
            "price": "14.06",
            "revenue": 128043
        },
        "2014-06": {
            "month": "2014-06",
            "price": "13.31",
            "revenue": 96361
        },
        "2014-07": {
            "month": "2014-07",
            "price": "12.41",
            "revenue": 92622
        },
        "2014-08": {
            "month": "2014-08",
            "price": "11.78",
            "revenue": 65842
        },
        "2014-09": {
            "month": "2014-09",
            "price": "11.93",
            "revenue": 83999
        },
        "2014-10": {
            "month": "2014-10",
            "price": "11.42",
            "revenue": 66998
        },
        "2014-11": {
            "month": "2014-11",
            "price": "10.51",
            "revenue": 73676
        },
        "2014-12": {
            "month": "2014-12",
            "price": "10.76",
            "revenue": 80467
        },
        "2015-01": {
            "month": "2015-01",
            "price": "10.71",
            "revenue": 94418
        },
        "2015-02": {
            "month": "2015-02",
            "price": "10.63",
            "revenue": 53690
        },
        "2015-03": {
            "month": "2015-03",
            "price": "10.54",
            "revenue": 138091
        },
        "2015-04": {
            "month": "2015-04",
            "price": "10.42",
            "revenue": 157840
        },
        "2015-05": {
            "month": "2015-05",
            "price": "10.25",
            "revenue": 139276
        },
        "2015-06": {
            "month": "2015-06",
            "price": "10.00",
            "revenue": 105534
        },
        "2015-07": {
            "month": "2015-07",
            "price": "9.27",
            "revenue": 90000
        },
        "2015-08": {
            "month": "2015-08",
            "price": "8.62",
            "revenue": 86425
        },
        "2015-09": {
            "month": "2015-09",
            "price": "8.55",
            "revenue": 91346
        },
        "2015-10": {
            "month": "2015-10",
            "price": "8.60",
            "revenue": 81338
        },
        "2015-11": {
            "month": "2015-11",
            "price": "9.03",
            "revenue": 70515
        },
        "2015-12": {
            "month": "2015-12",
            "price": "9.55",
            "revenue": 81442
        },
        "2016-01": {
            "month": "2016-01",
            "price": "9.98",
            "revenue": 93918
        },
        "2016-02": {
            "month": "2016-02",
            "price": "9.48",
            "revenue": 65808
        },
        "2016-03": {
            "month": "2016-03",
            "price": "9.97",
            "revenue": 174341
        },
        "2016-04": {
            "month": "2016-04",
            "price": "10.01",
            "revenue": 153158
        },
        "2016-05": {
            "month": "2016-05",
            "price": "9.42",
            "revenue": 113373
        },
        "2016-06": {
            "month": "2016-06",
            "price": "9.08",
            "revenue": 100656
        },
        "2016-07": {
            "month": "2016-07",
            "price": "9.08",
            "revenue": 85429
        },
        "2016-08": {
            "month": "2016-08",
            "price": "9.25",
            "revenue": 83391
        },
        "2016-09": {
            "month": "2016-09",
            "price": "9.34",
            "revenue": 83105
        },
        "2016-10": {
            "month": "2016-10",
            "price": "9.19",
            "revenue": 67491
        },
        "2016-11": {
            "month": "2016-11",
            "price": "8.73",
            "revenue": 61174
        },
        "2016-12": {
            "month": "2016-12",
            "price": "8.46",
            "revenue": 59648
        },
        "2017-01": {
            "month": "2017-01",
            "price": "8.68",
            "revenue": 52039
        },
        "2017-02": {
            "month": "2017-02",
            "price": "8.63",
            "revenue": 70900
        },
        "2017-03": {
            "month": "2017-03",
            "price": "8.48",
            "revenue": 138652
        },
        "2017-04": {
            "month": "2017-04",
            "price": "8.26",
            "revenue": 111117
        },
        "2017-05": {
            "month": "2017-05",
            "price": "8.06",
            "revenue": 118091
        },
        "2017-06": {
            "month": "2017-06",
            "price": "7.79",
            "revenue": 91265
        },
        "2017-07": {
            "month": "2017-07",
            "price": "7.78",
            "revenue": 68844
        },
        "2017-08": {
            "month": "2017-08",
            "price": "7.40",
            "revenue": 72091
        },
        "2017-09": {
            "month": "2017-09",
            "price": "7.54",
            "revenue": 69746
        },
        "2017-10": {
            "month": "2017-10",
            "price": "9.62",
            "revenue": 67696
        },
        "2017-11": {
            "month": "2017-11",
            "price": "8.96",
            "revenue": 67731
        },
        "2017-12": {
            "month": "2017-12",
            "price": "8.82",
            "revenue": 74521
        },
        "2018-01": {
            "month": "2018-01",
            "price": "8.26",
            "revenue": 65263
        },
        "2018-02": {
            "month": "2018-02",
            "price": "8.13",
            "revenue": 50559
        },
        "2018-03": {
            "month": "2018-03",
            "price": "7.64",
            "revenue": 135840
        },
        "2018-04": {
            "month": "2018-04",
            "price": "9.51",
            "revenue": 120764
        },
        "2018-05": {
            "month": "2018-05",
            "price": "10.71",
            "revenue": 100664
        },
        "2018-06": {
            "month": "2018-06",
            "price": "9.77",
            "revenue": 93452
        },
        "2018-07": {
            "month": "2018-07",
            "price": "9.81",
            "revenue": 65697
        },
        "2018-08": {
            "month": "2018-08",
            "price": "10.29",
            "revenue": 62018
        },
        "2018-09": {
            "month": "2018-09",
            "price": "9.84",
            "revenue": 65669
        },
        "2018-10": {
            "month": "2018-10",
            "price": "10.01",
            "revenue": 63560
        },
        "2018-11": {
            "month": "2018-11",
            "price": "12.54",
            "revenue": 66088
        },
        "2018-12": {
            "month": "2018-12",
            "price": "18.00",
            "revenue": 49499
        },
        "2019-01": {
            "month": "2019-01",
            "price": "15.52",
            "revenue": 75605
        },
        "2019-02": {
            "month": "2019-02",
            "price": "15.58",
            "revenue": 52839
        },
        "2019-03": {
            "month": "2019-03",
            "price": "14.40",
            "revenue": 119594
        },
        "2019-04": {
            "month": "2019-04",
            "price": "16.22",
            "revenue": 112247
        },
        "2019-05": {
            "month": "2019-05",
            "price": "14.78",
            "revenue": 89231
        },
        "2019-06": {
            "month": "2019-06",
            "price": "14.46",
            "revenue": 56890
        },
        "2019-07": {
            "month": "2019-07",
            "price": "12.71",
            "revenue": 62157
        },
        "2019-08": {
            "month": "2019-08",
            "price": "12.89",
            "revenue": 82002
        },
        "2019-09": {
            "month": "2019-09",
            "price": "13.17",
            "revenue": 72068
        },
        "2019-10": {
            "month": "2019-10",
            "price": "14.60",
            "revenue": 66416
        },
        "2019-11": {
            "month": "2019-11",
            "price": "14.15",
            "revenue": 62657
        },
        "2019-12": {
            "month": "2019-12",
            "price": "13.80",
            "revenue": 50855
        },
        "2020-01": {
            "month": "2020-01",
            "price": "13.44",
            "revenue": 42149
        },
        "2020-02": {
            "month": "2020-02",
            "price": "13.51",
            "revenue": 47767
        },
        "2020-03": {
            "month": "2020-03",
            "price": "11.41",
            "revenue": 91000
        },
        "2020-04": {
            "month": "2020-04",
            "price": "10.45",
            "revenue": 95823
        },
        "2020-05": {
            "month": "2020-05",
            "price": "12.49",
            "revenue": 90857
        },
        "2020-06": {
            "month": "2020-06",
            "price": "12.21",
            "revenue": 38325
        },
        "2020-07": {
            "month": "2020-07",
            "price": "13.66",
            "revenue": 88901
        },
        "2020-08": {
            "month": "2020-08",
            "price": "16.25",
            "revenue": 72600
        },
        "2020-09": {
            "month": "2020-09",
            "price": "15.95",
            "revenue": 71073
        },
        "2020-10": {
            "month": "2020-10",
            "price": "18.15",
            "revenue": 59030
        },
        "2020-11": {
            "month": "2020-11",
            "price": "20.12",
            "revenue": 58441
        },
        "2020-12": {
            "month": "2020-12",
            "price": "19.75",
            "revenue": 39885
        },
        "2021-01": {
            "month": "2021-01",
            "price": "17.99",
            "revenue": 60763
        },
        "2021-02": {
            "month": "2021-02",
            "price": "17.63",
            "revenue": 47420
        },
        "2021-03": {
            "month": "2021-03",
            "price": "17.59",
            "revenue": 117810
        },
        "2021-04": {
            "month": "2021-04",
            "price": "18.71",
            "revenue": 113740
        },
        "2021-05": {
            "month": "2021-05",
            "price": "18.43",
            "revenue": 107407
        },
        "2021-06": {
            "month": "2021-06",
            "price": "18.56",
            "revenue": 82968
        },
        "2021-07": {
            "month": "2021-07",
            "price": "18.72",
            "revenue": 82905
        },
        "2021-08": {
            "month": "2021-08",
            "price": "18.40",
            "revenue": 66509
        },
        "2021-09": {
            "month": "2021-09",
            "price": "18.56",
            "revenue": 63597
        },
        "2021-10": {
            "month": "2021-10",
            "price": "19.16",
            "revenue": 51370
        },
        "2021-11": {
            "month": "2021-11",
            "price": "23.11",
            "revenue": 71762
        },
        "2021-12": {
            "month": "2021-12",
            "price": "26.41",
            "revenue": 76064
        },
        "2022-01": {
            "month": "2022-01",
            "price": "26.52",
            "revenue": 122871
        },
        "2022-02": {
            "month": "2022-02",
            "price": "26.29",
            "revenue": 59510
        },
        "2022-03": {
            "month": "2022-03",
            "price": "26.22",
            "revenue": 123893
        },
        "2022-04": {
            "month": "2022-04",
            "price": "26.12",
            "revenue": 62686
        },
        "2022-05": {
            "month": "2022-05",
            "price": "26.32",
            "revenue": 90454
        },
        "2022-06": {
            "month": "2022-06",
            "price": "25.92",
            "revenue": 69801
        },
        "2022-07": {
            "month": "2022-07",
            "price": "24.43",
            "revenue": 55392
        },
        "2022-08": {
            "month": "2022-08",
            "price": "27.03",
            "revenue": 62628
        },
        "2022-09": {
            "month": "2022-09",
            "price": "30.53",
            "revenue": 41663
        },
        "2022-10": {
            "month": "2022-10",
            "price": "32.25",
            "revenue": 46288
        },
        "2022-11": {
            "month": "2022-11",
            "price": "38.76",
            "revenue": 34529
        },
        "2022-12": {
            "month": "2022-12",
            "price": "44.18",
            "revenue": 40030
        },
        "2023-01": {
            "month": "2023-01",
            "price": "41.60",
            "revenue": 45649
        },
        "2023-02": {
            "month": "2023-02",
            "price": "45.14",
            "revenue": 70173
        },
        "2023-03": {
            "month": "2023-03",
            "price": "44.40",
            "revenue": 108687
        },
        "2023-04": {
            "month": "2023-04",
            "price": "47.68",
            "revenue": 66089
        },
        "2023-05": {
            "month": "2023-05",
            "price": "58.97",
            "revenue": 113064
        },
        "2023-06": {
            "month": "2023-06",
            "price": "65.63",
            "revenue": 68732
        },
        "2023-07": {
            "month": "2023-07",
            "price": "66.60",
            "revenue": 58424
        },
        "2023-08": {
            "month": "2023-08",
            "price": "73.74",
            "revenue": 91813
        },
        "2023-09": {
            "month": "2023-09",
            "price": "82.12",
            "revenue": 87012
        },
        "2023-10": {
            "month": "2023-10",
            "price": "80.78",
            "revenue": 72025
        },
        "2023-11": {
            "month": "2023-11",
            "price": "94.13",
            "revenue": 105257
        },
        "2023-12": {
            "month": "2023-12",
            "price": "109.02",
            "revenue": 63500
        }
    }
}
