{
    "summary": {
        "stock_name": "愛地雅",
        "stock_id": "8933",
        "category": "運動休閒",
        "main_business": "各種自行車、室內外運動車、童車、迷你踏板車及零件製造銷售。<br>農業機械、汽機車、輪船、飛機等零件之製造加工及內外銷。<br>有關工具之加工及買賣。",
        "website_url": "http://www.idealbike.com.tw",
        "ceo": "陳敬旺",
        "pe_ratio": 48,
        "report_year_from": 2001,
        "report_year_to": 2023,
        "age": 22,
        "eps_negative_percentage": 17,
        "eps_growth_avg": {
            "last_all": 11.23,
            "last_2y": 100,
            "last_4y": 100,
            "last_8y": 16.66,
            "last_12y": 13.29,
            "last_16y": 7.46,
            "last_20y": 11.23,
            "at_2006_last_3y": -16.05,
            "at_2007_last_3y": -7.87,
            "at_2008_last_3y": -13.47,
            "at_2009_last_3y": -7.12,
            "at_2010_last_3y": -9.13,
            "at_2011_last_3y": 10.04,
            "at_2012_last_3y": 18.45,
            "at_2013_last_3y": 8.24,
            "at_2014_last_3y": 19.95,
            "at_2015_last_3y": 25.78,
            "at_2016_last_3y": 14.78,
            "at_2017_last_3y": -25.01,
            "at_2018_last_3y": -25.67,
            "at_2019_last_3y": -88.51,
            "at_2020_last_3y": -100,
            "at_2021_last_3y": 100,
            "at_2022_last_3y": 100,
            "at_2023_last_3y": 100,
            "at_2006_last_all": 7.16,
            "at_2007_last_all": 5.97,
            "at_2008_last_all": -4.41,
            "at_2009_last_all": 8.64,
            "at_2010_last_all": -0.08,
            "at_2011_last_all": 7.59,
            "at_2012_last_all": 3.9,
            "at_2013_last_all": 8.51,
            "at_2014_last_all": 6.08,
            "at_2015_last_all": 12.79,
            "at_2016_last_all": 6.8,
            "at_2017_last_all": 0.13,
            "at_2018_last_all": 0.13,
            "at_2019_last_all": 0.13,
            "at_2020_last_all": 0.13,
            "at_2021_last_all": 6,
            "at_2022_last_all": 11.23,
            "at_2023_last_all": 11.23
        },
        "latest_eps": 0.21,
        "latest_price": 10.05,
        "latest_roe": 2.84,
        "latest_gross_margin": 7.92,
        "latest_equity": 2310364,
        "latest_revenue": 1020520,
        "latest_gross_profit": 80854,
        "latest_net_income": -51176,
        "latest_debt_ratio": 61.68,
        "latest_current_ratio": 144.3,
        "latest_account_receivable_turnover_ratio": 1.11,
        "latest_inventory_turnover_ratio": 0.34,
        "latest_reinvestment_rate": -7.29,
        "latest_research_to_sale_ratio": null
    },
    "eps_dividends": {
        "1998": {
            "cash": 0,
            "stock": 1,
            "eps": 0
        },
        "1999": {
            "cash": 0,
            "stock": 2,
            "eps": 0
        },
        "2000": {
            "cash": 0,
            "stock": 1,
            "eps": 0
        },
        "2001": {
            "cash": 0,
            "stock": 0.8,
            "eps": 0.24
        },
        "2002": {
            "cash": 0,
            "stock": 0.3,
            "eps": 1.68
        },
        "2003": {
            "cash": 1.1,
            "stock": 0,
            "eps": 1.13
        },
        "2004": {
            "cash": 0.4,
            "stock": 0.6,
            "eps": 0.63
        },
        "2005": {
            "cash": 0.2,
            "stock": 0.3,
            "eps": 1.1
        },
        "2006": {
            "cash": 0.4,
            "stock": 0.6,
            "eps": 0.42
        },
        "2007": {
            "cash": 0.15,
            "stock": 0.15,
            "eps": 0.42
        },
        "2008": {
            "cash": 0.3,
            "stock": 0.2,
            "eps": 0.14
        },
        "2009": {
            "cash": 0,
            "stock": 0,
            "eps": 1.99
        },
        "2010": {
            "cash": 0.25,
            "stock": 0.75,
            "eps": 0.6
        },
        "2011": {
            "cash": 0.2,
            "stock": 0.6,
            "eps": 1.06
        },
        "2012": {
            "cash": 0.12,
            "stock": 0.38,
            "eps": 0.71
        },
        "2013": {
            "cash": 0.1,
            "stock": 0.2,
            "eps": 1.13
        },
        "2014": {
            "cash": 0.3,
            "stock": 0.3,
            "eps": 0.87
        },
        "2015": {
            "cash": 0.4,
            "stock": 0,
            "eps": 1.74
        },
        "2016": {
            "cash": 0.5,
            "stock": 0,
            "eps": 0.4
        },
        "2017": {
            "cash": 0.2,
            "stock": 0,
            "eps": -0.21
        },
        "2018": {
            "cash": 0,
            "stock": 0,
            "eps": -6.99
        },
        "2019": {
            "cash": 0,
            "stock": 0,
            "eps": -1.09
        },
        "2020": {
            "cash": 0,
            "stock": 0,
            "eps": 0.04
        },
        "2021": {
            "cash": 0,
            "stock": 0,
            "eps": 0.24
        },
        "2022": {
            "cash": 0,
            "stock": 0,
            "eps": 1.1
        },
        "2023": {
            "cash": 0,
            "stock": 0,
            "eps": -0.34
        }
    },
    "dividends": {
        "1998-06-20": {
            "cash": 0,
            "stock": 1
        },
        "1999-06-11": {
            "cash": 0,
            "stock": 2
        },
        "2000-05-12": {
            "cash": 0,
            "stock": 1
        },
        "2001-06-15": {
            "cash": 0,
            "stock": 0.8
        },
        "2002-06-05": {
            "cash": 0,
            "stock": 0.3
        },
        "2003-06-06": {
            "cash": 1.1,
            "stock": 0
        },
        "2004-04-01": {
            "cash": 0.4,
            "stock": 0.6
        },
        "2005-04-11": {
            "cash": 0.2,
            "stock": 0.3
        },
        "2006-04-26": {
            "cash": 0.4,
            "stock": 0.6
        },
        "2007-04-19": {
            "cash": 0.15,
            "stock": 0.15
        },
        "2008-04-28": {
            "cash": 0.3,
            "stock": 0.2
        },
        "2010-03-29": {
            "cash": 0.25,
            "stock": 0.75
        },
        "2011-03-24": {
            "cash": 0.2,
            "stock": 0.6
        },
        "2012-06-15": {
            "cash": 0.12,
            "stock": 0.38
        },
        "2013-06-14": {
            "cash": 0.1,
            "stock": 0.2
        },
        "2014-11-13": {
            "cash": 0.3,
            "stock": 0.3
        },
        "2015-08-27": {
            "cash": 0.4,
            "stock": 0
        },
        "2016-08-12": {
            "cash": 0.5,
            "stock": 0
        },
        "2017-09-08": {
            "cash": 0.2,
            "stock": 0
        }
    },
    "prices": {
        "200101": "無",
        "200102": "無",
        "200103": "15.40",
        "200104": "16.06",
        "200105": "14.87",
        "200106": "14.71",
        "200107": "12.20",
        "200108": "9.75",
        "200109": "9.70",
        "200110": "9.09",
        "200111": "9.62",
        "200112": "12.40",
        "200201": "12.22",
        "200202": "14.27",
        "200203": "18.09",
        "200204": "20.73",
        "200205": "22.74",
        "200206": "21.26",
        "200207": "16.77",
        "200208": "18.06",
        "200209": "18.94",
        "200210": "18.75",
        "200211": "20.73",
        "200212": "21.19",
        "200301": "20.80",
        "200302": "22.71",
        "200303": "20.80",
        "200304": "21.40",
        "200305": "19.68",
        "200306": "20.50",
        "200307": "19.17",
        "200308": "19.39",
        "200309": "18.94",
        "200310": "18.18",
        "200311": "17.89",
        "200312": "18.57",
        "200401": "18.52",
        "200402": "17.92",
        "200403": "17.61",
        "200404": "16.53",
        "200405": "15.48",
        "200406": "14.42",
        "200407": "14.04",
        "200408": "14.18",
        "200409": "13.66",
        "200410": "13.66",
        "200411": "13.26",
        "200412": "13.32",
        "200501": "13.27",
        "200502": "13.80",
        "200503": "13.37",
        "200504": "13.34",
        "200505": "12.65",
        "200506": "12.48",
        "200507": "12.95",
        "200508": "12.05",
        "200509": "11.27",
        "200510": "12.18",
        "200511": "11.85",
        "200512": "12.03",
        "200601": "12.19",
        "200602": "12.08",
        "200603": "11.88",
        "200604": "12.46",
        "200605": "12.77",
        "200606": "11.51",
        "200607": "11.67",
        "200608": "11.46",
        "200609": "10.52",
        "200610": "10.23",
        "200611": "10.04",
        "200612": "10.86",
        "200701": "10.79",
        "200702": "10.50",
        "200703": "10.59",
        "200704": "12.76",
        "200705": "13.56",
        "200706": "14.97",
        "200707": "30.71",
        "200708": "33.06",
        "200709": "28.84",
        "200710": "23.71",
        "200711": "19.56",
        "200712": "15.73",
        "200801": "14.40",
        "200802": "14.67",
        "200803": "20.50",
        "200804": "21.11",
        "200805": "22.04",
        "200806": "21.19",
        "200807": "17.50",
        "200808": "14.79",
        "200809": "10.10",
        "200810": "8.70",
        "200811": "8.72",
        "200812": "8.73",
        "200901": "8.85",
        "200902": "8.96",
        "200903": "12.01",
        "200904": "19.27",
        "200905": "27.73",
        "200906": "23.51",
        "200907": "23.08",
        "200908": "27.24",
        "200909": "28.51",
        "200910": "28.12",
        "200911": "25.36",
        "200912": "25.67",
        "201001": "24.86",
        "201002": "20.42",
        "201003": "21.06",
        "201004": "21.27",
        "201005": "18.59",
        "201006": "16.75",
        "201007": "16.94",
        "201008": "17.37",
        "201009": "16.59",
        "201010": "15.42",
        "201011": "14.05",
        "201012": "14.87",
        "201101": "15.10",
        "201102": "14.16",
        "201103": "14.81",
        "201104": "15.73",
        "201105": "16.76",
        "201106": "15.89",
        "201107": "15.83",
        "201108": "13.90",
        "201109": "12.18",
        "201110": "11.42",
        "201111": "10.46",
        "201112": "9.12",
        "201201": "9.05",
        "201202": "11.42",
        "201203": "11.89",
        "201204": "11.74",
        "201205": "10.41",
        "201206": "9.74",
        "201207": "10.10",
        "201208": "10.62",
        "201209": "11.12",
        "201210": "10.15",
        "201211": "9.34",
        "201212": "9.85",
        "201301": "10.21",
        "201302": "10.43",
        "201303": "12.48",
        "201304": "13.88",
        "201305": "16.73",
        "201306": "17.77",
        "201307": "17.76",
        "201308": "15.41",
        "201309": "14.56",
        "201310": "15.42",
        "201311": "15.99",
        "201312": "16.92",
        "201401": "18.26",
        "201402": "21.11",
        "201403": "20.92",
        "201404": "18.99",
        "201405": "16.78",
        "201406": "16.66",
        "201407": "16.35",
        "201408": "15.27",
        "201409": "15.48",
        "201410": "13.56",
        "201411": "13.39",
        "201412": "13.87",
        "201501": "15.16",
        "201502": "15.30",
        "201503": "15.39",
        "201504": "16.60",
        "201505": "16.36",
        "201506": "14.45",
        "201507": "13.65",
        "201508": "13.00",
        "201509": "13.48",
        "201510": "16.12",
        "201511": "17.54",
        "201512": "15.52",
        "201601": "14.16",
        "201602": "14.37",
        "201603": "14.97",
        "201604": "13.88",
        "201605": "12.32",
        "201606": "12.37",
        "201607": "12.38",
        "201608": "12.17",
        "201609": "11.52",
        "201610": "10.93",
        "201611": "10.70",
        "201612": "11.22",
        "201701": "11.33",
        "201702": "11.55",
        "201703": "11.78",
        "201704": "11.27",
        "201705": "10.62",
        "201706": "10.53",
        "201707": "11.23",
        "201708": "11.00",
        "201709": "11.13",
        "201710": "11.07",
        "201711": "11.17",
        "201712": "12.90",
        "201801": "14.08",
        "201802": "12.80",
        "201803": "12.92",
        "201804": "11.63",
        "201805": "11.17",
        "201806": "11.25",
        "201807": "10.81",
        "201808": "9.56",
        "201809": "8.73",
        "201810": "7.78",
        "201811": "7.85",
        "201812": "7.74",
        "201901": "8.02",
        "201902": "8.38",
        "201903": "7.97",
        "201904": "7.51",
        "201905": "5.36",
        "201906": "4.86",
        "201907": "5.24",
        "201908": "4.60",
        "201909": "4.67",
        "201910": "4.23",
        "201911": "4.15",
        "201912": "5.60",
        "202001": "7.47",
        "202002": "6.28",
        "202003": "4.80",
        "202004": "4.59",
        "202005": "6.84",
        "202006": "10.10",
        "202007": "14.17",
        "202008": "14.79",
        "202009": "13.86",
        "202010": "12.58",
        "202011": "12.54",
        "202012": "12.15",
        "202101": "10.80",
        "202102": "10.86",
        "202103": "12.32",
        "202104": "14.93",
        "202105": "12.63",
        "202106": "11.99",
        "202107": "12.11",
        "202108": "11.45",
        "202109": "10.98",
        "202110": "10.75",
        "202111": "11.42",
        "202112": "12.35",
        "202201": "12.68",
        "202202": "12.62",
        "202203": "12.35",
        "202204": "12.40",
        "202205": "11.78",
        "202206": "12.26",
        "202207": "11.23",
        "202208": "12.98",
        "202209": "20.65",
        "202210": "20.77",
        "202211": "19.42",
        "202212": "16.70",
        "202301": "16.24",
        "202302": "16.07",
        "202303": "14.12",
        "202304": "12.49",
        "202305": "11.54",
        "202306": "11.41",
        "202307": "10.64",
        "202308": "10.03",
        "202309": "10.11"
    },
    "quarters": {
        "20011": {
            "year_quarter": 20011,
            "year": 2001,
            "quarter": 1,
            "eps": 0.22,
            "eps_growth_year": -38.89,
            "eps_4q": 0.85,
            "eps_4q_growth_year": null,
            "roe": 1.83,
            "roe_4q": 1.83,
            "gross_profit": 50418,
            "gross_margin": 14.21,
            "gross_margin_4q_avg": 14.21,
            "net_income": 15010,
            "revenue": 354897,
            "common_shares": 678084,
            "book_valuer_per_share": 12.23,
            "book_valuer_per_share_4q_avg": 12.23,
            "equity": 829237,
            "current_ratio": 154.11,
            "debt_ratio": 53.36,
            "inventory_turnover_ratio": 1,
            "account_receivable_turnover_ratio": null,
            "reinvestment_rate": null,
            "research_to_sale_ratio": null,
            "price_fair": 0,
            "eps_avg_yearly": 0,
            "eps_latest_yearly": 0,
            "eps_growth_yearly": 0
        },
        "20012": {
            "year_quarter": 20012,
            "year": 2001,
            "quarter": 2,
            "eps": -0.99,
            "eps_growth_year": -347.5,
            "eps_4q": -0.5,
            "eps_4q_growth_year": null,
            "roe": -8.45,
            "roe_4q": -6.619999999999999,
            "gross_profit": 11677,
            "gross_margin": 6.23,
            "gross_margin_4q_avg": 10.22,
            "net_income": -67214,
            "revenue": 187319,
            "common_shares": 678084,
            "book_valuer_per_share": 11.23,
            "book_valuer_per_share_4q_avg": 11.73,
            "equity": 761171,
            "current_ratio": 158.85,
            "debt_ratio": 51.65,
            "inventory_turnover_ratio": 0.91,
            "account_receivable_turnover_ratio": null,
            "reinvestment_rate": null,
            "research_to_sale_ratio": null,
            "price_fair": 0,
            "eps_avg_yearly": 0,
            "eps_latest_yearly": 0,
            "eps_growth_yearly": 0
        },
        "20013": {
            "year_quarter": 20013,
            "year": 2001,
            "quarter": 3,
            "eps": 0.59,
            "eps_growth_year": null,
            "eps_4q": 0.31,
            "eps_4q_growth_year": null,
            "roe": 5.1,
            "roe_4q": -1.5199999999999996,
            "gross_profit": 50218,
            "gross_margin": 16.49,
            "gross_margin_4q_avg": 12.31,
            "net_income": 39970,
            "revenue": 304615,
            "common_shares": 678084,
            "book_valuer_per_share": 11.88,
            "book_valuer_per_share_4q_avg": 11.78,
            "equity": 805494,
            "current_ratio": 143.45,
            "debt_ratio": 56.21,
            "inventory_turnover_ratio": 1.48,
            "account_receivable_turnover_ratio": null,
            "reinvestment_rate": null,
            "research_to_sale_ratio": null,
            "price_fair": 0,
            "eps_avg_yearly": 0,
            "eps_latest_yearly": 0,
            "eps_growth_yearly": 0
        },
        "20014": {
            "year_quarter": 20014,
            "year": 2001,
            "quarter": 4,
            "eps": 0.42,
            "eps_growth_year": -14.29,
            "eps_4q": 0.25,
            "eps_4q_growth_year": -73.8,
            "roe": 3.76,
            "roe_4q": 2.24,
            "gross_profit": 51566,
            "gross_margin": 17.27,
            "gross_margin_4q_avg": 13.55,
            "net_income": 30850,
            "revenue": 298515,
            "common_shares": 732331,
            "book_valuer_per_share": 11.41,
            "book_valuer_per_share_4q_avg": 11.69,
            "equity": 835532,
            "current_ratio": 138.73,
            "debt_ratio": 58.87,
            "inventory_turnover_ratio": 1,
            "account_receivable_turnover_ratio": null,
            "reinvestment_rate": null,
            "research_to_sale_ratio": null,
            "price_fair": 0,
            "eps_avg_yearly": 0,
            "eps_latest_yearly": 0,
            "eps_growth_yearly": 0
        },
        "20021": {
            "year_quarter": 20021,
            "year": 2002,
            "quarter": 1,
            "eps": 0.69,
            "eps_growth_year": 213.64,
            "eps_4q": 0.74,
            "eps_4q_growth_year": -13.37,
            "roe": 5.83,
            "roe_4q": 6.24,
            "gross_profit": 75875,
            "gross_margin": 16.22,
            "gross_margin_4q_avg": 14.05,
            "net_income": 50177,
            "revenue": 467859,
            "common_shares": 732331,
            "book_valuer_per_share": 12.11,
            "book_valuer_per_share_4q_avg": 11.66,
            "equity": 886513,
            "current_ratio": 146.07,
            "debt_ratio": 53.53,
            "inventory_turnover_ratio": 1.62,
            "account_receivable_turnover_ratio": null,
            "reinvestment_rate": null,
            "research_to_sale_ratio": null,
            "price_fair": 96.6,
            "eps_avg_yearly": 2.76,
            "eps_latest_yearly": 2.76,
            "eps_growth_yearly": 257.14
        },
        "20022": {
            "year_quarter": 20022,
            "year": 2002,
            "quarter": 2,
            "eps": -0.14,
            "eps_growth_year": null,
            "eps_4q": 1.51,
            "eps_4q_growth_year": null,
            "roe": -1.2,
            "roe_4q": 13.49,
            "gross_profit": 30788,
            "gross_margin": 12.34,
            "gross_margin_4q_avg": 15.58,
            "net_income": -10540,
            "revenue": 249520,
            "common_shares": 732331,
            "book_valuer_per_share": 11.94,
            "book_valuer_per_share_4q_avg": 11.84,
            "equity": 874388,
            "current_ratio": 132.94,
            "debt_ratio": 58.93,
            "inventory_turnover_ratio": 1.32,
            "account_receivable_turnover_ratio": null,
            "reinvestment_rate": null,
            "research_to_sale_ratio": null,
            "price_fair": 96.6,
            "eps_avg_yearly": 2.76,
            "eps_latest_yearly": 2.76,
            "eps_growth_yearly": 257.14
        },
        "20023": {
            "year_quarter": 20023,
            "year": 2002,
            "quarter": 3,
            "eps": 0.8,
            "eps_growth_year": 35.59,
            "eps_4q": 1.73,
            "eps_4q_growth_year": 458.97,
            "roe": 6.67,
            "roe_4q": 15.06,
            "gross_profit": 58945,
            "gross_margin": 15.52,
            "gross_margin_4q_avg": 15.34,
            "net_income": 60431,
            "revenue": 379920,
            "common_shares": 754301,
            "book_valuer_per_share": 12.43,
            "book_valuer_per_share_4q_avg": 11.97,
            "equity": 937731,
            "current_ratio": 122.7,
            "debt_ratio": 64.48,
            "inventory_turnover_ratio": 1.48,
            "account_receivable_turnover_ratio": null,
            "reinvestment_rate": null,
            "research_to_sale_ratio": null,
            "price_fair": 96.6,
            "eps_avg_yearly": 2.76,
            "eps_latest_yearly": 2.76,
            "eps_growth_yearly": 257.14
        },
        "20024": {
            "year_quarter": 20024,
            "year": 2002,
            "quarter": 4,
            "eps": 0.33,
            "eps_growth_year": -21.43,
            "eps_4q": 1.68,
            "eps_4q_growth_year": 560.9,
            "roe": 2.53,
            "roe_4q": 13.829999999999998,
            "gross_profit": 73678,
            "gross_margin": 15.22,
            "gross_margin_4q_avg": 14.83,
            "net_income": 24552,
            "revenue": 484167,
            "common_shares": 754301,
            "book_valuer_per_share": 12.77,
            "book_valuer_per_share_4q_avg": 12.31,
            "equity": 1002524,
            "current_ratio": 139.19,
            "debt_ratio": 61.69,
            "inventory_turnover_ratio": 1,
            "account_receivable_turnover_ratio": null,
            "reinvestment_rate": null,
            "research_to_sale_ratio": null,
            "price_fair": 42.99,
            "eps_avg_yearly": 2.04,
            "eps_latest_yearly": 1.32,
            "eps_growth_yearly": 11.07
        },
        "20031": {
            "year_quarter": 20031,
            "year": 2003,
            "quarter": 1,
            "eps": 0.7,
            "eps_growth_year": 1.45,
            "eps_4q": 1.54,
            "eps_4q_growth_year": 108.65,
            "roe": 5.31,
            "roe_4q": 13.31,
            "gross_profit": 112680,
            "gross_margin": 17.66,
            "gross_margin_4q_avg": 15.19,
            "net_income": 61805,
            "revenue": 637931,
            "common_shares": 954301,
            "book_valuer_per_share": 13.87,
            "book_valuer_per_share_4q_avg": 12.75,
            "equity": 1324056,
            "current_ratio": 171.11,
            "debt_ratio": 45.21,
            "inventory_turnover_ratio": 1.21,
            "account_receivable_turnover_ratio": null,
            "reinvestment_rate": null,
            "research_to_sale_ratio": null,
            "price_fair": 80.27,
            "eps_avg_yearly": 2.29,
            "eps_latest_yearly": 2.8,
            "eps_growth_yearly": 156.88
        },
        "20032": {
            "year_quarter": 20032,
            "year": 2003,
            "quarter": 2,
            "eps": 0.28,
            "eps_growth_year": null,
            "eps_4q": 1.86,
            "eps_4q_growth_year": 23.05,
            "roe": 2.03,
            "roe_4q": 16.54,
            "gross_profit": 66419,
            "gross_margin": 15.26,
            "gross_margin_4q_avg": 15.92,
            "net_income": 26079,
            "revenue": 435132,
            "common_shares": 954301,
            "book_valuer_per_share": 13.03,
            "book_valuer_per_share_4q_avg": 13.03,
            "equity": 1243331,
            "current_ratio": 164.81,
            "debt_ratio": 45.91,
            "inventory_turnover_ratio": 1.55,
            "account_receivable_turnover_ratio": null,
            "reinvestment_rate": null,
            "research_to_sale_ratio": null,
            "price_fair": 70,
            "eps_avg_yearly": 2,
            "eps_latest_yearly": 1.12,
            "eps_growth_yearly": 57.66
        },
        "20033": {
            "year_quarter": 20033,
            "year": 2003,
            "quarter": 3,
            "eps": 0.04,
            "eps_growth_year": -95,
            "eps_4q": 1.18,
            "eps_4q_growth_year": -31.83,
            "roe": 0.32,
            "roe_4q": 10.19,
            "gross_profit": 47641,
            "gross_margin": 12.42,
            "gross_margin_4q_avg": 15.14,
            "net_income": 3940,
            "revenue": 383535,
            "common_shares": 954301,
            "book_valuer_per_share": 13.02,
            "book_valuer_per_share_4q_avg": 13.17,
            "equity": 1242082,
            "current_ratio": 144.8,
            "debt_ratio": 50.88,
            "inventory_turnover_ratio": 1.5,
            "account_receivable_turnover_ratio": null,
            "reinvestment_rate": null,
            "research_to_sale_ratio": null,
            "price_fair": 4.9,
            "eps_avg_yearly": 1.63,
            "eps_latest_yearly": 0.16,
            "eps_growth_yearly": -22.45
        },
        "20034": {
            "year_quarter": 20034,
            "year": 2003,
            "quarter": 4,
            "eps": 0.11,
            "eps_growth_year": -66.67,
            "eps_4q": 1.12,
            "eps_4q_growth_year": -33.2,
            "roe": 0.8,
            "roe_4q": 8.459999999999999,
            "gross_profit": 41919,
            "gross_margin": 9.72,
            "gross_margin_4q_avg": 13.77,
            "net_income": 10012,
            "revenue": 431061,
            "common_shares": 954301,
            "book_valuer_per_share": 13.16,
            "book_valuer_per_share_4q_avg": 13.27,
            "equity": 1256011,
            "current_ratio": 146.83,
            "debt_ratio": 55.36,
            "inventory_turnover_ratio": 0.89,
            "account_receivable_turnover_ratio": null,
            "reinvestment_rate": 16.45,
            "research_to_sale_ratio": null,
            "price_fair": 50.17,
            "eps_avg_yearly": 1.43,
            "eps_latest_yearly": 0.44,
            "eps_growth_yearly": 97.96
        },
        "20041": {
            "year_quarter": 20041,
            "year": 2004,
            "quarter": 1,
            "eps": 0.56,
            "eps_growth_year": -20,
            "eps_4q": 0.98,
            "eps_4q_growth_year": -36.28,
            "roe": 4.15,
            "roe_4q": 7.300000000000001,
            "gross_profit": 56551,
            "gross_margin": 9.5,
            "gross_margin_4q_avg": 11.73,
            "net_income": 52968,
            "revenue": 595244,
            "common_shares": 954301,
            "book_valuer_per_share": 13.62,
            "book_valuer_per_share_4q_avg": 13.21,
            "equity": 1299579,
            "current_ratio": 141.04,
            "debt_ratio": 51.45,
            "inventory_turnover_ratio": 1.17,
            "account_receivable_turnover_ratio": null,
            "reinvestment_rate": -14.28,
            "research_to_sale_ratio": null,
            "price_fair": 54.2,
            "eps_avg_yearly": 1.55,
            "eps_latest_yearly": 2.24,
            "eps_growth_yearly": 317.73
        },
        "20042": {
            "year_quarter": 20042,
            "year": 2004,
            "quarter": 2,
            "eps": -0.22,
            "eps_growth_year": -178.57,
            "eps_4q": 0.45,
            "eps_4q_growth_year": -75.95,
            "roe": -1.71,
            "roe_4q": 3.56,
            "gross_profit": 52308,
            "gross_margin": 11.6,
            "gross_margin_4q_avg": 10.81,
            "net_income": -21761,
            "revenue": 450862,
            "common_shares": 1011559,
            "book_valuer_per_share": 12.3,
            "book_valuer_per_share_4q_avg": 13.03,
            "equity": 1244055,
            "current_ratio": 139.27,
            "debt_ratio": 51.16,
            "inventory_turnover_ratio": 1.3,
            "account_receivable_turnover_ratio": null,
            "reinvestment_rate": -16.42,
            "research_to_sale_ratio": null,
            "price_fair": 54.2,
            "eps_avg_yearly": 1.55,
            "eps_latest_yearly": 2.24,
            "eps_growth_yearly": 317.73
        },
        "20043": {
            "year_quarter": 20043,
            "year": 2004,
            "quarter": 3,
            "eps": 0.41,
            "eps_growth_year": 925,
            "eps_4q": 0.82,
            "eps_4q_growth_year": -30.87,
            "roe": 3.28,
            "roe_4q": 6.5200000000000005,
            "gross_profit": 76828,
            "gross_margin": 15.97,
            "gross_margin_4q_avg": 11.7,
            "net_income": 41550,
            "revenue": 481213,
            "common_shares": 1011559,
            "book_valuer_per_share": 12.78,
            "book_valuer_per_share_4q_avg": 12.97,
            "equity": 1293136,
            "current_ratio": 132.52,
            "debt_ratio": 53.77,
            "inventory_turnover_ratio": 0.92,
            "account_receivable_turnover_ratio": null,
            "reinvestment_rate": -13.17,
            "research_to_sale_ratio": null,
            "price_fair": 54.2,
            "eps_avg_yearly": 1.55,
            "eps_latest_yearly": 2.24,
            "eps_growth_yearly": 317.73
        },
        "20044": {
            "year_quarter": 20044,
            "year": 2004,
            "quarter": 4,
            "eps": -0.12,
            "eps_growth_year": -209.09,
            "eps_4q": 0.6,
            "eps_4q_growth_year": -46.37,
            "roe": -0.91,
            "roe_4q": 4.8100000000000005,
            "gross_profit": 66262,
            "gross_margin": 8.58,
            "gross_margin_4q_avg": 11.41,
            "net_income": -11649,
            "revenue": 772175,
            "common_shares": 1011559,
            "book_valuer_per_share": 12.54,
            "book_valuer_per_share_4q_avg": 12.81,
            "equity": 1268316,
            "current_ratio": 111.51,
            "debt_ratio": 68.69,
            "inventory_turnover_ratio": 0.75,
            "account_receivable_turnover_ratio": null,
            "reinvestment_rate": 83.7,
            "research_to_sale_ratio": null,
            "price_fair": 54.2,
            "eps_avg_yearly": 1.55,
            "eps_latest_yearly": 2.24,
            "eps_growth_yearly": 317.73
        },
        "20051": {
            "year_quarter": 20051,
            "year": 2005,
            "quarter": 1,
            "eps": 0.21,
            "eps_growth_year": -62.5,
            "eps_4q": 0.29,
            "eps_4q_growth_year": -70.42,
            "roe": 1.66,
            "roe_4q": 2.3199999999999994,
            "gross_profit": 58836,
            "gross_margin": 7.37,
            "gross_margin_4q_avg": 10.88,
            "net_income": 21134,
            "revenue": 798082,
            "common_shares": 1011559,
            "book_valuer_per_share": 12.63,
            "book_valuer_per_share_4q_avg": 12.56,
            "equity": 1277724,
            "current_ratio": 119.13,
            "debt_ratio": 61.98,
            "inventory_turnover_ratio": 0.73,
            "account_receivable_turnover_ratio": null,
            "reinvestment_rate": -13.94,
            "research_to_sale_ratio": null,
            "price_fair": 54.2,
            "eps_avg_yearly": 1.55,
            "eps_latest_yearly": 2.24,
            "eps_growth_yearly": 317.73
        },
        "20052": {
            "year_quarter": 20052,
            "year": 2005,
            "quarter": 2,
            "eps": 0.12,
            "eps_growth_year": null,
            "eps_4q": 0.61,
            "eps_4q_growth_year": 36.05,
            "roe": 0.99,
            "roe_4q": 5.02,
            "gross_profit": 57659,
            "gross_margin": 7.04,
            "gross_margin_4q_avg": 9.74,
            "net_income": 12566,
            "revenue": 818981,
            "common_shares": 1011559,
            "book_valuer_per_share": 12.49,
            "book_valuer_per_share_4q_avg": 12.61,
            "equity": 1263361,
            "current_ratio": 120.98,
            "debt_ratio": 58.35,
            "inventory_turnover_ratio": 1.15,
            "account_receivable_turnover_ratio": null,
            "reinvestment_rate": -10.39,
            "research_to_sale_ratio": null,
            "price_fair": 49.53,
            "eps_avg_yearly": 1.42,
            "eps_latest_yearly": 0.48,
            "eps_growth_yearly": 256.59
        },
        "20053": {
            "year_quarter": 20053,
            "year": 2005,
            "quarter": 3,
            "eps": 0.66,
            "eps_growth_year": 60.98,
            "eps_4q": 0.87,
            "eps_4q_growth_year": 6.78,
            "roe": 5.22,
            "roe_4q": 6.96,
            "gross_profit": 58392,
            "gross_margin": 10.23,
            "gross_margin_4q_avg": 8.31,
            "net_income": 68617,
            "revenue": 570815,
            "common_shares": 1041906,
            "book_valuer_per_share": 13.1,
            "book_valuer_per_share_4q_avg": 12.69,
            "equity": 1364376,
            "current_ratio": 118.55,
            "debt_ratio": 60.14,
            "inventory_turnover_ratio": 0.81,
            "account_receivable_turnover_ratio": null,
            "reinvestment_rate": -8.23,
            "research_to_sale_ratio": null,
            "price_fair": 54.29,
            "eps_avg_yearly": 1.55,
            "eps_latest_yearly": 2.64,
            "eps_growth_yearly": 428.08
        },
        "20054": {
            "year_quarter": 20054,
            "year": 2005,
            "quarter": 4,
            "eps": 0.11,
            "eps_growth_year": null,
            "eps_4q": 1.1,
            "eps_4q_growth_year": 82.6,
            "roe": 0.83,
            "roe_4q": 8.7,
            "gross_profit": 150403,
            "gross_margin": 15.88,
            "gross_margin_4q_avg": 10.13,
            "net_income": 11419,
            "revenue": 947021,
            "common_shares": 1041906,
            "book_valuer_per_share": 13.16,
            "book_valuer_per_share_4q_avg": 12.85,
            "equity": 1372858,
            "current_ratio": 120.23,
            "debt_ratio": 68.82,
            "inventory_turnover_ratio": 0.8,
            "account_receivable_turnover_ratio": null,
            "reinvestment_rate": 104.72,
            "research_to_sale_ratio": null,
            "price_fair": 50.4,
            "eps_avg_yearly": 1.44,
            "eps_latest_yearly": 0.44,
            "eps_growth_yearly": 351.94
        },
        "20061": {
            "year_quarter": 20061,
            "year": 2006,
            "quarter": 1,
            "eps": 0.46,
            "eps_growth_year": 119.05,
            "eps_4q": 1.35,
            "eps_4q_growth_year": 364.57,
            "roe": 3.32,
            "roe_4q": 10.36,
            "gross_profit": 107624,
            "gross_margin": 13.7,
            "gross_margin_4q_avg": 11.71,
            "net_income": 47788,
            "revenue": 785744,
            "common_shares": 1041906,
            "book_valuer_per_share": 14.44,
            "book_valuer_per_share_4q_avg": 13.3,
            "equity": 1504602,
            "current_ratio": 168.53,
            "debt_ratio": 54.82,
            "inventory_turnover_ratio": 0.73,
            "account_receivable_turnover_ratio": null,
            "reinvestment_rate": -7.43,
            "research_to_sale_ratio": null,
            "price_fair": 47.18,
            "eps_avg_yearly": 1.35,
            "eps_latest_yearly": 1.84,
            "eps_growth_yearly": 453.5
        },
        "20062": {
            "year_quarter": 20062,
            "year": 2006,
            "quarter": 2,
            "eps": -0.13,
            "eps_growth_year": -208.33,
            "eps_4q": 1.1,
            "eps_4q_growth_year": 81.4,
            "roe": -0.9,
            "roe_4q": 8.469999999999999,
            "gross_profit": 29999,
            "gross_margin": 7.87,
            "gross_margin_4q_avg": 11.92,
            "net_income": -13032,
            "revenue": 381073,
            "common_shares": 1041906,
            "book_valuer_per_share": 13.49,
            "book_valuer_per_share_4q_avg": 13.55,
            "equity": 1405601,
            "current_ratio": 150.35,
            "debt_ratio": 48.44,
            "inventory_turnover_ratio": 0.7,
            "account_receivable_turnover_ratio": null,
            "reinvestment_rate": -7.73,
            "research_to_sale_ratio": null,
            "price_fair": 47.18,
            "eps_avg_yearly": 1.35,
            "eps_latest_yearly": 1.84,
            "eps_growth_yearly": 453.5
        },
        "20063": {
            "year_quarter": 20063,
            "year": 2006,
            "quarter": 3,
            "eps": 0.07,
            "eps_growth_year": -89.39,
            "eps_4q": 0.47,
            "eps_4q_growth_year": -45.57,
            "roe": 0.56,
            "roe_4q": 3.81,
            "gross_profit": 32652,
            "gross_margin": 9.03,
            "gross_margin_4q_avg": 11.62,
            "net_income": 7987,
            "revenue": 361600,
            "common_shares": 1104420,
            "book_valuer_per_share": 13.15,
            "book_valuer_per_share_4q_avg": 13.56,
            "equity": 1452258,
            "current_ratio": 151.59,
            "debt_ratio": 48.98,
            "inventory_turnover_ratio": 0.66,
            "account_receivable_turnover_ratio": null,
            "reinvestment_rate": -8.63,
            "research_to_sale_ratio": null,
            "price_fair": 47.18,
            "eps_avg_yearly": 1.35,
            "eps_latest_yearly": 1.84,
            "eps_growth_yearly": 453.5
        },
        "20064": {
            "year_quarter": 20064,
            "year": 2006,
            "quarter": 4,
            "eps": 0.02,
            "eps_growth_year": -81.82,
            "eps_4q": 0.48,
            "eps_4q_growth_year": -56,
            "roe": 0.13,
            "roe_4q": 3.11,
            "gross_profit": 60151,
            "gross_margin": 9.44,
            "gross_margin_4q_avg": 10.01,
            "net_income": 1850,
            "revenue": 637264,
            "common_shares": 1104420,
            "book_valuer_per_share": 13.57,
            "book_valuer_per_share_4q_avg": 13.66,
            "equity": 1500658,
            "current_ratio": 120.51,
            "debt_ratio": 64.58,
            "inventory_turnover_ratio": 0.58,
            "account_receivable_turnover_ratio": null,
            "reinvestment_rate": 108.28,
            "research_to_sale_ratio": null,
            "price_fair": 42.84,
            "eps_avg_yearly": 1.22,
            "eps_latest_yearly": 0.08,
            "eps_growth_yearly": 448.42
        },
        "20071": {
            "year_quarter": 20071,
            "year": 2007,
            "quarter": 1,
            "eps": 0.56,
            "eps_growth_year": 21.74,
            "eps_4q": 0.53,
            "eps_4q_growth_year": -60.71,
            "roe": 4.07,
            "roe_4q": 3.86,
            "gross_profit": 92523,
            "gross_margin": 11.95,
            "gross_margin_4q_avg": 9.57,
            "net_income": 61591,
            "revenue": 774432,
            "common_shares": 1104420,
            "book_valuer_per_share": 13.78,
            "book_valuer_per_share_4q_avg": 13.5,
            "equity": 1522311,
            "current_ratio": 141.75,
            "debt_ratio": 54.5,
            "inventory_turnover_ratio": 0.67,
            "account_receivable_turnover_ratio": null,
            "reinvestment_rate": -9.32,
            "research_to_sale_ratio": null,
            "price_fair": 40.88,
            "eps_avg_yearly": 1.17,
            "eps_latest_yearly": 2.24,
            "eps_growth_yearly": 1483.58
        },
        "20072": {
            "year_quarter": 20072,
            "year": 2007,
            "quarter": 2,
            "eps": 0.14,
            "eps_growth_year": null,
            "eps_4q": 0.8,
            "eps_4q_growth_year": -27.1,
            "roe": 0.98,
            "roe_4q": 5.74,
            "gross_profit": 76179,
            "gross_margin": 12.36,
            "gross_margin_4q_avg": 10.7,
            "net_income": 15078,
            "revenue": 616555,
            "common_shares": 1104420,
            "book_valuer_per_share": 14.14,
            "book_valuer_per_share_4q_avg": 13.66,
            "equity": 1561245,
            "current_ratio": 146.2,
            "debt_ratio": 51.29,
            "inventory_turnover_ratio": 1.07,
            "account_receivable_turnover_ratio": null,
            "reinvestment_rate": -8.35,
            "research_to_sale_ratio": null,
            "price_fair": 38.92,
            "eps_avg_yearly": 1.11,
            "eps_latest_yearly": 0.56,
            "eps_growth_yearly": 1477.58
        },
        "20073": {
            "year_quarter": 20073,
            "year": 2007,
            "quarter": 3,
            "eps": -0.1,
            "eps_growth_year": -242.86,
            "eps_4q": 0.6,
            "eps_4q_growth_year": 25.99,
            "roe": -0.72,
            "roe_4q": 4.46,
            "gross_profit": 22839,
            "gross_margin": 7.11,
            "gross_margin_4q_avg": 10.22,
            "net_income": -11477,
            "revenue": 321363,
            "common_shares": 1120986,
            "book_valuer_per_share": 14.7,
            "book_valuer_per_share_4q_avg": 14.05,
            "equity": 1647561,
            "current_ratio": 166.62,
            "debt_ratio": 43.96,
            "inventory_turnover_ratio": 0.69,
            "account_receivable_turnover_ratio": null,
            "reinvestment_rate": -8.23,
            "research_to_sale_ratio": null,
            "price_fair": 42.62,
            "eps_avg_yearly": 1.22,
            "eps_latest_yearly": 0.56,
            "eps_growth_yearly": 1679.85
        },
        "20074": {
            "year_quarter": 20074,
            "year": 2007,
            "quarter": 4,
            "eps": -0.18,
            "eps_growth_year": -1000,
            "eps_4q": 0.39,
            "eps_4q_growth_year": -18.86,
            "roe": -1.23,
            "roe_4q": 3.1000000000000005,
            "gross_profit": 52521,
            "gross_margin": 9.74,
            "gross_margin_4q_avg": 10.29,
            "net_income": -19703,
            "revenue": 539366,
            "common_shares": 1120986,
            "book_valuer_per_share": 13.7,
            "book_valuer_per_share_4q_avg": 14.08,
            "equity": 1545006,
            "current_ratio": 122.09,
            "debt_ratio": 66.24,
            "inventory_turnover_ratio": 0.44,
            "account_receivable_turnover_ratio": null,
            "reinvestment_rate": 108.49,
            "research_to_sale_ratio": null,
            "price_fair": 46.03,
            "eps_avg_yearly": 1.32,
            "eps_latest_yearly": 0.56,
            "eps_growth_yearly": 1802.33
        },
        "20081": {
            "year_quarter": 20081,
            "year": 2008,
            "quarter": 1,
            "eps": -0.33,
            "eps_growth_year": -158.93,
            "eps_4q": -0.5,
            "eps_4q_growth_year": -193.9,
            "roe": -2.31,
            "roe_4q": -3.28,
            "gross_profit": 143295,
            "gross_margin": 14.27,
            "gross_margin_4q_avg": 10.87,
            "net_income": -35052,
            "revenue": 1004444,
            "common_shares": 1120986,
            "book_valuer_per_share": 13.23,
            "book_valuer_per_share_4q_avg": 13.94,
            "equity": 1494202,
            "current_ratio": 118.69,
            "debt_ratio": 69.43,
            "inventory_turnover_ratio": 0.5,
            "account_receivable_turnover_ratio": null,
            "reinvestment_rate": 228.2,
            "research_to_sale_ratio": null,
            "price_fair": 41.4,
            "eps_avg_yearly": 1.18,
            "eps_latest_yearly": 0.56,
            "eps_growth_yearly": 1826.04
        },
        "20082": {
            "year_quarter": 20082,
            "year": 2008,
            "quarter": 2,
            "eps": -0.11,
            "eps_growth_year": -178.57,
            "eps_4q": -0.71,
            "eps_4q_growth_year": -188.67,
            "roe": -0.61,
            "roe_4q": -4.87,
            "gross_profit": 80584,
            "gross_margin": 3.81,
            "gross_margin_4q_avg": 8.73,
            "net_income": -8819,
            "revenue": 2114247,
            "common_shares": 1120986,
            "book_valuer_per_share": 12.46,
            "book_valuer_per_share_4q_avg": 13.52,
            "equity": 1410410,
            "current_ratio": 115.81,
            "debt_ratio": 70.14,
            "inventory_turnover_ratio": 1.21,
            "account_receivable_turnover_ratio": null,
            "reinvestment_rate": 216.13,
            "research_to_sale_ratio": null,
            "price_fair": 41.4,
            "eps_avg_yearly": 1.18,
            "eps_latest_yearly": 0.56,
            "eps_growth_yearly": 1826.04
        },
        "20083": {
            "year_quarter": 20083,
            "year": 2008,
            "quarter": 3,
            "eps": 0.27,
            "eps_growth_year": null,
            "eps_4q": -0.3,
            "eps_4q_growth_year": -150.3,
            "roe": 2.42,
            "roe_4q": -1.73,
            "gross_profit": 141384,
            "gross_margin": 9.28,
            "gross_margin_4q_avg": 9.28,
            "net_income": 33555,
            "revenue": 1523882,
            "common_shares": 1143406,
            "book_valuer_per_share": 11.8,
            "book_valuer_per_share_4q_avg": 12.8,
            "equity": 1366259,
            "current_ratio": 111.68,
            "debt_ratio": 72.87,
            "inventory_turnover_ratio": 0.8,
            "account_receivable_turnover_ratio": null,
            "reinvestment_rate": 284.51,
            "research_to_sale_ratio": null,
            "price_fair": 41.4,
            "eps_avg_yearly": 1.18,
            "eps_latest_yearly": 0.56,
            "eps_growth_yearly": 1826.04
        },
        "20084": {
            "year_quarter": 20084,
            "year": 2008,
            "quarter": 4,
            "eps": 0.31,
            "eps_growth_year": null,
            "eps_4q": 0.14,
            "eps_4q_growth_year": -63.49,
            "roe": 2.9,
            "roe_4q": 2.4,
            "gross_profit": 215787,
            "gross_margin": 10.4,
            "gross_margin_4q_avg": 9.44,
            "net_income": 39506,
            "revenue": 2074691,
            "common_shares": 1143406,
            "book_valuer_per_share": 11.7,
            "book_valuer_per_share_4q_avg": 12.3,
            "equity": 1357686,
            "current_ratio": 109.64,
            "debt_ratio": 74.62,
            "inventory_turnover_ratio": 1.01,
            "account_receivable_turnover_ratio": 4.16,
            "reinvestment_rate": 43.27,
            "research_to_sale_ratio": null,
            "price_fair": 41.65,
            "eps_avg_yearly": 1.19,
            "eps_latest_yearly": 1.24,
            "eps_growth_yearly": 1605.19
        },
        "20091": {
            "year_quarter": 20091,
            "year": 2009,
            "quarter": 1,
            "eps": 1.26,
            "eps_growth_year": null,
            "eps_4q": 1.68,
            "eps_4q_growth_year": null,
            "roe": 10.27,
            "roe_4q": 14.98,
            "gross_profit": 458883,
            "gross_margin": 19.26,
            "gross_margin_4q_avg": 10.69,
            "net_income": 149919,
            "revenue": 2382831,
            "common_shares": 1143406,
            "book_valuer_per_share": 13.43,
            "book_valuer_per_share_4q_avg": 12.35,
            "equity": 1561695,
            "current_ratio": 114.4,
            "debt_ratio": 72.72,
            "inventory_turnover_ratio": 1.06,
            "account_receivable_turnover_ratio": 1.55,
            "reinvestment_rate": 123.83,
            "research_to_sale_ratio": null,
            "price_fair": 56.62,
            "eps_avg_yearly": 1.62,
            "eps_latest_yearly": 5.04,
            "eps_growth_yearly": 1563.04
        },
        "20092": {
            "year_quarter": 20092,
            "year": 2009,
            "quarter": 2,
            "eps": 0.76,
            "eps_growth_year": null,
            "eps_4q": 2.5,
            "eps_4q_growth_year": null,
            "roe": 5.68,
            "roe_4q": 21.269999999999996,
            "gross_profit": 279495,
            "gross_margin": 15.51,
            "gross_margin_4q_avg": 13.61,
            "net_income": 90707,
            "revenue": 1801495,
            "common_shares": 1143406,
            "book_valuer_per_share": 14.04,
            "book_valuer_per_share_4q_avg": 12.74,
            "equity": 1634118,
            "current_ratio": 124.28,
            "debt_ratio": 63.45,
            "inventory_turnover_ratio": 1.07,
            "account_receivable_turnover_ratio": 1.17,
            "reinvestment_rate": 99.65,
            "research_to_sale_ratio": null,
            "price_fair": 66.58,
            "eps_avg_yearly": 1.9,
            "eps_latest_yearly": 3.04,
            "eps_growth_yearly": 1564.45
        },
        "20093": {
            "year_quarter": 20093,
            "year": 2009,
            "quarter": 3,
            "eps": 0.02,
            "eps_growth_year": -92.59,
            "eps_4q": 0.73,
            "eps_4q_growth_year": null,
            "roe": 0.45,
            "roe_4q": 19.299999999999997,
            "gross_profit": 153062,
            "gross_margin": 11.82,
            "gross_margin_4q_avg": 14.25,
            "net_income": 7432,
            "revenue": 1295124,
            "common_shares": 1143406,
            "book_valuer_per_share": 14.6,
            "book_valuer_per_share_4q_avg": 13.44,
            "equity": 1703438,
            "current_ratio": 142.04,
            "debt_ratio": 63.77,
            "inventory_turnover_ratio": 1.03,
            "account_receivable_turnover_ratio": 1.15,
            "reinvestment_rate": 117.46,
            "research_to_sale_ratio": null,
            "price_fair": 56.62,
            "eps_avg_yearly": 1.62,
            "eps_latest_yearly": 0.08,
            "eps_growth_yearly": 1321.17
        },
        "20094": {
            "year_quarter": 20094,
            "year": 2009,
            "quarter": 4,
            "eps": -0.05,
            "eps_growth_year": -116.13,
            "eps_4q": 2.01,
            "eps_4q_growth_year": 1307.14,
            "roe": -0.65,
            "roe_4q": 15.75,
            "gross_profit": 23201,
            "gross_margin": 1.88,
            "gross_margin_4q_avg": 12.12,
            "net_income": -11051,
            "revenue": 1233246,
            "common_shares": 1143607,
            "book_valuer_per_share": 14.93,
            "book_valuer_per_share_4q_avg": 14.25,
            "equity": 1717630,
            "current_ratio": 142.09,
            "debt_ratio": 64.29,
            "inventory_turnover_ratio": 0.93,
            "account_receivable_turnover_ratio": 2.01,
            "reinvestment_rate": 301.28,
            "research_to_sale_ratio": null,
            "price_fair": 61.78,
            "eps_avg_yearly": 1.77,
            "eps_latest_yearly": 0.08,
            "eps_growth_yearly": 1527.98
        },
        "20101": {
            "year_quarter": 20101,
            "year": 2010,
            "quarter": 1,
            "eps": 0.37,
            "eps_growth_year": -70.63,
            "eps_4q": 1.08,
            "eps_4q_growth_year": -35.8,
            "roe": 2.48,
            "roe_4q": 7.96,
            "gross_profit": 195065,
            "gross_margin": 14.29,
            "gross_margin_4q_avg": 10.88,
            "net_income": 42246,
            "revenue": 1365333,
            "common_shares": 1143607,
            "book_valuer_per_share": 14.66,
            "book_valuer_per_share_4q_avg": 14.56,
            "equity": 1695841,
            "current_ratio": 131.03,
            "debt_ratio": 67.24,
            "inventory_turnover_ratio": 0.8,
            "account_receivable_turnover_ratio": 1,
            "reinvestment_rate": 210.34,
            "research_to_sale_ratio": 0.51,
            "price_fair": 61.4,
            "eps_avg_yearly": 1.75,
            "eps_latest_yearly": 0.08,
            "eps_growth_yearly": 1564.45
        },
        "20102": {
            "year_quarter": 20102,
            "year": 2010,
            "quarter": 2,
            "eps": 0.17,
            "eps_growth_year": -77.75,
            "eps_4q": 0.46,
            "eps_4q_growth_year": -81.64,
            "roe": 1.3,
            "roe_4q": 3.5800000000000005,
            "gross_profit": 148964,
            "gross_margin": 8.7,
            "gross_margin_4q_avg": 9.17,
            "net_income": 21960,
            "revenue": 1713081,
            "common_shares": 1143607,
            "book_valuer_per_share": 14.49,
            "book_valuer_per_share_4q_avg": 14.67,
            "equity": 1677547,
            "current_ratio": 133.92,
            "debt_ratio": 64.87,
            "inventory_turnover_ratio": 1.18,
            "account_receivable_turnover_ratio": 1.19,
            "reinvestment_rate": 195.15,
            "research_to_sale_ratio": 1.13,
            "price_fair": 56.7,
            "eps_avg_yearly": 1.62,
            "eps_latest_yearly": 0.68,
            "eps_growth_yearly": 1341.87
        },
        "20103": {
            "year_quarter": 20103,
            "year": 2010,
            "quarter": 3,
            "eps": 0.17,
            "eps_growth_year": 762.99,
            "eps_4q": 0.61,
            "eps_4q_growth_year": -15.56,
            "roe": 1.27,
            "roe_4q": 4.4,
            "gross_profit": 122775,
            "gross_margin": 8.91,
            "gross_margin_4q_avg": 8.45,
            "net_income": 21617,
            "revenue": 1377660,
            "common_shares": 1143607,
            "book_valuer_per_share": 14.92,
            "book_valuer_per_share_4q_avg": 14.75,
            "equity": 1726643,
            "current_ratio": 134.16,
            "debt_ratio": 65.24,
            "inventory_turnover_ratio": 0.98,
            "account_receivable_turnover_ratio": 1,
            "reinvestment_rate": 203.31,
            "research_to_sale_ratio": 1,
            "price_fair": 53.04,
            "eps_avg_yearly": 1.52,
            "eps_latest_yearly": 0.68,
            "eps_growth_yearly": 1192.77
        },
        "20104": {
            "year_quarter": 20104,
            "year": 2010,
            "quarter": 4,
            "eps": -0.11,
            "eps_growth_year": null,
            "eps_4q": 0.55,
            "eps_4q_growth_year": -72.56,
            "roe": -0.87,
            "roe_4q": 4.18,
            "gross_profit": 184917,
            "gross_margin": 10.72,
            "gross_margin_4q_avg": 10.66,
            "net_income": -14563,
            "revenue": 1725100,
            "common_shares": 1229226,
            "book_valuer_per_share": 13.3,
            "book_valuer_per_share_4q_avg": 14.34,
            "equity": 1639386,
            "current_ratio": 131.88,
            "debt_ratio": 66.3,
            "inventory_turnover_ratio": 1.15,
            "account_receivable_turnover_ratio": 1.36,
            "reinvestment_rate": 92.99,
            "research_to_sale_ratio": 0.71,
            "price_fair": 59.33,
            "eps_avg_yearly": 1.7,
            "eps_latest_yearly": 0.68,
            "eps_growth_yearly": 1377.58
        },
        "20111": {
            "year_quarter": 20111,
            "year": 2011,
            "quarter": 1,
            "eps": 0.55,
            "eps_growth_year": 48.65,
            "eps_4q": 0.79,
            "eps_4q_growth_year": -26.79,
            "roe": 3.98,
            "roe_4q": 5.68,
            "gross_profit": 175156,
            "gross_margin": 11.57,
            "gross_margin_4q_avg": 9.98,
            "net_income": 66976,
            "revenue": 1514358,
            "common_shares": 1229226,
            "book_valuer_per_share": 14.05,
            "book_valuer_per_share_4q_avg": 14.19,
            "equity": 1729951,
            "current_ratio": 129.3,
            "debt_ratio": 67.8,
            "inventory_turnover_ratio": 0.95,
            "account_receivable_turnover_ratio": 1.24,
            "reinvestment_rate": 216.4,
            "research_to_sale_ratio": 0,
            "price_fair": 56.6,
            "eps_avg_yearly": 1.62,
            "eps_latest_yearly": 0.68,
            "eps_growth_yearly": 31.52
        },
        "20112": {
            "year_quarter": 20112,
            "year": 2011,
            "quarter": 2,
            "eps": -0.03,
            "eps_growth_year": -117.48,
            "eps_4q": 0.55,
            "eps_4q_growth_year": 20.36,
            "roe": -0.13,
            "roe_4q": 4.25,
            "gross_profit": 139992,
            "gross_margin": 8.82,
            "gross_margin_4q_avg": 10.01,
            "net_income": -2302,
            "revenue": 1587898,
            "common_shares": 1229226,
            "book_valuer_per_share": 13.73,
            "book_valuer_per_share_4q_avg": 14,
            "equity": 1693058,
            "current_ratio": 123.48,
            "debt_ratio": 66.61,
            "inventory_turnover_ratio": 1.02,
            "account_receivable_turnover_ratio": 1.02,
            "reinvestment_rate": 223.27,
            "research_to_sale_ratio": 0,
            "price_fair": 62.77,
            "eps_avg_yearly": 1.79,
            "eps_latest_yearly": 0.68,
            "eps_growth_yearly": 86.77
        },
        "20113": {
            "year_quarter": 20113,
            "year": 2011,
            "quarter": 3,
            "eps": 0.12,
            "eps_growth_year": -27.91,
            "eps_4q": 0.51,
            "eps_4q_growth_year": -16.38,
            "roe": 0.91,
            "roe_4q": 3.8899999999999997,
            "gross_profit": 169191,
            "gross_margin": 12.55,
            "gross_margin_4q_avg": 10.92,
            "net_income": 15736,
            "revenue": 1347824,
            "common_shares": 1229226,
            "book_valuer_per_share": 14.33,
            "book_valuer_per_share_4q_avg": 13.85,
            "equity": 1765271,
            "current_ratio": 129.57,
            "debt_ratio": 65.73,
            "inventory_turnover_ratio": 0.88,
            "account_receivable_turnover_ratio": 0.76,
            "reinvestment_rate": 217.49,
            "research_to_sale_ratio": 0,
            "price_fair": 62.77,
            "eps_avg_yearly": 1.79,
            "eps_latest_yearly": 0.68,
            "eps_growth_yearly": 86.77
        },
        "20114": {
            "year_quarter": 20114,
            "year": 2011,
            "quarter": 4,
            "eps": 0.42,
            "eps_growth_year": null,
            "eps_4q": 1.04,
            "eps_4q_growth_year": 88.09,
            "roe": 2.99,
            "roe_4q": 7.75,
            "gross_profit": 170541,
            "gross_margin": 11.6,
            "gross_margin_4q_avg": 11.14,
            "net_income": 53462,
            "revenue": 1470127,
            "common_shares": 1302157,
            "book_valuer_per_share": 13.92,
            "book_valuer_per_share_4q_avg": 14.01,
            "equity": 1816135,
            "current_ratio": 133.28,
            "debt_ratio": 64.65,
            "inventory_turnover_ratio": 1,
            "account_receivable_turnover_ratio": 0.77,
            "reinvestment_rate": 68.28,
            "research_to_sale_ratio": 0,
            "price_fair": 62.2,
            "eps_avg_yearly": 1.78,
            "eps_latest_yearly": 1.68,
            "eps_growth_yearly": 217.24
        },
        "20121": {
            "year_quarter": 20121,
            "year": 2012,
            "quarter": 1,
            "eps": 0.16,
            "eps_growth_year": -70.91,
            "eps_4q": 0.68,
            "eps_4q_growth_year": -13.46,
            "roe": 1.14,
            "roe_4q": 4.91,
            "gross_profit": 154925,
            "gross_margin": 12.6,
            "gross_margin_4q_avg": 11.39,
            "net_income": 20643,
            "revenue": 1229257,
            "common_shares": 1302157,
            "book_valuer_per_share": 13.94,
            "book_valuer_per_share_4q_avg": 13.98,
            "equity": 1818250,
            "current_ratio": 137.03,
            "debt_ratio": 63.02,
            "inventory_turnover_ratio": 0.91,
            "account_receivable_turnover_ratio": 0.6,
            "reinvestment_rate": 61.38,
            "research_to_sale_ratio": null,
            "price_fair": 57.23,
            "eps_avg_yearly": 1.64,
            "eps_latest_yearly": 0.64,
            "eps_growth_yearly": 159.13
        },
        "20122": {
            "year_quarter": 20122,
            "year": 2012,
            "quarter": 2,
            "eps": 0.22,
            "eps_growth_year": null,
            "eps_4q": 0.91,
            "eps_4q_growth_year": 63.73,
            "roe": 1.68,
            "roe_4q": 6.720000000000001,
            "gross_profit": 140289,
            "gross_margin": 12.02,
            "gross_margin_4q_avg": 12.19,
            "net_income": 30663,
            "revenue": 1167207,
            "common_shares": 1302157,
            "book_valuer_per_share": 14.04,
            "book_valuer_per_share_4q_avg": 14.06,
            "equity": 1831798,
            "current_ratio": 142.49,
            "debt_ratio": 60.39,
            "inventory_turnover_ratio": 0.97,
            "account_receivable_turnover_ratio": 0.63,
            "reinvestment_rate": 53.98,
            "research_to_sale_ratio": null,
            "price_fair": 54.29,
            "eps_avg_yearly": 1.55,
            "eps_latest_yearly": 0.88,
            "eps_growth_yearly": 158.11
        },
        "20123": {
            "year_quarter": 20123,
            "year": 2012,
            "quarter": 3,
            "eps": 0.13,
            "eps_growth_year": 7.23,
            "eps_4q": 0.92,
            "eps_4q_growth_year": 79.16,
            "roe": 0.98,
            "roe_4q": 6.79,
            "gross_profit": 131883,
            "gross_margin": 11.19,
            "gross_margin_4q_avg": 11.85,
            "net_income": 18029,
            "revenue": 1178276,
            "common_shares": 1302157,
            "book_valuer_per_share": 14.04,
            "book_valuer_per_share_4q_avg": 13.99,
            "equity": 1832566,
            "current_ratio": 138.6,
            "debt_ratio": 61.25,
            "inventory_turnover_ratio": 0.9,
            "account_receivable_turnover_ratio": 0.74,
            "reinvestment_rate": 39.97,
            "research_to_sale_ratio": null,
            "price_fair": 50.68,
            "eps_avg_yearly": 1.45,
            "eps_latest_yearly": 0.52,
            "eps_growth_yearly": 125.94
        },
        "20124": {
            "year_quarter": 20124,
            "year": 2012,
            "quarter": 4,
            "eps": 0.2,
            "eps_growth_year": -52.86,
            "eps_4q": 0.71,
            "eps_4q_growth_year": -31.32,
            "roe": 1.35,
            "roe_4q": 5.1499999999999995,
            "gross_profit": 146282,
            "gross_margin": 9.66,
            "gross_margin_4q_avg": 11.37,
            "net_income": 24978,
            "revenue": 1514877,
            "common_shares": 1349398,
            "book_valuer_per_share": 13.72,
            "book_valuer_per_share_4q_avg": 13.94,
            "equity": 1857002,
            "current_ratio": 137.79,
            "debt_ratio": 61.98,
            "inventory_turnover_ratio": 1.07,
            "account_receivable_turnover_ratio": 0.9,
            "reinvestment_rate": 49.53,
            "research_to_sale_ratio": null,
            "price_fair": 49.14,
            "eps_avg_yearly": 1.4,
            "eps_latest_yearly": 0.8,
            "eps_growth_yearly": 141.55
        },
        "20131": {
            "year_quarter": 20131,
            "year": 2013,
            "quarter": 1,
            "eps": 0.62,
            "eps_growth_year": 287.5,
            "eps_4q": 1.17,
            "eps_4q_growth_year": 71.78,
            "roe": 4.37,
            "roe_4q": 8.38,
            "gross_profit": 165194,
            "gross_margin": 12.86,
            "gross_margin_4q_avg": 11.43,
            "net_income": 83341,
            "revenue": 1284496,
            "common_shares": 1349398,
            "book_valuer_per_share": 14.47,
            "book_valuer_per_share_4q_avg": 14.07,
            "equity": 1957574,
            "current_ratio": 142.04,
            "debt_ratio": 60.39,
            "inventory_turnover_ratio": 0.96,
            "account_receivable_turnover_ratio": 0.71,
            "reinvestment_rate": 55.53,
            "research_to_sale_ratio": null,
            "price_fair": 40.18,
            "eps_avg_yearly": 1.15,
            "eps_latest_yearly": 2.48,
            "eps_growth_yearly": 102.97
        },
        "20132": {
            "year_quarter": 20132,
            "year": 2013,
            "quarter": 2,
            "eps": -0.09,
            "eps_growth_year": -140.97,
            "eps_4q": 0.84,
            "eps_4q_growth_year": -6.71,
            "roe": -0.62,
            "roe_4q": 6.08,
            "gross_profit": 114003,
            "gross_margin": 11.41,
            "gross_margin_4q_avg": 11.28,
            "net_income": -12110,
            "revenue": 999472,
            "common_shares": 1350809,
            "book_valuer_per_share": 14.4,
            "book_valuer_per_share_4q_avg": 14.16,
            "equity": 1950539,
            "current_ratio": 139.76,
            "debt_ratio": 60.32,
            "inventory_turnover_ratio": 0.81,
            "account_receivable_turnover_ratio": 0.67,
            "reinvestment_rate": 72.28,
            "research_to_sale_ratio": null,
            "price_fair": 32.82,
            "eps_avg_yearly": 0.94,
            "eps_latest_yearly": 2.48,
            "eps_growth_yearly": 132.05
        },
        "20133": {
            "year_quarter": 20133,
            "year": 2013,
            "quarter": 3,
            "eps": 0.33,
            "eps_growth_year": 147.33,
            "eps_4q": 1.03,
            "eps_4q_growth_year": 12.52,
            "roe": 2.29,
            "roe_4q": 7.390000000000001,
            "gross_profit": 133523,
            "gross_margin": 12.13,
            "gross_margin_4q_avg": 11.52,
            "net_income": 45243,
            "revenue": 1100767,
            "common_shares": 1385844,
            "book_valuer_per_share": 14.39,
            "book_valuer_per_share_4q_avg": 14.25,
            "equity": 1999527,
            "current_ratio": 137.97,
            "debt_ratio": 56.45,
            "inventory_turnover_ratio": 0.85,
            "account_receivable_turnover_ratio": 0.86,
            "reinvestment_rate": 72.33,
            "research_to_sale_ratio": null,
            "price_fair": 36.58,
            "eps_avg_yearly": 1.05,
            "eps_latest_yearly": 2.48,
            "eps_growth_yearly": 197.24
        },
        "20134": {
            "year_quarter": 20134,
            "year": 2013,
            "quarter": 4,
            "eps": 0.27,
            "eps_growth_year": 34.14,
            "eps_4q": 1.11,
            "eps_4q_growth_year": 55.34,
            "roe": 1.84,
            "roe_4q": 7.88,
            "gross_profit": 165665,
            "gross_margin": 12.08,
            "gross_margin_4q_avg": 12.12,
            "net_income": 37237,
            "revenue": 1371798,
            "common_shares": 1385844,
            "book_valuer_per_share": 14.8,
            "book_valuer_per_share_4q_avg": 14.52,
            "equity": 2057485,
            "current_ratio": 134.95,
            "debt_ratio": 58.45,
            "inventory_turnover_ratio": 1.08,
            "account_receivable_turnover_ratio": 1,
            "reinvestment_rate": -188.74,
            "research_to_sale_ratio": null,
            "price_fair": 36.71,
            "eps_avg_yearly": 1.05,
            "eps_latest_yearly": 1.08,
            "eps_growth_yearly": 167.24
        },
        "20141": {
            "year_quarter": 20141,
            "year": 2014,
            "quarter": 1,
            "eps": 0.19,
            "eps_growth_year": -69.35,
            "eps_4q": 0.66,
            "eps_4q_growth_year": -43.24,
            "roe": 1.27,
            "roe_4q": 4.78,
            "gross_profit": 140143,
            "gross_margin": 12,
            "gross_margin_4q_avg": 11.91,
            "net_income": 27070,
            "revenue": 1167941,
            "common_shares": 1425677,
            "book_valuer_per_share": 15.38,
            "book_valuer_per_share_4q_avg": 14.74,
            "equity": 2217721,
            "current_ratio": 165.72,
            "debt_ratio": 52.98,
            "inventory_turnover_ratio": 1.1,
            "account_receivable_turnover_ratio": 0.83,
            "reinvestment_rate": -7.43,
            "research_to_sale_ratio": null,
            "price_fair": 35.7,
            "eps_avg_yearly": 1.02,
            "eps_latest_yearly": 0.76,
            "eps_growth_yearly": 138.67
        },
        "20142": {
            "year_quarter": 20142,
            "year": 2014,
            "quarter": 2,
            "eps": -0.03,
            "eps_growth_year": null,
            "eps_4q": 0.7,
            "eps_4q_growth_year": -17.44,
            "roe": -0.18,
            "roe_4q": 5.220000000000001,
            "gross_profit": 91244,
            "gross_margin": 11.62,
            "gross_margin_4q_avg": 11.96,
            "net_income": -3898,
            "revenue": 785208,
            "common_shares": 1437614,
            "book_valuer_per_share": 14.89,
            "book_valuer_per_share_4q_avg": 14.87,
            "equity": 2165419,
            "current_ratio": 170.41,
            "debt_ratio": 51.97,
            "inventory_turnover_ratio": 0.79,
            "account_receivable_turnover_ratio": 0.66,
            "reinvestment_rate": -10.58,
            "research_to_sale_ratio": null,
            "price_fair": 37.02,
            "eps_avg_yearly": 1.06,
            "eps_latest_yearly": 0.76,
            "eps_growth_yearly": 178.1
        },
        "20143": {
            "year_quarter": 20143,
            "year": 2014,
            "quarter": 3,
            "eps": 0.12,
            "eps_growth_year": -63.64,
            "eps_4q": 0.51,
            "eps_4q_growth_year": -50.44,
            "roe": 0.86,
            "roe_4q": 3.79,
            "gross_profit": 106403,
            "gross_margin": 11.33,
            "gross_margin_4q_avg": 11.76,
            "net_income": 18836,
            "revenue": 939206,
            "common_shares": 1486827,
            "book_valuer_per_share": 14.67,
            "book_valuer_per_share_4q_avg": 14.94,
            "equity": 2206307,
            "current_ratio": 162.43,
            "debt_ratio": 55.52,
            "inventory_turnover_ratio": 0.74,
            "account_receivable_turnover_ratio": 0.81,
            "reinvestment_rate": -29,
            "research_to_sale_ratio": null,
            "price_fair": 38.68,
            "eps_avg_yearly": 1.11,
            "eps_latest_yearly": 0.76,
            "eps_growth_yearly": 200.36
        },
        "20144": {
            "year_quarter": 20144,
            "year": 2014,
            "quarter": 4,
            "eps": 0.59,
            "eps_growth_year": 121.65,
            "eps_4q": 0.86,
            "eps_4q_growth_year": -22.71,
            "roe": 3.9,
            "roe_4q": 5.85,
            "gross_profit": 182274,
            "gross_margin": 13.26,
            "gross_margin_4q_avg": 12.05,
            "net_income": 88835,
            "revenue": 1374582,
            "common_shares": 1486827,
            "book_valuer_per_share": 15.67,
            "book_valuer_per_share_4q_avg": 15.15,
            "equity": 2350240,
            "current_ratio": 155.58,
            "debt_ratio": 57.75,
            "inventory_turnover_ratio": 0.8,
            "account_receivable_turnover_ratio": 0.98,
            "reinvestment_rate": -15.47,
            "research_to_sale_ratio": null,
            "price_fair": 43.56,
            "eps_avg_yearly": 1.24,
            "eps_latest_yearly": 2.36,
            "eps_growth_yearly": 352.17
        },
        "20151": {
            "year_quarter": 20151,
            "year": 2015,
            "quarter": 1,
            "eps": 0.24,
            "eps_growth_year": 26.32,
            "eps_4q": 0.92,
            "eps_4q_growth_year": 38.45,
            "roe": 1.56,
            "roe_4q": 6.140000000000001,
            "gross_profit": 198419,
            "gross_margin": 13.31,
            "gross_margin_4q_avg": 12.38,
            "net_income": 36778,
            "revenue": 1491082,
            "common_shares": 1486827,
            "book_valuer_per_share": 15.74,
            "book_valuer_per_share_4q_avg": 15.24,
            "equity": 2362386,
            "current_ratio": 160.36,
            "debt_ratio": 55.81,
            "inventory_turnover_ratio": 0.85,
            "account_receivable_turnover_ratio": 0.93,
            "reinvestment_rate": -24.63,
            "research_to_sale_ratio": null,
            "price_fair": 42.56,
            "eps_avg_yearly": 1.22,
            "eps_latest_yearly": 0.96,
            "eps_growth_yearly": 293.23
        },
        "20152": {
            "year_quarter": 20152,
            "year": 2015,
            "quarter": 2,
            "eps": 0.22,
            "eps_growth_year": null,
            "eps_4q": 1.17,
            "eps_4q_growth_year": 67.47,
            "roe": 1.42,
            "roe_4q": 7.74,
            "gross_profit": 164296,
            "gross_margin": 13.04,
            "gross_margin_4q_avg": 12.74,
            "net_income": 33258,
            "revenue": 1259495,
            "common_shares": 1486827,
            "book_valuer_per_share": 15.43,
            "book_valuer_per_share_4q_avg": 15.38,
            "equity": 2316007,
            "current_ratio": 159.27,
            "debt_ratio": 56.02,
            "inventory_turnover_ratio": 0.79,
            "account_receivable_turnover_ratio": 0.82,
            "reinvestment_rate": -20.1,
            "research_to_sale_ratio": null,
            "price_fair": 41.49,
            "eps_avg_yearly": 1.19,
            "eps_latest_yearly": 0.88,
            "eps_growth_yearly": 263.54
        },
        "20153": {
            "year_quarter": 20153,
            "year": 2015,
            "quarter": 3,
            "eps": 0.8,
            "eps_growth_year": 566.67,
            "eps_4q": 1.85,
            "eps_4q_growth_year": 261.26,
            "roe": 5.04,
            "roe_4q": 11.92,
            "gross_profit": 224782,
            "gross_margin": 13.2,
            "gross_margin_4q_avg": 13.2,
            "net_income": 120550,
            "revenue": 1703320,
            "common_shares": 1486827,
            "book_valuer_per_share": 16.47,
            "book_valuer_per_share_4q_avg": 15.83,
            "equity": 2467682,
            "current_ratio": 155.81,
            "debt_ratio": 59.16,
            "inventory_turnover_ratio": 0.99,
            "account_receivable_turnover_ratio": 1,
            "reinvestment_rate": -24.1,
            "research_to_sale_ratio": null,
            "price_fair": 47.37,
            "eps_avg_yearly": 1.35,
            "eps_latest_yearly": 3.2,
            "eps_growth_yearly": 329.46
        },
        "20154": {
            "year_quarter": 20154,
            "year": 2015,
            "quarter": 4,
            "eps": 0.48,
            "eps_growth_year": -17.92,
            "eps_4q": 1.74,
            "eps_4q_growth_year": 103.97,
            "roe": 2.95,
            "roe_4q": 10.97,
            "gross_profit": 222408,
            "gross_margin": 13.55,
            "gross_margin_4q_avg": 13.28,
            "net_income": 73528,
            "revenue": 1641381,
            "common_shares": 1483767,
            "book_valuer_per_share": 16.81,
            "book_valuer_per_share_4q_avg": 16.11,
            "equity": 2521279,
            "current_ratio": 155.25,
            "debt_ratio": 59.76,
            "inventory_turnover_ratio": 0.95,
            "account_receivable_turnover_ratio": 0.79,
            "reinvestment_rate": 8.79,
            "research_to_sale_ratio": null,
            "price_fair": 48.07,
            "eps_avg_yearly": 1.37,
            "eps_latest_yearly": 1.92,
            "eps_growth_yearly": 232.79
        },
        "20161": {
            "year_quarter": 20161,
            "year": 2016,
            "quarter": 1,
            "eps": 0.2,
            "eps_growth_year": -16.67,
            "eps_4q": 1.71,
            "eps_4q_growth_year": 85.37,
            "roe": 1.19,
            "roe_4q": 10.6,
            "gross_profit": 164661,
            "gross_margin": 13.94,
            "gross_margin_4q_avg": 13.43,
            "net_income": 30056,
            "revenue": 1180939,
            "common_shares": 1483767,
            "book_valuer_per_share": 16.86,
            "book_valuer_per_share_4q_avg": 16.39,
            "equity": 2527778,
            "current_ratio": 166.23,
            "debt_ratio": 54.88,
            "inventory_turnover_ratio": 0.78,
            "account_receivable_turnover_ratio": 0.56,
            "reinvestment_rate": 12.51,
            "research_to_sale_ratio": null,
            "price_fair": 48.53,
            "eps_avg_yearly": 1.39,
            "eps_latest_yearly": 0.8,
            "eps_growth_yearly": 233.98
        },
        "20162": {
            "year_quarter": 20162,
            "year": 2016,
            "quarter": 2,
            "eps": -0.31,
            "eps_growth_year": -240.91,
            "eps_4q": 1.17,
            "eps_4q_growth_year": 0.11,
            "roe": -1.87,
            "roe_4q": 7.3100000000000005,
            "gross_profit": 96841,
            "gross_margin": 10.11,
            "gross_margin_4q_avg": 12.7,
            "net_income": -45885,
            "revenue": 957988,
            "common_shares": 1483767,
            "book_valuer_per_share": 15.84,
            "book_valuer_per_share_4q_avg": 16.5,
            "equity": 2377232,
            "current_ratio": 161.44,
            "debt_ratio": 56.43,
            "inventory_turnover_ratio": 0.72,
            "account_receivable_turnover_ratio": 0.5,
            "reinvestment_rate": 12.55,
            "research_to_sale_ratio": null,
            "price_fair": 50.15,
            "eps_avg_yearly": 1.43,
            "eps_latest_yearly": 0.8,
            "eps_growth_yearly": 241.61
        },
        "20163": {
            "year_quarter": 20163,
            "year": 2016,
            "quarter": 3,
            "eps": 0.14,
            "eps_growth_year": -82.5,
            "eps_4q": 0.51,
            "eps_4q_growth_year": -72.33,
            "roe": 0.87,
            "roe_4q": 3.14,
            "gross_profit": 119936,
            "gross_margin": 10.32,
            "gross_margin_4q_avg": 11.98,
            "net_income": 20734,
            "revenue": 1161920,
            "common_shares": 1483767,
            "book_valuer_per_share": 15.75,
            "book_valuer_per_share_4q_avg": 16.32,
            "equity": 2363191,
            "current_ratio": 161.32,
            "debt_ratio": 56.3,
            "inventory_turnover_ratio": 0.85,
            "account_receivable_turnover_ratio": 0.64,
            "reinvestment_rate": 4.76,
            "research_to_sale_ratio": null,
            "price_fair": 53.34,
            "eps_avg_yearly": 1.52,
            "eps_latest_yearly": 0.8,
            "eps_growth_yearly": 282.14
        },
        "20164": {
            "year_quarter": 20164,
            "year": 2016,
            "quarter": 4,
            "eps": 0.37,
            "eps_growth_year": -22.77,
            "eps_4q": 0.4,
            "eps_4q_growth_year": -76.94,
            "roe": 2.41,
            "roe_4q": 2.6,
            "gross_profit": 123192,
            "gross_margin": 9.82,
            "gross_margin_4q_avg": 11.05,
            "net_income": 57496,
            "revenue": 1254861,
            "common_shares": 1483767,
            "book_valuer_per_share": 16.11,
            "book_valuer_per_share_4q_avg": 16.14,
            "equity": 2406930,
            "current_ratio": 146.15,
            "debt_ratio": 57.76,
            "inventory_turnover_ratio": 1.01,
            "account_receivable_turnover_ratio": 0.65,
            "reinvestment_rate": 45.75,
            "research_to_sale_ratio": null,
            "price_fair": 55.72,
            "eps_avg_yearly": 1.59,
            "eps_latest_yearly": 1.48,
            "eps_growth_yearly": 326.32
        },
        "20171": {
            "year_quarter": 20171,
            "year": 2017,
            "quarter": 1,
            "eps": -0.31,
            "eps_growth_year": -255,
            "eps_4q": -0.11,
            "eps_4q_growth_year": -106.16,
            "roe": -1.93,
            "roe_4q": -0.52,
            "gross_profit": 76020,
            "gross_margin": 8.8,
            "gross_margin_4q_avg": 9.76,
            "net_income": -45510,
            "revenue": 864042,
            "common_shares": 1483767,
            "book_valuer_per_share": 15.42,
            "book_valuer_per_share_4q_avg": 15.78,
            "equity": 2304597,
            "current_ratio": 154.12,
            "debt_ratio": 56.23,
            "inventory_turnover_ratio": 0.84,
            "account_receivable_turnover_ratio": 0.43,
            "reinvestment_rate": 64.83,
            "research_to_sale_ratio": null,
            "price_fair": 52.27,
            "eps_avg_yearly": 1.49,
            "eps_latest_yearly": 1.48,
            "eps_growth_yearly": 269.24
        },
        "20172": {
            "year_quarter": 20172,
            "year": 2017,
            "quarter": 2,
            "eps": 0.08,
            "eps_growth_year": null,
            "eps_4q": 0.29,
            "eps_4q_growth_year": -75.48,
            "roe": 0.48,
            "roe_4q": 1.83,
            "gross_profit": 75022,
            "gross_margin": 7.69,
            "gross_margin_4q_avg": 9.16,
            "net_income": 11096,
            "revenue": 975936,
            "common_shares": 1483767,
            "book_valuer_per_share": 15.49,
            "book_valuer_per_share_4q_avg": 15.69,
            "equity": 2313756,
            "current_ratio": 152.12,
            "debt_ratio": 56.98,
            "inventory_turnover_ratio": 1.04,
            "account_receivable_turnover_ratio": 0.49,
            "reinvestment_rate": 68.11,
            "research_to_sale_ratio": null,
            "price_fair": 52.27,
            "eps_avg_yearly": 1.49,
            "eps_latest_yearly": 1.48,
            "eps_growth_yearly": 269.24
        },
        "20173": {
            "year_quarter": 20173,
            "year": 2017,
            "quarter": 3,
            "eps": 0.09,
            "eps_growth_year": -35.71,
            "eps_4q": 0.23,
            "eps_4q_growth_year": -54.21,
            "roe": 0.57,
            "roe_4q": 1.53,
            "gross_profit": 71928,
            "gross_margin": 6.74,
            "gross_margin_4q_avg": 8.26,
            "net_income": 13330,
            "revenue": 1067352,
            "common_shares": 1483767,
            "book_valuer_per_share": 15.65,
            "book_valuer_per_share_4q_avg": 15.67,
            "equity": 2337288,
            "current_ratio": 144.61,
            "debt_ratio": 59.45,
            "inventory_turnover_ratio": 1.08,
            "account_receivable_turnover_ratio": 0.51,
            "reinvestment_rate": 64.8,
            "research_to_sale_ratio": null,
            "price_fair": 48.3,
            "eps_avg_yearly": 1.38,
            "eps_latest_yearly": 0.36,
            "eps_growth_yearly": 247.32
        },
        "20174": {
            "year_quarter": 20174,
            "year": 2017,
            "quarter": 4,
            "eps": -0.07,
            "eps_growth_year": -119.8,
            "eps_4q": -0.19,
            "eps_4q_growth_year": -146.95,
            "roe": -0.58,
            "roe_4q": -1.46,
            "gross_profit": 104445,
            "gross_margin": 7.52,
            "gross_margin_4q_avg": 7.69,
            "net_income": -14293,
            "revenue": 1388176,
            "common_shares": 1783767,
            "book_valuer_per_share": 14.63,
            "book_valuer_per_share_4q_avg": 15.3,
            "equity": 2623973,
            "current_ratio": 152.89,
            "debt_ratio": 57.15,
            "inventory_turnover_ratio": 1.32,
            "account_receivable_turnover_ratio": 0.63,
            "reinvestment_rate": 77.44,
            "research_to_sale_ratio": null,
            "price_fair": 49.47,
            "eps_avg_yearly": 1.41,
            "eps_latest_yearly": 0.36,
            "eps_growth_yearly": 282.88
        },
        "20181": {
            "year_quarter": 20181,
            "year": 2018,
            "quarter": 1,
            "eps": -0.4,
            "eps_growth_year": null,
            "eps_4q": -0.33,
            "eps_4q_growth_year": null,
            "roe": -2.75,
            "roe_4q": -2.2800000000000002,
            "gross_profit": 78185,
            "gross_margin": 7.07,
            "gross_margin_4q_avg": 7.26,
            "net_income": -72028,
            "revenue": 1106593,
            "common_shares": 1783767,
            "book_valuer_per_share": 14.61,
            "book_valuer_per_share_4q_avg": 15.1,
            "equity": 2619661,
            "current_ratio": 164.4,
            "debt_ratio": 57.03,
            "inventory_turnover_ratio": 1.14,
            "account_receivable_turnover_ratio": 0.54,
            "reinvestment_rate": -20.56,
            "research_to_sale_ratio": null,
            "price_fair": 52.33,
            "eps_avg_yearly": 1.5,
            "eps_latest_yearly": 0.36,
            "eps_growth_yearly": 333.05
        },
        "20182": {
            "year_quarter": 20182,
            "year": 2018,
            "quarter": 2,
            "eps": -0.09,
            "eps_growth_year": -212.5,
            "eps_4q": -0.48,
            "eps_4q_growth_year": -267.99,
            "roe": -0.58,
            "roe_4q": -3.3400000000000003,
            "gross_profit": 62108,
            "gross_margin": 6.25,
            "gross_margin_4q_avg": 6.9,
            "net_income": -15304,
            "revenue": 993543,
            "common_shares": 1803582,
            "book_valuer_per_share": 14.59,
            "book_valuer_per_share_4q_avg": 14.87,
            "equity": 2646008,
            "current_ratio": 181.24,
            "debt_ratio": 57.49,
            "inventory_turnover_ratio": 1.15,
            "account_receivable_turnover_ratio": 0.53,
            "reinvestment_rate": 174.49,
            "research_to_sale_ratio": null,
            "price_fair": 52.33,
            "eps_avg_yearly": 1.5,
            "eps_latest_yearly": 0.36,
            "eps_growth_yearly": 333.05
        },
        "20183": {
            "year_quarter": 20183,
            "year": 2018,
            "quarter": 3,
            "eps": 0.01,
            "eps_growth_year": -88.89,
            "eps_4q": -0.55,
            "eps_4q_growth_year": -335.56,
            "roe": 0.09,
            "roe_4q": -3.8200000000000003,
            "gross_profit": 96309,
            "gross_margin": 11.02,
            "gross_margin_4q_avg": 7.97,
            "net_income": 2293,
            "revenue": 873826,
            "common_shares": 1803582,
            "book_valuer_per_share": 14.1,
            "book_valuer_per_share_4q_avg": 14.48,
            "equity": 2559761,
            "current_ratio": 153.8,
            "debt_ratio": 59.71,
            "inventory_turnover_ratio": 0.81,
            "account_receivable_turnover_ratio": 0.47,
            "reinvestment_rate": 175.38,
            "research_to_sale_ratio": null,
            "price_fair": 52.33,
            "eps_avg_yearly": 1.5,
            "eps_latest_yearly": 0.36,
            "eps_growth_yearly": 333.05
        },
        "20184": {
            "year_quarter": 20184,
            "year": 2018,
            "quarter": 4,
            "eps": -6.51,
            "eps_growth_year": null,
            "eps_4q": -6.9,
            "eps_4q_growth_year": null,
            "roe": -77.95,
            "roe_4q": -81.19,
            "gross_profit": 63733,
            "gross_margin": 6.67,
            "gross_margin_4q_avg": 7.75,
            "net_income": -1435068,
            "revenue": 955874,
            "common_shares": 2203582,
            "book_valuer_per_share": 5.03,
            "book_valuer_per_share_4q_avg": 12.08,
            "equity": 1122268,
            "current_ratio": 110.34,
            "debt_ratio": 76.76,
            "inventory_turnover_ratio": 0.76,
            "account_receivable_turnover_ratio": 0.66,
            "reinvestment_rate": null,
            "research_to_sale_ratio": null,
            "price_fair": 48,
            "eps_avg_yearly": 1.37,
            "eps_latest_yearly": 0.36,
            "eps_growth_yearly": 156.82
        },
        "20191": {
            "year_quarter": 20191,
            "year": 2019,
            "quarter": 1,
            "eps": -0.25,
            "eps_growth_year": null,
            "eps_4q": -6.82,
            "eps_4q_growth_year": null,
            "roe": -5.04,
            "roe_4q": -83.48,
            "gross_profit": 67741,
            "gross_margin": 8.23,
            "gross_margin_4q_avg": 8.04,
            "net_income": -55377,
            "revenue": 823013,
            "common_shares": 2203582,
            "book_valuer_per_share": 4.89,
            "book_valuer_per_share_4q_avg": 9.65,
            "equity": 1076504,
            "current_ratio": 120.46,
            "debt_ratio": 77.95,
            "inventory_turnover_ratio": 0.61,
            "account_receivable_turnover_ratio": 0.78,
            "reinvestment_rate": null,
            "research_to_sale_ratio": null,
            "price_fair": 50.4,
            "eps_avg_yearly": 1.44,
            "eps_latest_yearly": 0.36,
            "eps_growth_yearly": 222.5
        },
        "20192": {
            "year_quarter": 20192,
            "year": 2019,
            "quarter": 2,
            "eps": -0.82,
            "eps_growth_year": null,
            "eps_4q": -7.58,
            "eps_4q_growth_year": null,
            "roe": -18.54,
            "roe_4q": -101.44,
            "gross_profit": 70369,
            "gross_margin": 7.67,
            "gross_margin_4q_avg": 8.4,
            "net_income": -181268,
            "revenue": 916867,
            "common_shares": 2203582,
            "book_valuer_per_share": 3.99,
            "book_valuer_per_share_4q_avg": 7,
            "equity": 878755,
            "current_ratio": 113.8,
            "debt_ratio": 80.71,
            "inventory_turnover_ratio": 0.7,
            "account_receivable_turnover_ratio": 1.02,
            "reinvestment_rate": null,
            "research_to_sale_ratio": null,
            "price_fair": 54.32,
            "eps_avg_yearly": 1.55,
            "eps_latest_yearly": 0.36,
            "eps_growth_yearly": 273.67
        },
        "20193": {
            "year_quarter": 20193,
            "year": 2019,
            "quarter": 3,
            "eps": -0.17,
            "eps_growth_year": -1800,
            "eps_4q": -7.75,
            "eps_4q_growth_year": null,
            "roe": -4.58,
            "roe_4q": -106.11,
            "gross_profit": 92058,
            "gross_margin": 9.22,
            "gross_margin_4q_avg": 7.95,
            "net_income": -38424,
            "revenue": 998033,
            "common_shares": 2203582,
            "book_valuer_per_share": 3.63,
            "book_valuer_per_share_4q_avg": 4.39,
            "equity": 800639,
            "current_ratio": 110.84,
            "debt_ratio": 82.24,
            "inventory_turnover_ratio": 0.73,
            "account_receivable_turnover_ratio": 1.2,
            "reinvestment_rate": null,
            "research_to_sale_ratio": null,
            "price_fair": 39.9,
            "eps_avg_yearly": 1.14,
            "eps_latest_yearly": 0.36,
            "eps_growth_yearly": 78.45
        },
        "20194": {
            "year_quarter": 20194,
            "year": 2019,
            "quarter": 4,
            "eps": 0.15,
            "eps_growth_year": null,
            "eps_4q": -1.03,
            "eps_4q_growth_year": null,
            "roe": 3.43,
            "roe_4q": -24.729999999999997,
            "gross_profit": 76508,
            "gross_margin": 5.8,
            "gross_margin_4q_avg": 7.73,
            "net_income": 34768,
            "revenue": 1318973,
            "common_shares": 2342508,
            "book_valuer_per_share": 5.25,
            "book_valuer_per_share_4q_avg": 4.44,
            "equity": 1229487,
            "current_ratio": 128.08,
            "debt_ratio": 73.51,
            "inventory_turnover_ratio": 1.02,
            "account_receivable_turnover_ratio": 1.5,
            "reinvestment_rate": null,
            "research_to_sale_ratio": null,
            "price_fair": 30.8,
            "eps_avg_yearly": 0.88,
            "eps_latest_yearly": 0.36,
            "eps_growth_yearly": 157.94
        },
        "20201": {
            "year_quarter": 20201,
            "year": 2020,
            "quarter": 1,
            "eps": 0,
            "eps_growth_year": null,
            "eps_4q": -0.79,
            "eps_4q_growth_year": null,
            "roe": 0.08,
            "roe_4q": -19.61,
            "gross_profit": 70822,
            "gross_margin": 9.07,
            "gross_margin_4q_avg": 7.94,
            "net_income": 1023,
            "revenue": 781032,
            "common_shares": 2342508,
            "book_valuer_per_share": 5.16,
            "book_valuer_per_share_4q_avg": 4.51,
            "equity": 1209303,
            "current_ratio": 131.91,
            "debt_ratio": 71.96,
            "inventory_turnover_ratio": 0.63,
            "account_receivable_turnover_ratio": 0.9,
            "reinvestment_rate": null,
            "research_to_sale_ratio": null,
            "price_fair": 32.2,
            "eps_avg_yearly": 0.92,
            "eps_latest_yearly": 0.36,
            "eps_growth_yearly": 353.57
        },
        "20202": {
            "year_quarter": 20202,
            "year": 2020,
            "quarter": 2,
            "eps": 0.08,
            "eps_growth_year": null,
            "eps_4q": 0.07,
            "eps_4q_growth_year": null,
            "roe": 1.64,
            "roe_4q": 0.5700000000000003,
            "gross_profit": 112841,
            "gross_margin": 10.98,
            "gross_margin_4q_avg": 8.77,
            "net_income": 19858,
            "revenue": 1027542,
            "common_shares": 2346214,
            "book_valuer_per_share": 5.16,
            "book_valuer_per_share_4q_avg": 4.8,
            "equity": 1210956,
            "current_ratio": 128.41,
            "debt_ratio": 70.85,
            "inventory_turnover_ratio": 0.93,
            "account_receivable_turnover_ratio": 1.15,
            "reinvestment_rate": null,
            "research_to_sale_ratio": null,
            "price_fair": 32.2,
            "eps_avg_yearly": 0.92,
            "eps_latest_yearly": 0.36,
            "eps_growth_yearly": 353.57
        },
        "20203": {
            "year_quarter": 20203,
            "year": 2020,
            "quarter": 3,
            "eps": 0.1,
            "eps_growth_year": null,
            "eps_4q": 0.33,
            "eps_4q_growth_year": null,
            "roe": 1.86,
            "roe_4q": 7.01,
            "gross_profit": 114141,
            "gross_margin": 9.51,
            "gross_margin_4q_avg": 8.84,
            "net_income": 24131,
            "revenue": 1200163,
            "common_shares": 2432787,
            "book_valuer_per_share": 5.67,
            "book_valuer_per_share_4q_avg": 5.31,
            "equity": 1378611,
            "current_ratio": 129.33,
            "debt_ratio": 68.44,
            "inventory_turnover_ratio": 1.29,
            "account_receivable_turnover_ratio": 1.26,
            "reinvestment_rate": null,
            "research_to_sale_ratio": null,
            "price_fair": 26.13,
            "eps_avg_yearly": 0.75,
            "eps_latest_yearly": 0.4,
            "eps_growth_yearly": 269.05
        },
        "20204": {
            "year_quarter": 20204,
            "year": 2020,
            "quarter": 4,
            "eps": -0.14,
            "eps_growth_year": -193.75,
            "eps_4q": 0.05,
            "eps_4q_growth_year": null,
            "roe": -2.47,
            "roe_4q": 1.1099999999999999,
            "gross_profit": 79223,
            "gross_margin": 7.81,
            "gross_margin_4q_avg": 9.34,
            "net_income": -33852,
            "revenue": 1014201,
            "common_shares": 2432787,
            "book_valuer_per_share": 5.61,
            "book_valuer_per_share_4q_avg": 5.4,
            "equity": 1365449,
            "current_ratio": 113.76,
            "debt_ratio": 69.29,
            "inventory_turnover_ratio": 0.98,
            "account_receivable_turnover_ratio": 1.18,
            "reinvestment_rate": null,
            "research_to_sale_ratio": null,
            "price_fair": 13.3,
            "eps_avg_yearly": 0.38,
            "eps_latest_yearly": 0.4,
            "eps_growth_yearly": 75
        },
        "20211": {
            "year_quarter": 20211,
            "year": 2021,
            "quarter": 1,
            "eps": -0.14,
            "eps_growth_year": null,
            "eps_4q": -0.1,
            "eps_4q_growth_year": null,
            "roe": -2.52,
            "roe_4q": -1.49,
            "gross_profit": 83150,
            "gross_margin": 9.09,
            "gross_margin_4q_avg": 9.35,
            "net_income": -33829,
            "revenue": 914971,
            "common_shares": 2432787,
            "book_valuer_per_share": 5.43,
            "book_valuer_per_share_4q_avg": 5.47,
            "equity": 1319987,
            "current_ratio": 113.44,
            "debt_ratio": 71.39,
            "inventory_turnover_ratio": 0.66,
            "account_receivable_turnover_ratio": 1.3,
            "reinvestment_rate": null,
            "research_to_sale_ratio": null,
            "price_fair": 13.3,
            "eps_avg_yearly": 0.38,
            "eps_latest_yearly": 0.4,
            "eps_growth_yearly": 75
        },
        "20212": {
            "year_quarter": 20212,
            "year": 2021,
            "quarter": 2,
            "eps": 0.09,
            "eps_growth_year": 12.5,
            "eps_4q": -0.06,
            "eps_4q_growth_year": -176.36,
            "roe": 1.65,
            "roe_4q": -1.4800000000000002,
            "gross_profit": 120135,
            "gross_margin": 11.34,
            "gross_margin_4q_avg": 9.44,
            "net_income": 26755,
            "revenue": 1058929,
            "common_shares": 2995934,
            "book_valuer_per_share": 6.44,
            "book_valuer_per_share_4q_avg": 5.79,
            "equity": 1929308,
            "current_ratio": 142.45,
            "debt_ratio": 59.14,
            "inventory_turnover_ratio": 0.63,
            "account_receivable_turnover_ratio": 1.52,
            "reinvestment_rate": null,
            "research_to_sale_ratio": null,
            "price_fair": 13.3,
            "eps_avg_yearly": 0.38,
            "eps_latest_yearly": 0.4,
            "eps_growth_yearly": 75
        },
        "20213": {
            "year_quarter": 20213,
            "year": 2021,
            "quarter": 3,
            "eps": 0.16,
            "eps_growth_year": 60,
            "eps_4q": 0.03,
            "eps_4q_growth_year": -91.41,
            "roe": 2.54,
            "roe_4q": -0.8000000000000007,
            "gross_profit": 166406,
            "gross_margin": 13.37,
            "gross_margin_4q_avg": 10.4,
            "net_income": 49369,
            "revenue": 1244655,
            "common_shares": 2995934,
            "book_valuer_per_share": 6.52,
            "book_valuer_per_share_4q_avg": 6,
            "equity": 1952075,
            "current_ratio": 135.81,
            "debt_ratio": 61.88,
            "inventory_turnover_ratio": 0.63,
            "account_receivable_turnover_ratio": 1.57,
            "reinvestment_rate": null,
            "research_to_sale_ratio": null,
            "price_fair": 18.2,
            "eps_avg_yearly": 0.52,
            "eps_latest_yearly": 0.64,
            "eps_growth_yearly": 205.56
        },
        "20214": {
            "year_quarter": 20214,
            "year": 2021,
            "quarter": 4,
            "eps": 0.13,
            "eps_growth_year": null,
            "eps_4q": 0.28,
            "eps_4q_growth_year": 500.94,
            "roe": 2.04,
            "roe_4q": 3.7100000000000004,
            "gross_profit": 174351,
            "gross_margin": 12.5,
            "gross_margin_4q_avg": 11.58,
            "net_income": 40296,
            "revenue": 1394969,
            "common_shares": 2996009,
            "book_valuer_per_share": 6.67,
            "book_valuer_per_share_4q_avg": 6.27,
            "equity": 1997557,
            "current_ratio": 129.65,
            "debt_ratio": 61.84,
            "inventory_turnover_ratio": 0.65,
            "account_receivable_turnover_ratio": 1.83,
            "reinvestment_rate": null,
            "research_to_sale_ratio": null,
            "price_fair": 18.2,
            "eps_avg_yearly": 0.52,
            "eps_latest_yearly": 0.52,
            "eps_growth_yearly": 112.04
        },
        "20221": {
            "year_quarter": 20221,
            "year": 2022,
            "quarter": 1,
            "eps": 0.14,
            "eps_growth_year": null,
            "eps_4q": 0.53,
            "eps_4q_growth_year": null,
            "roe": 2.08,
            "roe_4q": 8.31,
            "gross_profit": 141516,
            "gross_margin": 12.51,
            "gross_margin_4q_avg": 12.43,
            "net_income": 42783,
            "revenue": 1131239,
            "common_shares": 3013812,
            "book_valuer_per_share": 7.02,
            "book_valuer_per_share_4q_avg": 6.66,
            "equity": 2115577,
            "current_ratio": 148.37,
            "debt_ratio": 61.26,
            "inventory_turnover_ratio": 0.47,
            "account_receivable_turnover_ratio": 1.57,
            "reinvestment_rate": null,
            "research_to_sale_ratio": null,
            "price_fair": 18.55,
            "eps_avg_yearly": 0.53,
            "eps_latest_yearly": 0.56,
            "eps_growth_yearly": 91.72
        },
        "20222": {
            "year_quarter": 20222,
            "year": 2022,
            "quarter": 2,
            "eps": 0.41,
            "eps_growth_year": 355.56,
            "eps_4q": 0.85,
            "eps_4q_growth_year": null,
            "roe": 5.76,
            "roe_4q": 12.419999999999998,
            "gross_profit": 217086,
            "gross_margin": 16.73,
            "gross_margin_4q_avg": 13.78,
            "net_income": 124458,
            "revenue": 1297820,
            "common_shares": 3013812,
            "book_valuer_per_share": 7.33,
            "book_valuer_per_share_4q_avg": 6.89,
            "equity": 2208538,
            "current_ratio": 148.1,
            "debt_ratio": 62.3,
            "inventory_turnover_ratio": 0.44,
            "account_receivable_turnover_ratio": 1.59,
            "reinvestment_rate": null,
            "research_to_sale_ratio": null,
            "price_fair": 26.32,
            "eps_avg_yearly": 0.75,
            "eps_latest_yearly": 1.64,
            "eps_growth_yearly": 227.66
        },
        "20223": {
            "year_quarter": 20223,
            "year": 2022,
            "quarter": 3,
            "eps": 0.52,
            "eps_growth_year": 225,
            "eps_4q": 1.21,
            "eps_4q_growth_year": 4187.18,
            "roe": 6.84,
            "roe_4q": 16.72,
            "gross_profit": 264948,
            "gross_margin": 15.63,
            "gross_margin_4q_avg": 14.34,
            "net_income": 156975,
            "revenue": 1694957,
            "common_shares": 3016951,
            "book_valuer_per_share": 7.89,
            "book_valuer_per_share_4q_avg": 7.23,
            "equity": 2379533,
            "current_ratio": 150.26,
            "debt_ratio": 61.93,
            "inventory_turnover_ratio": 0.54,
            "account_receivable_turnover_ratio": 1.56,
            "reinvestment_rate": null,
            "research_to_sale_ratio": null,
            "price_fair": 34.07,
            "eps_avg_yearly": 0.97,
            "eps_latest_yearly": 2.08,
            "eps_growth_yearly": 207.6
        },
        "20224": {
            "year_quarter": 20224,
            "year": 2022,
            "quarter": 4,
            "eps": 0.03,
            "eps_growth_year": -75.01,
            "eps_4q": 1.11,
            "eps_4q_growth_year": 301.99,
            "roe": 0.42,
            "roe_4q": 15.1,
            "gross_profit": 203353,
            "gross_margin": 13.86,
            "gross_margin_4q_avg": 14.68,
            "net_income": 10142,
            "revenue": 1467104,
            "common_shares": 3017243,
            "book_valuer_per_share": 7.96,
            "book_valuer_per_share_4q_avg": 7.55,
            "equity": 2400693,
            "current_ratio": 148.85,
            "debt_ratio": 63.42,
            "inventory_turnover_ratio": 0.47,
            "account_receivable_turnover_ratio": 1.11,
            "reinvestment_rate": -26.24,
            "research_to_sale_ratio": null,
            "price_fair": 29.8,
            "eps_avg_yearly": 0.85,
            "eps_latest_yearly": 0.12,
            "eps_growth_yearly": 124.1
        },
        "20231": {
            "year_quarter": 20231,
            "year": 2023,
            "quarter": 1,
            "eps": -0.17,
            "eps_growth_year": -221.43,
            "eps_4q": 0.79,
            "eps_4q_growth_year": 50.46,
            "roe": -2.17,
            "roe_4q": 10.85,
            "gross_profit": 86588,
            "gross_margin": 7.8,
            "gross_margin_4q_avg": 13.51,
            "net_income": -51768,
            "revenue": 1110569,
            "common_shares": 3017243,
            "book_valuer_per_share": 7.83,
            "book_valuer_per_share_4q_avg": 7.75,
            "equity": 2361924,
            "current_ratio": 147.22,
            "debt_ratio": 63.24,
            "inventory_turnover_ratio": 0.37,
            "account_receivable_turnover_ratio": 0.91,
            "reinvestment_rate": -20.17,
            "research_to_sale_ratio": null,
            "price_fair": 29.8,
            "eps_avg_yearly": 0.85,
            "eps_latest_yearly": 0.12,
            "eps_growth_yearly": 124.1
        },
        "20232": {
            "year_quarter": 20232,
            "year": 2023,
            "quarter": 2,
            "eps": -0.17,
            "eps_growth_year": -141.46,
            "eps_4q": 0.21,
            "eps_4q_growth_year": -75.05,
            "roe": -2.19,
            "roe_4q": 2.9000000000000004,
            "gross_profit": 80854,
            "gross_margin": 7.92,
            "gross_margin_4q_avg": 11.3,
            "net_income": -51176,
            "revenue": 1020520,
            "common_shares": 3017243,
            "book_valuer_per_share": 7.66,
            "book_valuer_per_share_4q_avg": 7.84,
            "equity": 2310364,
            "current_ratio": 144.3,
            "debt_ratio": 61.68,
            "inventory_turnover_ratio": 0.34,
            "account_receivable_turnover_ratio": 1.11,
            "reinvestment_rate": -7.29,
            "research_to_sale_ratio": null,
            "price_fair": 29.8,
            "eps_avg_yearly": 0.85,
            "eps_latest_yearly": 0.12,
            "eps_growth_yearly": 124.1
        }
    },
    "months": {
        "2001-06": {
            "month": "2001-06",
            "price": "14.71",
            "revenue": 47261
        },
        "2001-07": {
            "month": "2001-07",
            "price": "12.20",
            "revenue": 63604
        },
        "2001-08": {
            "month": "2001-08",
            "price": "9.75",
            "revenue": 115332
        },
        "2001-09": {
            "month": "2001-09",
            "price": "9.70",
            "revenue": 125679
        },
        "2001-10": {
            "month": "2001-10",
            "price": "9.09",
            "revenue": 89040
        },
        "2001-11": {
            "month": "2001-11",
            "price": "9.62",
            "revenue": 113636
        },
        "2001-12": {
            "month": "2001-12",
            "price": "12.40",
            "revenue": 95840
        },
        "2002-01": {
            "month": "2002-01",
            "price": "12.22",
            "revenue": 177428
        },
        "2002-02": {
            "month": "2002-02",
            "price": "14.27",
            "revenue": 111777
        },
        "2002-03": {
            "month": "2002-03",
            "price": "18.09",
            "revenue": 178652
        },
        "2002-04": {
            "month": "2002-04",
            "price": "20.73",
            "revenue": 88067
        },
        "2002-05": {
            "month": "2002-05",
            "price": "22.74",
            "revenue": 90384
        },
        "2002-06": {
            "month": "2002-06",
            "price": "21.26",
            "revenue": 71069
        },
        "2002-07": {
            "month": "2002-07",
            "price": "16.77",
            "revenue": 115265
        },
        "2002-08": {
            "month": "2002-08",
            "price": "18.06",
            "revenue": 138545
        },
        "2002-09": {
            "month": "2002-09",
            "price": "18.94",
            "revenue": 126109
        },
        "2002-10": {
            "month": "2002-10",
            "price": "18.75",
            "revenue": 147412
        },
        "2002-11": {
            "month": "2002-11",
            "price": "20.73",
            "revenue": 174709
        },
        "2002-12": {
            "month": "2002-12",
            "price": "21.19",
            "revenue": 162048
        },
        "2003-01": {
            "month": "2003-01",
            "price": "20.80",
            "revenue": 213706
        },
        "2003-02": {
            "month": "2003-02",
            "price": "22.71",
            "revenue": 171411
        },
        "2003-03": {
            "month": "2003-03",
            "price": "20.80",
            "revenue": 260779
        },
        "2003-04": {
            "month": "2003-04",
            "price": "21.40",
            "revenue": 222056
        },
        "2003-05": {
            "month": "2003-05",
            "price": "19.68",
            "revenue": 114391
        },
        "2003-06": {
            "month": "2003-06",
            "price": "20.50",
            "revenue": 98686
        },
        "2003-07": {
            "month": "2003-07",
            "price": "19.17",
            "revenue": 116803
        },
        "2003-08": {
            "month": "2003-08",
            "price": "19.39",
            "revenue": 136838
        },
        "2003-09": {
            "month": "2003-09",
            "price": "18.94",
            "revenue": 129894
        },
        "2003-10": {
            "month": "2003-10",
            "price": "18.18",
            "revenue": 147366
        },
        "2003-11": {
            "month": "2003-11",
            "price": "17.89",
            "revenue": 157461
        },
        "2003-12": {
            "month": "2003-12",
            "price": "18.57",
            "revenue": 126233
        },
        "2004-01": {
            "month": "2004-01",
            "price": "18.52",
            "revenue": 134242
        },
        "2004-02": {
            "month": "2004-02",
            "price": "17.92",
            "revenue": 214667
        },
        "2004-03": {
            "month": "2004-03",
            "price": "17.61",
            "revenue": 246386
        },
        "2004-04": {
            "month": "2004-04",
            "price": "16.53",
            "revenue": 219814
        },
        "2004-05": {
            "month": "2004-05",
            "price": "15.48",
            "revenue": 132716
        },
        "2004-06": {
            "month": "2004-06",
            "price": "14.42",
            "revenue": 91265
        },
        "2004-07": {
            "month": "2004-07",
            "price": "14.04",
            "revenue": 143754
        },
        "2004-08": {
            "month": "2004-08",
            "price": "14.18",
            "revenue": 138940
        },
        "2004-09": {
            "month": "2004-09",
            "price": "13.66",
            "revenue": 190483
        },
        "2004-10": {
            "month": "2004-10",
            "price": "13.66",
            "revenue": 203365
        },
        "2004-11": {
            "month": "2004-11",
            "price": "13.26",
            "revenue": 240715
        },
        "2004-12": {
            "month": "2004-12",
            "price": "13.32",
            "revenue": 320266
        },
        "2005-01": {
            "month": "2005-01",
            "price": "13.27",
            "revenue": 277395
        },
        "2005-02": {
            "month": "2005-02",
            "price": "13.80",
            "revenue": 192362
        },
        "2005-03": {
            "month": "2005-03",
            "price": "13.37",
            "revenue": 328588
        },
        "2005-04": {
            "month": "2005-04",
            "price": "13.34",
            "revenue": 300432
        },
        "2005-05": {
            "month": "2005-05",
            "price": "12.65",
            "revenue": 299815
        },
        "2005-06": {
            "month": "2005-06",
            "price": "12.48",
            "revenue": 238491
        },
        "2005-07": {
            "month": "2005-07",
            "price": "12.95",
            "revenue": 136806
        },
        "2005-08": {
            "month": "2005-08",
            "price": "12.05",
            "revenue": 194481
        },
        "2005-09": {
            "month": "2005-09",
            "price": "11.27",
            "revenue": 220206
        },
        "2005-10": {
            "month": "2005-10",
            "price": "12.18",
            "revenue": 257957
        },
        "2005-11": {
            "month": "2005-11",
            "price": "11.85",
            "revenue": 314800
        },
        "2005-12": {
            "month": "2005-12",
            "price": "12.03",
            "revenue": 362816
        },
        "2006-01": {
            "month": "2006-01",
            "price": "12.19",
            "revenue": 233952
        },
        "2006-02": {
            "month": "2006-02",
            "price": "12.08",
            "revenue": 203323
        },
        "2006-03": {
            "month": "2006-03",
            "price": "11.88",
            "revenue": 349304
        },
        "2006-04": {
            "month": "2006-04",
            "price": "12.46",
            "revenue": 208238
        },
        "2006-05": {
            "month": "2006-05",
            "price": "12.77",
            "revenue": 93479
        },
        "2006-06": {
            "month": "2006-06",
            "price": "11.51",
            "revenue": 79358
        },
        "2006-07": {
            "month": "2006-07",
            "price": "11.67",
            "revenue": 86266
        },
        "2006-08": {
            "month": "2006-08",
            "price": "11.46",
            "revenue": 142153
        },
        "2006-09": {
            "month": "2006-09",
            "price": "10.52",
            "revenue": 130774
        },
        "2006-10": {
            "month": "2006-10",
            "price": "10.23",
            "revenue": 148298
        },
        "2006-11": {
            "month": "2006-11",
            "price": "10.04",
            "revenue": 294873
        },
        "2006-12": {
            "month": "2006-12",
            "price": "10.86",
            "revenue": 195664
        },
        "2007-01": {
            "month": "2007-01",
            "price": "10.79",
            "revenue": 264483
        },
        "2007-02": {
            "month": "2007-02",
            "price": "10.50",
            "revenue": 200354
        },
        "2007-03": {
            "month": "2007-03",
            "price": "10.59",
            "revenue": 309595
        },
        "2007-04": {
            "month": "2007-04",
            "price": "12.76",
            "revenue": 256713
        },
        "2007-05": {
            "month": "2007-05",
            "price": "13.56",
            "revenue": 216974
        },
        "2007-06": {
            "month": "2007-06",
            "price": "14.97",
            "revenue": 142868
        },
        "2007-07": {
            "month": "2007-07",
            "price": "30.71",
            "revenue": 128636
        },
        "2007-08": {
            "month": "2007-08",
            "price": "33.06",
            "revenue": 90287
        },
        "2007-09": {
            "month": "2007-09",
            "price": "28.84",
            "revenue": 102440
        },
        "2007-10": {
            "month": "2007-10",
            "price": "23.71",
            "revenue": 147270
        },
        "2007-11": {
            "month": "2007-11",
            "price": "19.56",
            "revenue": 142539
        },
        "2007-12": {
            "month": "2007-12",
            "price": "15.73",
            "revenue": 254239
        },
        "2008-01": {
            "month": "2008-01",
            "price": "14.40",
            "revenue": 177522
        },
        "2008-02": {
            "month": "2008-02",
            "price": "14.67",
            "revenue": 256903
        },
        "2008-03": {
            "month": "2008-03",
            "price": "20.50",
            "revenue": 237440
        },
        "2008-04": {
            "month": "2008-04",
            "price": "21.11",
            "revenue": 223711
        },
        "2008-05": {
            "month": "2008-05",
            "price": "22.04",
            "revenue": 212470
        },
        "2008-06": {
            "month": "2008-06",
            "price": "21.19",
            "revenue": 153278
        },
        "2008-07": {
            "month": "2008-07",
            "price": "17.50",
            "revenue": 159335
        },
        "2008-08": {
            "month": "2008-08",
            "price": "14.79",
            "revenue": 160096
        },
        "2008-09": {
            "month": "2008-09",
            "price": "10.10",
            "revenue": 181276
        },
        "2008-10": {
            "month": "2008-10",
            "price": "8.70",
            "revenue": 351062
        },
        "2008-11": {
            "month": "2008-11",
            "price": "8.72",
            "revenue": 359157
        },
        "2008-12": {
            "month": "2008-12",
            "price": "8.73",
            "revenue": 454927
        },
        "2009-01": {
            "month": "2009-01",
            "price": "8.85",
            "revenue": 297061
        },
        "2009-02": {
            "month": "2009-02",
            "price": "8.96",
            "revenue": 379993
        },
        "2009-03": {
            "month": "2009-03",
            "price": "12.01",
            "revenue": 531120
        },
        "2009-04": {
            "month": "2009-04",
            "price": "19.27",
            "revenue": 493507
        },
        "2009-05": {
            "month": "2009-05",
            "price": "27.73",
            "revenue": 230384
        },
        "2009-06": {
            "month": "2009-06",
            "price": "23.51",
            "revenue": 151436
        },
        "2009-07": {
            "month": "2009-07",
            "price": "23.08",
            "revenue": 148123
        },
        "2009-08": {
            "month": "2009-08",
            "price": "27.24",
            "revenue": 107519
        },
        "2009-09": {
            "month": "2009-09",
            "price": "28.51",
            "revenue": 272879
        },
        "2009-10": {
            "month": "2009-10",
            "price": "28.12",
            "revenue": 301236
        },
        "2009-11": {
            "month": "2009-11",
            "price": "25.36",
            "revenue": 311441
        },
        "2009-12": {
            "month": "2009-12",
            "price": "25.67",
            "revenue": 297733
        },
        "2010-01": {
            "month": "2010-01",
            "price": "24.86",
            "revenue": 297428
        },
        "2010-02": {
            "month": "2010-02",
            "price": "20.42",
            "revenue": 218161
        },
        "2010-03": {
            "month": "2010-03",
            "price": "21.06",
            "revenue": 295190
        },
        "2010-04": {
            "month": "2010-04",
            "price": "21.27",
            "revenue": 277623
        },
        "2010-05": {
            "month": "2010-05",
            "price": "18.59",
            "revenue": 180765
        },
        "2010-06": {
            "month": "2010-06",
            "price": "16.75",
            "revenue": 141734
        },
        "2010-07": {
            "month": "2010-07",
            "price": "16.94",
            "revenue": 202375
        },
        "2010-08": {
            "month": "2010-08",
            "price": "17.37",
            "revenue": 131735
        },
        "2010-09": {
            "month": "2010-09",
            "price": "16.59",
            "revenue": 226556
        },
        "2010-10": {
            "month": "2010-10",
            "price": "15.42",
            "revenue": 241585
        },
        "2010-11": {
            "month": "2010-11",
            "price": "14.05",
            "revenue": 314755
        },
        "2010-12": {
            "month": "2010-12",
            "price": "14.87",
            "revenue": 373295
        },
        "2011-01": {
            "month": "2011-01",
            "price": "15.10",
            "revenue": 199914
        },
        "2011-02": {
            "month": "2011-02",
            "price": "14.16",
            "revenue": 238568
        },
        "2011-03": {
            "month": "2011-03",
            "price": "14.81",
            "revenue": 328488
        },
        "2011-04": {
            "month": "2011-04",
            "price": "15.73",
            "revenue": 306842
        },
        "2011-05": {
            "month": "2011-05",
            "price": "16.76",
            "revenue": 227854
        },
        "2011-06": {
            "month": "2011-06",
            "price": "15.89",
            "revenue": 212407
        },
        "2011-07": {
            "month": "2011-07",
            "price": "15.83",
            "revenue": 145567
        },
        "2011-08": {
            "month": "2011-08",
            "price": "13.90",
            "revenue": 199078
        },
        "2011-09": {
            "month": "2011-09",
            "price": "12.18",
            "revenue": 232041
        },
        "2011-10": {
            "month": "2011-10",
            "price": "11.42",
            "revenue": 255460
        },
        "2011-11": {
            "month": "2011-11",
            "price": "10.46",
            "revenue": 264300
        },
        "2011-12": {
            "month": "2011-12",
            "price": "9.12",
            "revenue": 277441
        },
        "2012-01": {
            "month": "2012-01",
            "price": "9.05",
            "revenue": 211927
        },
        "2012-02": {
            "month": "2012-02",
            "price": "11.42",
            "revenue": 163404
        },
        "2012-03": {
            "month": "2012-03",
            "price": "11.89",
            "revenue": 219813
        },
        "2012-04": {
            "month": "2012-04",
            "price": "11.74",
            "revenue": 132466
        },
        "2012-05": {
            "month": "2012-05",
            "price": "10.41",
            "revenue": 174267
        },
        "2012-06": {
            "month": "2012-06",
            "price": "9.74",
            "revenue": 179267
        },
        "2012-07": {
            "month": "2012-07",
            "price": "10.10",
            "revenue": 128114
        },
        "2012-08": {
            "month": "2012-08",
            "price": "10.62",
            "revenue": 199811
        },
        "2012-09": {
            "month": "2012-09",
            "price": "11.12",
            "revenue": 201822
        },
        "2012-10": {
            "month": "2012-10",
            "price": "10.15",
            "revenue": 232468
        },
        "2012-11": {
            "month": "2012-11",
            "price": "9.34",
            "revenue": 246418
        },
        "2012-12": {
            "month": "2012-12",
            "price": "9.85",
            "revenue": 296510
        },
        "2013-01": {
            "month": "2013-01",
            "price": "10.21",
            "revenue": 423917
        },
        "2013-02": {
            "month": "2013-02",
            "price": "10.43",
            "revenue": 419249
        },
        "2013-03": {
            "month": "2013-03",
            "price": "12.48",
            "revenue": 477287
        },
        "2013-04": {
            "month": "2013-04",
            "price": "13.88",
            "revenue": 421270
        },
        "2013-05": {
            "month": "2013-05",
            "price": "16.73",
            "revenue": 342239
        },
        "2013-06": {
            "month": "2013-06",
            "price": "17.77",
            "revenue": 229109
        },
        "2013-07": {
            "month": "2013-07",
            "price": "17.76",
            "revenue": 419162
        },
        "2013-08": {
            "month": "2013-08",
            "price": "15.41",
            "revenue": 302210
        },
        "2013-09": {
            "month": "2013-09",
            "price": "14.56",
            "revenue": 368966
        },
        "2013-10": {
            "month": "2013-10",
            "price": "15.42",
            "revenue": 496809
        },
        "2013-11": {
            "month": "2013-11",
            "price": "15.99",
            "revenue": 371403
        },
        "2013-12": {
            "month": "2013-12",
            "price": "16.92",
            "revenue": 457872
        },
        "2014-01": {
            "month": "2014-01",
            "price": "18.26",
            "revenue": 420438
        },
        "2014-02": {
            "month": "2014-02",
            "price": "21.11",
            "revenue": 358290
        },
        "2014-03": {
            "month": "2014-03",
            "price": "20.92",
            "revenue": 379607
        },
        "2014-04": {
            "month": "2014-04",
            "price": "18.99",
            "revenue": 343223
        },
        "2014-05": {
            "month": "2014-05",
            "price": "16.78",
            "revenue": 223509
        },
        "2014-06": {
            "month": "2014-06",
            "price": "16.66",
            "revenue": 218476
        },
        "2014-07": {
            "month": "2014-07",
            "price": "16.35",
            "revenue": 224462
        },
        "2014-08": {
            "month": "2014-08",
            "price": "15.27",
            "revenue": 371970
        },
        "2014-09": {
            "month": "2014-09",
            "price": "15.48",
            "revenue": 341290
        },
        "2014-10": {
            "month": "2014-10",
            "price": "13.56",
            "revenue": 319707
        },
        "2014-11": {
            "month": "2014-11",
            "price": "13.39",
            "revenue": 510273
        },
        "2014-12": {
            "month": "2014-12",
            "price": "13.87",
            "revenue": 677249
        },
        "2015-01": {
            "month": "2015-01",
            "price": "15.16",
            "revenue": 487021
        },
        "2015-02": {
            "month": "2015-02",
            "price": "15.30",
            "revenue": 461014
        },
        "2015-03": {
            "month": "2015-03",
            "price": "15.39",
            "revenue": 542194
        },
        "2015-04": {
            "month": "2015-04",
            "price": "16.60",
            "revenue": 505607
        },
        "2015-05": {
            "month": "2015-05",
            "price": "16.36",
            "revenue": 342442
        },
        "2015-06": {
            "month": "2015-06",
            "price": "14.45",
            "revenue": 415688
        },
        "2015-07": {
            "month": "2015-07",
            "price": "13.65",
            "revenue": 513413
        },
        "2015-08": {
            "month": "2015-08",
            "price": "13.00",
            "revenue": 504451
        },
        "2015-09": {
            "month": "2015-09",
            "price": "13.48",
            "revenue": 689105
        },
        "2015-10": {
            "month": "2015-10",
            "price": "16.12",
            "revenue": 538213
        },
        "2015-11": {
            "month": "2015-11",
            "price": "17.54",
            "revenue": 509035
        },
        "2015-12": {
            "month": "2015-12",
            "price": "15.52",
            "revenue": 595360
        },
        "2016-01": {
            "month": "2016-01",
            "price": "14.16",
            "revenue": 389990
        },
        "2016-02": {
            "month": "2016-02",
            "price": "14.37",
            "revenue": 407195
        },
        "2016-03": {
            "month": "2016-03",
            "price": "14.97",
            "revenue": 374508
        },
        "2016-04": {
            "month": "2016-04",
            "price": "13.88",
            "revenue": 321243
        },
        "2016-05": {
            "month": "2016-05",
            "price": "12.32",
            "revenue": 304713
        },
        "2016-06": {
            "month": "2016-06",
            "price": "12.37",
            "revenue": 341266
        },
        "2016-07": {
            "month": "2016-07",
            "price": "12.38",
            "revenue": 407344
        },
        "2016-08": {
            "month": "2016-08",
            "price": "12.17",
            "revenue": 342967
        },
        "2016-09": {
            "month": "2016-09",
            "price": "11.52",
            "revenue": 417049
        },
        "2016-10": {
            "month": "2016-10",
            "price": "10.93",
            "revenue": 410701
        },
        "2016-11": {
            "month": "2016-11",
            "price": "10.70",
            "revenue": 396962
        },
        "2016-12": {
            "month": "2016-12",
            "price": "11.22",
            "revenue": 456095
        },
        "2017-01": {
            "month": "2017-01",
            "price": "11.33",
            "revenue": 266969
        },
        "2017-02": {
            "month": "2017-02",
            "price": "11.55",
            "revenue": 283871
        },
        "2017-03": {
            "month": "2017-03",
            "price": "11.78",
            "revenue": 313290
        },
        "2017-04": {
            "month": "2017-04",
            "price": "11.27",
            "revenue": 299819
        },
        "2017-05": {
            "month": "2017-05",
            "price": "10.62",
            "revenue": 338131
        },
        "2017-06": {
            "month": "2017-06",
            "price": "10.53",
            "revenue": 333225
        },
        "2017-07": {
            "month": "2017-07",
            "price": "11.23",
            "revenue": 347364
        },
        "2017-08": {
            "month": "2017-08",
            "price": "11.00",
            "revenue": 365537
        },
        "2017-09": {
            "month": "2017-09",
            "price": "11.13",
            "revenue": 355486
        },
        "2017-10": {
            "month": "2017-10",
            "price": "11.07",
            "revenue": 465193
        },
        "2017-11": {
            "month": "2017-11",
            "price": "11.17",
            "revenue": 398621
        },
        "2017-12": {
            "month": "2017-12",
            "price": "12.90",
            "revenue": 524684
        },
        "2018-01": {
            "month": "2018-01",
            "price": "14.08",
            "revenue": 494736
        },
        "2018-02": {
            "month": "2018-02",
            "price": "12.80",
            "revenue": 233273
        },
        "2018-03": {
            "month": "2018-03",
            "price": "12.92",
            "revenue": 378665
        },
        "2018-04": {
            "month": "2018-04",
            "price": "11.63",
            "revenue": 374374
        },
        "2018-05": {
            "month": "2018-05",
            "price": "11.17",
            "revenue": 334220
        },
        "2018-06": {
            "month": "2018-06",
            "price": "11.25",
            "revenue": 288734
        },
        "2018-07": {
            "month": "2018-07",
            "price": "10.81",
            "revenue": 276006
        },
        "2018-08": {
            "month": "2018-08",
            "price": "9.56",
            "revenue": 287886
        },
        "2018-09": {
            "month": "2018-09",
            "price": "8.73",
            "revenue": 311484
        },
        "2018-10": {
            "month": "2018-10",
            "price": "7.78",
            "revenue": 318945
        },
        "2018-11": {
            "month": "2018-11",
            "price": "7.85",
            "revenue": 212096
        },
        "2018-12": {
            "month": "2018-12",
            "price": "7.74",
            "revenue": 426984
        },
        "2019-01": {
            "month": "2019-01",
            "price": "8.02",
            "revenue": 289668
        },
        "2019-02": {
            "month": "2019-02",
            "price": "8.38",
            "revenue": 266731
        },
        "2019-03": {
            "month": "2019-03",
            "price": "7.97",
            "revenue": 266614
        },
        "2019-04": {
            "month": "2019-04",
            "price": "7.51",
            "revenue": 321537
        },
        "2019-05": {
            "month": "2019-05",
            "price": "5.36",
            "revenue": 342088
        },
        "2019-06": {
            "month": "2019-06",
            "price": "4.86",
            "revenue": 253242
        },
        "2019-07": {
            "month": "2019-07",
            "price": "5.24",
            "revenue": 316645
        },
        "2019-08": {
            "month": "2019-08",
            "price": "4.60",
            "revenue": 277299
        },
        "2019-09": {
            "month": "2019-09",
            "price": "4.67",
            "revenue": 404089
        },
        "2019-10": {
            "month": "2019-10",
            "price": "4.23",
            "revenue": 421996
        },
        "2019-11": {
            "month": "2019-11",
            "price": "4.15",
            "revenue": 482444
        },
        "2019-12": {
            "month": "2019-12",
            "price": "5.60",
            "revenue": 414533
        },
        "2020-01": {
            "month": "2020-01",
            "price": "7.47",
            "revenue": 350506
        },
        "2020-02": {
            "month": "2020-02",
            "price": "6.28",
            "revenue": 208687
        },
        "2020-03": {
            "month": "2020-03",
            "price": "4.80",
            "revenue": 221840
        },
        "2020-04": {
            "month": "2020-04",
            "price": "4.59",
            "revenue": 279953
        },
        "2020-05": {
            "month": "2020-05",
            "price": "6.84",
            "revenue": 396966
        },
        "2020-06": {
            "month": "2020-06",
            "price": "10.10",
            "revenue": 350622
        },
        "2020-07": {
            "month": "2020-07",
            "price": "14.17",
            "revenue": 451146
        },
        "2020-08": {
            "month": "2020-08",
            "price": "14.79",
            "revenue": 360529
        },
        "2020-09": {
            "month": "2020-09",
            "price": "13.86",
            "revenue": 388488
        },
        "2020-10": {
            "month": "2020-10",
            "price": "12.58",
            "revenue": 311592
        },
        "2020-11": {
            "month": "2020-11",
            "price": "12.54",
            "revenue": 278417
        },
        "2020-12": {
            "month": "2020-12",
            "price": "12.15",
            "revenue": 424192
        },
        "2021-01": {
            "month": "2021-01",
            "price": "10.80",
            "revenue": 278406
        },
        "2021-02": {
            "month": "2021-02",
            "price": "10.86",
            "revenue": 293799
        },
        "2021-03": {
            "month": "2021-03",
            "price": "12.32",
            "revenue": 342766
        },
        "2021-04": {
            "month": "2021-04",
            "price": "14.93",
            "revenue": 315209
        },
        "2021-05": {
            "month": "2021-05",
            "price": "12.63",
            "revenue": 354983
        },
        "2021-06": {
            "month": "2021-06",
            "price": "11.99",
            "revenue": 388736
        },
        "2021-07": {
            "month": "2021-07",
            "price": "12.11",
            "revenue": 373393
        },
        "2021-08": {
            "month": "2021-08",
            "price": "11.45",
            "revenue": 394007
        },
        "2021-09": {
            "month": "2021-09",
            "price": "10.98",
            "revenue": 477255
        },
        "2021-10": {
            "month": "2021-10",
            "price": "10.75",
            "revenue": 442425
        },
        "2021-11": {
            "month": "2021-11",
            "price": "11.42",
            "revenue": 477142
        },
        "2021-12": {
            "month": "2021-12",
            "price": "12.35",
            "revenue": 475402
        },
        "2022-01": {
            "month": "2022-01",
            "price": "12.68",
            "revenue": 339318
        },
        "2022-02": {
            "month": "2022-02",
            "price": "12.62",
            "revenue": 329594
        },
        "2022-03": {
            "month": "2022-03",
            "price": "12.35",
            "revenue": 462327
        },
        "2022-04": {
            "month": "2022-04",
            "price": "12.40",
            "revenue": 412389
        },
        "2022-05": {
            "month": "2022-05",
            "price": "11.78",
            "revenue": 407211
        },
        "2022-06": {
            "month": "2022-06",
            "price": "12.26",
            "revenue": 478220
        },
        "2022-07": {
            "month": "2022-07",
            "price": "11.23",
            "revenue": 456070
        },
        "2022-08": {
            "month": "2022-08",
            "price": "12.98",
            "revenue": 583551
        },
        "2022-09": {
            "month": "2022-09",
            "price": "20.65",
            "revenue": 655336
        },
        "2022-10": {
            "month": "2022-10",
            "price": "20.77",
            "revenue": 412560
        },
        "2022-11": {
            "month": "2022-11",
            "price": "19.42",
            "revenue": 496854
        },
        "2022-12": {
            "month": "2022-12",
            "price": "16.70",
            "revenue": 632338
        },
        "2023-01": {
            "month": "2023-01",
            "price": "16.24",
            "revenue": 361413
        },
        "2023-02": {
            "month": "2023-02",
            "price": "16.07",
            "revenue": 329100
        },
        "2023-03": {
            "month": "2023-03",
            "price": "14.12",
            "revenue": 420056
        },
        "2023-04": {
            "month": "2023-04",
            "price": "12.49",
            "revenue": 380432
        },
        "2023-05": {
            "month": "2023-05",
            "price": "11.54",
            "revenue": 390081
        },
        "2023-06": {
            "month": "2023-06",
            "price": "11.41",
            "revenue": 227908
        },
        "2023-07": {
            "month": "2023-07",
            "price": "10.64",
            "revenue": 250686
        },
        "2023-08": {
            "month": "2023-08",
            "price": "10.03",
            "revenue": 397878
        }
    }
}
