{
    "summary": {
        "stock_name": "衡平",
        "stock_id": "8934",
        "category": "其他",
        "main_business": "物業管理",
        "website_url": "http://www.everlance.com.tw",
        "ceo": "楊順銓",
        "pe_ratio": -4,
        "report_year_from": 2001,
        "report_year_to": 2020,
        "age": 23,
        "eps_negative_percentage": 60,
        "eps_growth_avg": {
            "last_all": -28.36,
            "last_2y": -24.77,
            "last_4y": -28.95,
            "last_8y": -28.36,
            "last_12y": -28.36,
            "last_16y": -28.36,
            "last_20y": null,
            "at_2006_last_3y": null,
            "at_2007_last_3y": null,
            "at_2008_last_3y": null,
            "at_2009_last_3y": null,
            "at_2010_last_3y": null,
            "at_2011_last_3y": null,
            "at_2012_last_3y": null,
            "at_2013_last_3y": -45.28,
            "at_2014_last_3y": -47.73,
            "at_2015_last_3y": -27.37,
            "at_2016_last_3y": -16.67,
            "at_2017_last_3y": -26.82,
            "at_2018_last_3y": 10.73,
            "at_2019_last_3y": -11.19,
            "at_2020_last_3y": -40.04,
            "at_2021_last_3y": -40.04,
            "at_2022_last_3y": -40.04,
            "at_2023_last_3y": -40.04,
            "at_2024_last_3y": -40.04,
            "at_2006_last_all": null,
            "at_2007_last_all": null,
            "at_2008_last_all": null,
            "at_2009_last_all": null,
            "at_2010_last_all": null,
            "at_2011_last_all": null,
            "at_2012_last_all": null,
            "at_2013_last_all": -45.28,
            "at_2014_last_all": -47.73,
            "at_2015_last_all": -27.37,
            "at_2016_last_all": -16.67,
            "at_2017_last_all": -30.51,
            "at_2018_last_all": -8.76,
            "at_2019_last_all": -18.12,
            "at_2020_last_all": -28.36,
            "at_2021_last_all": -28.36,
            "at_2022_last_all": -28.36,
            "at_2023_last_all": -28.36,
            "at_2024_last_all": -28.36
        },
        "latest_eps": -10.13,
        "latest_price": 36.1,
        "latest_roe": -43.71,
        "latest_gross_margin": 40.6,
        "latest_equity": 227406,
        "latest_revenue": 44261,
        "latest_gross_profit": 17971,
        "latest_net_income": -76498,
        "latest_debt_ratio": 62.85,
        "latest_current_ratio": 167.32,
        "latest_account_receivable_turnover_ratio": 11.68,
        "latest_inventory_turnover_ratio": 7.87,
        "latest_reinvestment_rate": null,
        "latest_research_to_sale_ratio": null
    },
    "eps_dividends": {
        "1999": {
            "cash": 2.7,
            "stock": 2.7,
            "eps": 0
        },
        "2000": {
            "cash": 4,
            "stock": 4,
            "eps": 0
        },
        "2001": {
            "cash": 1.5,
            "stock": 1.5,
            "eps": -1.96
        },
        "2002": {
            "cash": 0,
            "stock": 0,
            "eps": -4.17
        },
        "2003": {
            "cash": 0,
            "stock": 0,
            "eps": -2.79
        },
        "2004": {
            "cash": 0,
            "stock": 0,
            "eps": -0.63
        },
        "2005": {
            "cash": 0,
            "stock": 0,
            "eps": -5.59
        },
        "2006": {
            "cash": 0,
            "stock": 0,
            "eps": -2.4
        },
        "2007": {
            "cash": 0,
            "stock": 0,
            "eps": -2.55
        },
        "2008": {
            "cash": 0,
            "stock": 0,
            "eps": -0.89
        },
        "2009": {
            "cash": 0,
            "stock": 0,
            "eps": -0.34
        },
        "2010": {
            "cash": 0,
            "stock": 0,
            "eps": -0.1
        },
        "2011": {
            "cash": 0,
            "stock": 0,
            "eps": -1.45
        },
        "2012": {
            "cash": 0,
            "stock": 1.19,
            "eps": 10.71
        },
        "2013": {
            "cash": 0,
            "stock": 0,
            "eps": 5.86
        },
        "2014": {
            "cash": 0,
            "stock": 2.64,
            "eps": 2.92
        },
        "2015": {
            "cash": 0,
            "stock": 1.26,
            "eps": 3.31
        },
        "2016": {
            "cash": 0,
            "stock": 0,
            "eps": 3.82
        },
        "2017": {
            "cash": 0,
            "stock": 0,
            "eps": 0.54
        },
        "2018": {
            "cash": 0,
            "stock": 0,
            "eps": 3.58
        },
        "2019": {
            "cash": 0,
            "stock": 0,
            "eps": 0.92
        },
        "2020": {
            "cash": 0,
            "stock": 0,
            "eps": -9.82
        }
    },
    "dividends": {
        "1999-06-28": {
            "cash": 2.7,
            "stock": 2.7
        },
        "2000-06-03": {
            "cash": 4,
            "stock": 4
        },
        "2001-06-27": {
            "cash": 1.5,
            "stock": 1.5
        },
        "2012-06-27": {
            "cash": 0,
            "stock": 1.19
        },
        "2014-06-26": {
            "cash": 0,
            "stock": 2.64
        },
        "2015-05-06": {
            "cash": 0,
            "stock": 1.26
        }
    },
    "prices": {
        "200101": "無",
        "200102": "無",
        "200103": "無",
        "200104": "無",
        "200105": "無",
        "200106": "無",
        "200107": "無",
        "200108": "無",
        "200109": "10.71",
        "200110": "9.70",
        "200111": "6.87",
        "200112": "7.17",
        "200201": "6.89",
        "200202": "5.72",
        "200203": "6.16",
        "200204": "7.51",
        "200205": "6.46",
        "200206": "6.44",
        "200207": "6.38",
        "200208": "4.08",
        "200209": "3.94",
        "200210": "3.51",
        "200211": "3.88",
        "200212": "3.56",
        "200301": "3.90",
        "200302": "3.37",
        "200303": "2.77",
        "200304": "2.15",
        "200305": "2.30",
        "200306": "2.64",
        "200307": "3.78",
        "200308": "3.35",
        "200309": "2.89",
        "200310": "4.25",
        "200311": "7.98",
        "200312": "7.94",
        "200401": "8.96",
        "200402": "8.34",
        "200403": "7.50",
        "200404": "8.17",
        "200405": "8.34",
        "200406": "7.71",
        "200407": "7.75",
        "200408": "8.74",
        "200409": "8.57",
        "200410": "8.45",
        "200411": "8.26",
        "200412": "7.95",
        "200501": "7.41",
        "200502": "7.23",
        "200503": "5.93",
        "200504": "4.24",
        "200505": "3.97",
        "200506": "3.62",
        "200507": "3.21",
        "200508": "2.92",
        "200509": "3.10",
        "200510": "3.50",
        "200511": "3.23",
        "200512": "3.54",
        "200601": "4.03",
        "200602": "4.03",
        "200603": "3.71",
        "200604": "3.54",
        "200605": "3.30",
        "200606": "3.58",
        "200607": "3.80",
        "200608": "3.96",
        "200609": "3.38",
        "200610": "3.59",
        "200611": "3.33",
        "200612": "3.54",
        "200701": "3.50",
        "200702": "3.38",
        "200703": "3.33",
        "200704": "2.54",
        "200705": "無",
        "200706": "無",
        "200707": "無",
        "200708": "11.05",
        "200709": "無",
        "200710": "無",
        "200711": "無",
        "200712": "無",
        "200801": "無",
        "200802": "無",
        "200803": "無",
        "200804": "無",
        "200805": "無",
        "200806": "無",
        "200807": "無",
        "200808": "無",
        "200809": "無",
        "200810": "無",
        "200811": "無",
        "200812": "7.44",
        "200901": "5.27",
        "200902": "2.71",
        "200903": "無",
        "200904": "1.86",
        "200905": "無",
        "200906": "2.76",
        "200907": "2.72",
        "200908": "無",
        "200909": "2.72",
        "200910": "無",
        "200911": "2.72",
        "200912": "2.70",
        "201001": "2.90",
        "201002": "3.06",
        "201003": "無",
        "201004": "無",
        "201005": "無",
        "201006": "無",
        "201007": "無",
        "201008": "無",
        "201009": "2.57",
        "201010": "無",
        "201011": "無",
        "201012": "無",
        "201101": "2.32",
        "201102": "無",
        "201103": "無",
        "201104": "2.20",
        "201105": "無",
        "201106": "無",
        "201107": "2.63",
        "201108": "3.69",
        "201109": "4.47",
        "201110": "5.25",
        "201111": "4.81",
        "201112": "3.60",
        "201201": "2.87",
        "201202": "29.20",
        "201203": "27.35",
        "201204": "24.75",
        "201205": "49.22",
        "201206": "40.77",
        "201207": "39.73",
        "201208": "36.18",
        "201209": "40.10",
        "201210": "53.44",
        "201211": "55.05",
        "201212": "無",
        "201301": "47.88",
        "201302": "無",
        "201303": "48.00",
        "201304": "59.89",
        "201305": "62.52",
        "201306": "無",
        "201307": "無",
        "201308": "36.70",
        "201309": "27.65",
        "201310": "29.86",
        "201311": "33.94",
        "201312": "36.39",
        "201401": "39.25",
        "201402": "43.67",
        "201403": "46.67",
        "201404": "48.11",
        "201405": "52.94",
        "201406": "57.75",
        "201407": "62.74",
        "201408": "57.38",
        "201409": "63.45",
        "201410": "無",
        "201411": "49.40",
        "201412": "無",
        "201501": "無",
        "201502": "無",
        "201503": "無",
        "201504": "41.70",
        "201505": "無",
        "201506": "45.85",
        "201507": "無",
        "201508": "無",
        "201509": "40.50",
        "201510": "44.55",
        "201511": "無",
        "201512": "無",
        "201601": "39.00",
        "201602": "無",
        "201603": "無",
        "201604": "無",
        "201605": "42.90",
        "201606": "43.81",
        "201607": "41.56",
        "201608": "40.00",
        "201609": "29.26",
        "201610": "27.00",
        "201611": "28.00",
        "201612": "32.09",
        "201701": "29.80",
        "201702": "31.64",
        "201703": "41.50",
        "201704": "59.62",
        "201705": "87.46",
        "201706": "61.80",
        "201707": "44.80",
        "201708": "45.78",
        "201709": "41.75",
        "201710": "38.13",
        "201711": "35.76",
        "201712": "32.94",
        "201801": "32.21",
        "201802": "32.39",
        "201803": "39.63",
        "201804": "47.52",
        "201805": "40.26",
        "201806": "37.22",
        "201807": "39.84",
        "201808": "40.79",
        "201809": "41.30",
        "201810": "42.00",
        "201811": "39.79",
        "201812": "36.70",
        "201901": "39.29",
        "201902": "38.61",
        "201903": "38.23",
        "201904": "37.44",
        "201905": "35.82",
        "201906": "39.09",
        "201907": "39.04",
        "201908": "37.65",
        "201909": "36.84",
        "201910": "36.82",
        "201911": "36.32",
        "201912": "36.56",
        "202001": "35.53",
        "202002": "36.16",
        "202003": "32.78",
        "202004": "32.65",
        "202005": "32.95",
        "202006": "34.73",
        "202007": "35.97",
        "202008": "35.64",
        "202009": "35.61",
        "202010": "28.57",
        "202011": "32.93",
        "202012": "無",
        "202101": "無",
        "202102": "無",
        "202103": "無",
        "202104": "無",
        "202105": "無",
        "202106": "無",
        "202107": "無",
        "202108": "無",
        "202109": "無",
        "202110": "無",
        "202111": "無",
        "202112": "無",
        "202201": "無",
        "202202": "無",
        "202203": "無",
        "202204": "無",
        "202205": "無",
        "202206": "無",
        "202207": "無",
        "202208": "無",
        "202209": "無",
        "202210": "無",
        "202211": "無",
        "202212": "無",
        "202301": "無",
        "202302": "無",
        "202303": "無",
        "202304": "無",
        "202305": "無",
        "202306": "無",
        "202307": "無",
        "202308": "無",
        "202309": "無",
        "202310": "無",
        "202311": "無",
        "202312": "無"
    },
    "quarters": {
        "20011": {
            "year_quarter": 20011,
            "year": 2001,
            "quarter": 1,
            "eps": -0.44,
            "eps_growth_year": null,
            "eps_4q": null,
            "eps_4q_growth_year": null,
            "roe": -3.44,
            "roe_4q": -3.44,
            "gross_profit": 44880,
            "gross_margin": 17,
            "gross_margin_4q_avg": 17,
            "net_income": -14150,
            "net_income_4q": null,
            "revenue": 263936,
            "revenue_4q": null,
            "common_shares": 319400,
            "book_valuer_per_share": 12.65,
            "book_valuer_per_share_4q_avg": 12.65,
            "equity": 404091,
            "current_ratio": 201.34,
            "debt_ratio": 38.38,
            "inventory_turnover_ratio": 1.59,
            "account_receivable_turnover_ratio": null,
            "reinvestment_rate": null,
            "research_to_sale_ratio": null,
            "price_fair": 0,
            "eps_avg_yearly": 0,
            "eps_latest_yearly": 0,
            "eps_growth_yearly": 0
        },
        "20012": {
            "year_quarter": 20012,
            "year": 2001,
            "quarter": 2,
            "eps": 0.41,
            "eps_growth_year": null,
            "eps_4q": null,
            "eps_4q_growth_year": null,
            "roe": 3.17,
            "roe_4q": -0.27,
            "gross_profit": 55341,
            "gross_margin": 18.18,
            "gross_margin_4q_avg": 17.59,
            "net_income": 13006,
            "net_income_4q": null,
            "revenue": 304431,
            "revenue_4q": null,
            "common_shares": 319400,
            "book_valuer_per_share": 13.06,
            "book_valuer_per_share_4q_avg": 12.86,
            "equity": 417097,
            "current_ratio": 187.98,
            "debt_ratio": 42.38,
            "inventory_turnover_ratio": 5.54,
            "account_receivable_turnover_ratio": null,
            "reinvestment_rate": null,
            "research_to_sale_ratio": null,
            "price_fair": 0,
            "eps_avg_yearly": 0,
            "eps_latest_yearly": 0,
            "eps_growth_yearly": 0
        },
        "20013": {
            "year_quarter": 20013,
            "year": 2001,
            "quarter": 3,
            "eps": -0.28,
            "eps_growth_year": null,
            "eps_4q": -0.07,
            "eps_4q_growth_year": null,
            "roe": -2.14,
            "roe_4q": -2.41,
            "gross_profit": 60115,
            "gross_margin": 17.4,
            "gross_margin_4q_avg": 17.53,
            "net_income": -8820,
            "net_income_4q": null,
            "revenue": 345414,
            "revenue_4q": null,
            "common_shares": 319400,
            "book_valuer_per_share": 12.78,
            "book_valuer_per_share_4q_avg": 12.83,
            "equity": 408276,
            "current_ratio": 176.32,
            "debt_ratio": 44.92,
            "inventory_turnover_ratio": 7.21,
            "account_receivable_turnover_ratio": null,
            "reinvestment_rate": null,
            "research_to_sale_ratio": null,
            "price_fair": 0,
            "eps_avg_yearly": 0,
            "eps_latest_yearly": 0,
            "eps_growth_yearly": 0
        },
        "20014": {
            "year_quarter": 20014,
            "year": 2001,
            "quarter": 4,
            "eps": -1.65,
            "eps_growth_year": -760,
            "eps_4q": -1.8,
            "eps_4q_growth_year": null,
            "roe": -16.19,
            "roe_4q": -18.6,
            "gross_profit": 13993,
            "gross_margin": 8.62,
            "gross_margin_4q_avg": 15.3,
            "net_income": -61144,
            "net_income_4q": null,
            "revenue": 162251,
            "revenue_4q": null,
            "common_shares": 370310,
            "book_valuer_per_share": 9.37,
            "book_valuer_per_share_4q_avg": 11.97,
            "equity": 347133,
            "current_ratio": 120.28,
            "debt_ratio": 62.23,
            "inventory_turnover_ratio": 1.16,
            "account_receivable_turnover_ratio": null,
            "reinvestment_rate": null,
            "research_to_sale_ratio": null,
            "price_fair": 0,
            "eps_avg_yearly": 0,
            "eps_latest_yearly": 0,
            "eps_growth_yearly": 0
        },
        "20021": {
            "year_quarter": 20021,
            "year": 2002,
            "quarter": 1,
            "eps": -0.87,
            "eps_growth_year": null,
            "eps_4q": -2.41,
            "eps_4q_growth_year": null,
            "roe": -9.72,
            "roe_4q": -24.880000000000003,
            "gross_profit": 18893,
            "gross_margin": 8.76,
            "gross_margin_4q_avg": 13.24,
            "net_income": -32187,
            "net_income_4q": null,
            "revenue": 215744,
            "revenue_4q": null,
            "common_shares": 370310,
            "book_valuer_per_share": 8.5,
            "book_valuer_per_share_4q_avg": 10.93,
            "equity": 314946,
            "current_ratio": 154.53,
            "debt_ratio": 50.48,
            "inventory_turnover_ratio": 1.58,
            "account_receivable_turnover_ratio": null,
            "reinvestment_rate": null,
            "research_to_sale_ratio": null,
            "price_fair": 0,
            "eps_avg_yearly": 0,
            "eps_latest_yearly": 0,
            "eps_growth_yearly": 0
        },
        "20022": {
            "year_quarter": 20022,
            "year": 2002,
            "quarter": 2,
            "eps": -3.1,
            "eps_growth_year": -856.1,
            "eps_4q": -5.86,
            "eps_4q_growth_year": null,
            "roe": -44.62,
            "roe_4q": -72.67,
            "gross_profit": 27183,
            "gross_margin": 6.84,
            "gross_margin_4q_avg": 10.41,
            "net_income": -114903,
            "net_income_4q": null,
            "revenue": 397399,
            "revenue_4q": null,
            "common_shares": 370310,
            "book_valuer_per_share": 5.4,
            "book_valuer_per_share_4q_avg": 9.01,
            "equity": 200043,
            "current_ratio": 105.35,
            "debt_ratio": 67.88,
            "inventory_turnover_ratio": 14.22,
            "account_receivable_turnover_ratio": null,
            "reinvestment_rate": null,
            "research_to_sale_ratio": null,
            "price_fair": 0,
            "eps_avg_yearly": 0,
            "eps_latest_yearly": 0,
            "eps_growth_yearly": 0
        },
        "20023": {
            "year_quarter": 20023,
            "year": 2002,
            "quarter": 3,
            "eps": -0.03,
            "eps_growth_year": null,
            "eps_4q": -5.66,
            "eps_4q_growth_year": null,
            "roe": -0.62,
            "roe_4q": -71.14999999999999,
            "gross_profit": 25886,
            "gross_margin": 8.8,
            "gross_margin_4q_avg": 8.26,
            "net_income": -1239,
            "net_income_4q": null,
            "revenue": 294197,
            "revenue_4q": null,
            "common_shares": 370310,
            "book_valuer_per_share": 5.37,
            "book_valuer_per_share_4q_avg": 7.16,
            "equity": 198803,
            "current_ratio": 101.42,
            "debt_ratio": 66.42,
            "inventory_turnover_ratio": 16.09,
            "account_receivable_turnover_ratio": null,
            "reinvestment_rate": null,
            "research_to_sale_ratio": null,
            "price_fair": 0,
            "eps_avg_yearly": 0,
            "eps_latest_yearly": 0,
            "eps_growth_yearly": 0
        },
        "20024": {
            "year_quarter": 20024,
            "year": 2002,
            "quarter": 4,
            "eps": -0.17,
            "eps_growth_year": null,
            "eps_4q": -4.18,
            "eps_4q_growth_year": null,
            "roe": -3.3,
            "roe_4q": -58.26,
            "gross_profit": 18273,
            "gross_margin": 9.37,
            "gross_margin_4q_avg": 8.44,
            "net_income": -6452,
            "net_income_4q": null,
            "revenue": 195020,
            "revenue_4q": null,
            "common_shares": 370310,
            "book_valuer_per_share": 5.19,
            "book_valuer_per_share_4q_avg": 6.12,
            "equity": 192352,
            "current_ratio": 103.85,
            "debt_ratio": 66.07,
            "inventory_turnover_ratio": 4.54,
            "account_receivable_turnover_ratio": null,
            "reinvestment_rate": null,
            "research_to_sale_ratio": null,
            "price_fair": 0,
            "eps_avg_yearly": 0,
            "eps_latest_yearly": 0,
            "eps_growth_yearly": 0
        },
        "20031": {
            "year_quarter": 20031,
            "year": 2003,
            "quarter": 1,
            "eps": 0.01,
            "eps_growth_year": null,
            "eps_4q": -5.32,
            "eps_4q_growth_year": null,
            "roe": 0.12,
            "roe_4q": -48.419999999999995,
            "gross_profit": 20197,
            "gross_margin": 10.12,
            "gross_margin_4q_avg": 8.78,
            "net_income": 230,
            "net_income_4q": null,
            "revenue": 199525,
            "revenue_4q": null,
            "common_shares": 370310,
            "book_valuer_per_share": 5.2,
            "book_valuer_per_share_4q_avg": 5.29,
            "equity": 192582,
            "current_ratio": 96.54,
            "debt_ratio": 62.24,
            "inventory_turnover_ratio": 5.13,
            "account_receivable_turnover_ratio": null,
            "reinvestment_rate": null,
            "research_to_sale_ratio": null,
            "price_fair": 0,
            "eps_avg_yearly": 0,
            "eps_latest_yearly": 0,
            "eps_growth_yearly": 0
        },
        "20032": {
            "year_quarter": 20032,
            "year": 2003,
            "quarter": 2,
            "eps": 0,
            "eps_growth_year": null,
            "eps_4q": -0.2,
            "eps_4q_growth_year": null,
            "roe": -0.02,
            "roe_4q": -3.82,
            "gross_profit": 18375,
            "gross_margin": 10.5,
            "gross_margin_4q_avg": 9.7,
            "net_income": -30,
            "net_income_4q": null,
            "revenue": 175028,
            "revenue_4q": null,
            "common_shares": 370310,
            "book_valuer_per_share": 5.2,
            "book_valuer_per_share_4q_avg": 5.24,
            "equity": 192552,
            "current_ratio": 91.95,
            "debt_ratio": 58,
            "inventory_turnover_ratio": 24.96,
            "account_receivable_turnover_ratio": null,
            "reinvestment_rate": null,
            "research_to_sale_ratio": null,
            "price_fair": 0,
            "eps_avg_yearly": 0,
            "eps_latest_yearly": 0,
            "eps_growth_yearly": 0
        },
        "20033": {
            "year_quarter": 20033,
            "year": 2003,
            "quarter": 3,
            "eps": -0.48,
            "eps_growth_year": null,
            "eps_4q": -1.29,
            "eps_4q_growth_year": null,
            "roe": -9.62,
            "roe_4q": -12.82,
            "gross_profit": 16159,
            "gross_margin": 9.9,
            "gross_margin_4q_avg": 9.97,
            "net_income": -17682,
            "net_income_4q": null,
            "revenue": 163288,
            "revenue_4q": null,
            "common_shares": 185155,
            "book_valuer_per_share": 9.44,
            "book_valuer_per_share_4q_avg": 6.26,
            "equity": 174870,
            "current_ratio": 86.19,
            "debt_ratio": 61.61,
            "inventory_turnover_ratio": 17.34,
            "account_receivable_turnover_ratio": null,
            "reinvestment_rate": null,
            "research_to_sale_ratio": null,
            "price_fair": 0,
            "eps_avg_yearly": 0,
            "eps_latest_yearly": 0,
            "eps_growth_yearly": 0
        },
        "20034": {
            "year_quarter": 20034,
            "year": 2003,
            "quarter": 4,
            "eps": -2.32,
            "eps_growth_year": null,
            "eps_4q": -3.26,
            "eps_4q_growth_year": null,
            "roe": -27.96,
            "roe_4q": -37.480000000000004,
            "gross_profit": 14715,
            "gross_margin": 9.54,
            "gross_margin_4q_avg": 10.02,
            "net_income": -42897,
            "net_income_4q": null,
            "revenue": 154325,
            "revenue_4q": null,
            "common_shares": 185155,
            "book_valuer_per_share": 7.13,
            "book_valuer_per_share_4q_avg": 6.74,
            "equity": 131973,
            "current_ratio": 92.29,
            "debt_ratio": 72.21,
            "inventory_turnover_ratio": 2.86,
            "account_receivable_turnover_ratio": null,
            "reinvestment_rate": null,
            "research_to_sale_ratio": null,
            "price_fair": 0,
            "eps_avg_yearly": 0,
            "eps_latest_yearly": 0,
            "eps_growth_yearly": 0
        },
        "20041": {
            "year_quarter": 20041,
            "year": 2004,
            "quarter": 1,
            "eps": 0.5,
            "eps_growth_year": 4900,
            "eps_4q": -2.78,
            "eps_4q_growth_year": null,
            "roe": 6.77,
            "roe_4q": -30.830000000000002,
            "gross_profit": 21571,
            "gross_margin": 11.05,
            "gross_margin_4q_avg": 10.25,
            "net_income": 9250,
            "net_income_4q": null,
            "revenue": 195288,
            "revenue_4q": null,
            "common_shares": 185155,
            "book_valuer_per_share": 7.63,
            "book_valuer_per_share_4q_avg": 7.35,
            "equity": 141222,
            "current_ratio": 81.31,
            "debt_ratio": 67.37,
            "inventory_turnover_ratio": 3.48,
            "account_receivable_turnover_ratio": null,
            "reinvestment_rate": null,
            "research_to_sale_ratio": null,
            "price_fair": 0,
            "eps_avg_yearly": 0,
            "eps_latest_yearly": 0,
            "eps_growth_yearly": 0
        },
        "20042": {
            "year_quarter": 20042,
            "year": 2004,
            "quarter": 2,
            "eps": 0.09,
            "eps_growth_year": null,
            "eps_4q": -2.59,
            "eps_4q_growth_year": null,
            "roe": 1.21,
            "roe_4q": -29.6,
            "gross_profit": 22440,
            "gross_margin": 10.39,
            "gross_margin_4q_avg": 10.22,
            "net_income": 1724,
            "net_income_4q": null,
            "revenue": 216045,
            "revenue_4q": null,
            "common_shares": 185155,
            "book_valuer_per_share": 7.72,
            "book_valuer_per_share_4q_avg": 7.98,
            "equity": 142947,
            "current_ratio": 119.31,
            "debt_ratio": 59.84,
            "inventory_turnover_ratio": 17.48,
            "account_receivable_turnover_ratio": null,
            "reinvestment_rate": null,
            "research_to_sale_ratio": null,
            "price_fair": 1.08,
            "eps_avg_yearly": 0.36,
            "eps_latest_yearly": 0.36,
            "eps_growth_yearly": -328
        },
        "20043": {
            "year_quarter": 20043,
            "year": 2004,
            "quarter": 3,
            "eps": 0.33,
            "eps_growth_year": null,
            "eps_4q": -1.38,
            "eps_4q_growth_year": null,
            "roe": 4.23,
            "roe_4q": -15.75,
            "gross_profit": 22524,
            "gross_margin": 10.93,
            "gross_margin_4q_avg": 10.48,
            "net_income": 6174,
            "net_income_4q": null,
            "revenue": 206054,
            "revenue_4q": null,
            "common_shares": 185155,
            "book_valuer_per_share": 8.05,
            "book_valuer_per_share_4q_avg": 7.63,
            "equity": 149120,
            "current_ratio": 122.28,
            "debt_ratio": 56.97,
            "inventory_turnover_ratio": 17.45,
            "account_receivable_turnover_ratio": null,
            "reinvestment_rate": null,
            "research_to_sale_ratio": null,
            "price_fair": 29.4,
            "eps_avg_yearly": 0.84,
            "eps_latest_yearly": 1.32,
            "eps_growth_yearly": 369.33
        },
        "20044": {
            "year_quarter": 20044,
            "year": 2004,
            "quarter": 4,
            "eps": -1.55,
            "eps_growth_year": null,
            "eps_4q": -0.62,
            "eps_4q_growth_year": null,
            "roe": -21.57,
            "roe_4q": -9.36,
            "gross_profit": 22814,
            "gross_margin": 13.71,
            "gross_margin_4q_avg": 11.52,
            "net_income": -28682,
            "net_income_4q": null,
            "revenue": 166397,
            "revenue_4q": null,
            "common_shares": 185155,
            "book_valuer_per_share": 6.31,
            "book_valuer_per_share_4q_avg": 7.43,
            "equity": 116785,
            "current_ratio": 92.46,
            "debt_ratio": 77.94,
            "inventory_turnover_ratio": 2.23,
            "account_receivable_turnover_ratio": null,
            "reinvestment_rate": null,
            "research_to_sale_ratio": null,
            "price_fair": 29.4,
            "eps_avg_yearly": 0.84,
            "eps_latest_yearly": 1.32,
            "eps_growth_yearly": 369.33
        },
        "20051": {
            "year_quarter": 20051,
            "year": 2005,
            "quarter": 1,
            "eps": -0.64,
            "eps_growth_year": -228,
            "eps_4q": -1.76,
            "eps_4q_growth_year": null,
            "roe": -10.78,
            "roe_4q": -26.91,
            "gross_profit": 11746,
            "gross_margin": 9.52,
            "gross_margin_4q_avg": 11.14,
            "net_income": -11916,
            "net_income_4q": null,
            "revenue": 123412,
            "revenue_4q": null,
            "common_shares": 185155,
            "book_valuer_per_share": 5.63,
            "book_valuer_per_share_4q_avg": 6.93,
            "equity": 104188,
            "current_ratio": 115.18,
            "debt_ratio": 70.87,
            "inventory_turnover_ratio": 1.62,
            "account_receivable_turnover_ratio": null,
            "reinvestment_rate": null,
            "research_to_sale_ratio": null,
            "price_fair": 29.4,
            "eps_avg_yearly": 0.84,
            "eps_latest_yearly": 1.32,
            "eps_growth_yearly": 369.33
        },
        "20052": {
            "year_quarter": 20052,
            "year": 2005,
            "quarter": 2,
            "eps": -2.26,
            "eps_growth_year": -2611.11,
            "eps_4q": -4.12,
            "eps_4q_growth_year": null,
            "roe": -50.25,
            "roe_4q": -78.36999999999999,
            "gross_profit": 26590,
            "gross_margin": 13.14,
            "gross_margin_4q_avg": 11.83,
            "net_income": -41892,
            "net_income_4q": null,
            "revenue": 202403,
            "revenue_4q": null,
            "common_shares": 185155,
            "book_valuer_per_share": 3.38,
            "book_valuer_per_share_4q_avg": 5.84,
            "equity": 62555,
            "current_ratio": 113.3,
            "debt_ratio": 82.05,
            "inventory_turnover_ratio": 11.06,
            "account_receivable_turnover_ratio": null,
            "reinvestment_rate": null,
            "research_to_sale_ratio": null,
            "price_fair": 29.4,
            "eps_avg_yearly": 0.84,
            "eps_latest_yearly": 1.32,
            "eps_growth_yearly": 369.33
        },
        "20053": {
            "year_quarter": 20053,
            "year": 2005,
            "quarter": 3,
            "eps": 0.52,
            "eps_growth_year": 57.58,
            "eps_4q": -3.96,
            "eps_4q_growth_year": null,
            "roe": 14.02,
            "roe_4q": -68.58000000000001,
            "gross_profit": 23211,
            "gross_margin": 12.26,
            "gross_margin_4q_avg": 12.16,
            "net_income": 9580,
            "net_income_4q": null,
            "revenue": 189389,
            "revenue_4q": null,
            "common_shares": 185155,
            "book_valuer_per_share": 4,
            "book_valuer_per_share_4q_avg": 4.83,
            "equity": 74075,
            "current_ratio": 112.99,
            "debt_ratio": 81.52,
            "inventory_turnover_ratio": 6.4,
            "account_receivable_turnover_ratio": null,
            "reinvestment_rate": null,
            "research_to_sale_ratio": null,
            "price_fair": 29.4,
            "eps_avg_yearly": 0.84,
            "eps_latest_yearly": 1.32,
            "eps_growth_yearly": 369.33
        },
        "20054": {
            "year_quarter": 20054,
            "year": 2005,
            "quarter": 4,
            "eps": -3.21,
            "eps_growth_year": null,
            "eps_4q": -5.6,
            "eps_4q_growth_year": null,
            "roe": -136.51,
            "roe_4q": -183.52,
            "gross_profit": 22921,
            "gross_margin": 10.9,
            "gross_margin_4q_avg": 11.46,
            "net_income": -59509,
            "net_income_4q": null,
            "revenue": 210354,
            "revenue_4q": null,
            "common_shares": 185155,
            "book_valuer_per_share": 0.71,
            "book_valuer_per_share_4q_avg": 3.43,
            "equity": 13114,
            "current_ratio": 71.6,
            "debt_ratio": 97.78,
            "inventory_turnover_ratio": 1.63,
            "account_receivable_turnover_ratio": null,
            "reinvestment_rate": null,
            "research_to_sale_ratio": null,
            "price_fair": 29.4,
            "eps_avg_yearly": 0.84,
            "eps_latest_yearly": 1.32,
            "eps_growth_yearly": 369.33
        },
        "20061": {
            "year_quarter": 20061,
            "year": 2006,
            "quarter": 1,
            "eps": -0.2,
            "eps_growth_year": null,
            "eps_4q": -2.93,
            "eps_4q_growth_year": null,
            "roe": -7.61,
            "roe_4q": -180.35,
            "gross_profit": 23441,
            "gross_margin": 12.71,
            "gross_margin_4q_avg": 12.25,
            "net_income": -6734,
            "net_income_4q": null,
            "revenue": 184483,
            "revenue_4q": null,
            "common_shares": 635155,
            "book_valuer_per_share": 2.58,
            "book_valuer_per_share_4q_avg": 2.67,
            "equity": 163880,
            "current_ratio": 151.51,
            "debt_ratio": 67.63,
            "inventory_turnover_ratio": 1.39,
            "account_receivable_turnover_ratio": null,
            "reinvestment_rate": null,
            "research_to_sale_ratio": null,
            "price_fair": 29.4,
            "eps_avg_yearly": 0.84,
            "eps_latest_yearly": 1.32,
            "eps_growth_yearly": 369.33
        },
        "20062": {
            "year_quarter": 20062,
            "year": 2006,
            "quarter": 2,
            "eps": -0.7,
            "eps_growth_year": null,
            "eps_4q": -1.42,
            "eps_4q_growth_year": null,
            "roe": -22.97,
            "roe_4q": -153.06999999999996,
            "gross_profit": 18240,
            "gross_margin": 8.5,
            "gross_margin_4q_avg": 11.09,
            "net_income": -33741,
            "net_income_4q": null,
            "revenue": 214633,
            "revenue_4q": null,
            "common_shares": 635155,
            "book_valuer_per_share": 2.04,
            "book_valuer_per_share_4q_avg": 2.33,
            "equity": 129863,
            "current_ratio": 143.46,
            "debt_ratio": 70.63,
            "inventory_turnover_ratio": 4.55,
            "account_receivable_turnover_ratio": null,
            "reinvestment_rate": null,
            "research_to_sale_ratio": null,
            "price_fair": 29.4,
            "eps_avg_yearly": 0.84,
            "eps_latest_yearly": 1.32,
            "eps_growth_yearly": 369.33
        },
        "20063": {
            "year_quarter": 20063,
            "year": 2006,
            "quarter": 3,
            "eps": -0.24,
            "eps_growth_year": -146.15,
            "eps_4q": -1.77,
            "eps_4q_growth_year": null,
            "roe": -10.46,
            "roe_4q": -177.54999999999998,
            "gross_profit": 8290,
            "gross_margin": 3.58,
            "gross_margin_4q_avg": 8.92,
            "net_income": -12754,
            "net_income_4q": null,
            "revenue": 231524,
            "revenue_4q": null,
            "common_shares": 635155,
            "book_valuer_per_share": 1.8,
            "book_valuer_per_share_4q_avg": 1.78,
            "equity": 114039,
            "current_ratio": 136.39,
            "debt_ratio": 73.67,
            "inventory_turnover_ratio": 6.14,
            "account_receivable_turnover_ratio": null,
            "reinvestment_rate": null,
            "research_to_sale_ratio": null,
            "price_fair": 29.4,
            "eps_avg_yearly": 0.84,
            "eps_latest_yearly": 1.32,
            "eps_growth_yearly": 369.33
        },
        "20064": {
            "year_quarter": 20064,
            "year": 2006,
            "quarter": 4,
            "eps": -1.26,
            "eps_growth_year": null,
            "eps_4q": -2.21,
            "eps_4q_growth_year": null,
            "roe": -89.9,
            "roe_4q": -130.94000000000003,
            "gross_profit": -1678,
            "gross_margin": -1.16,
            "gross_margin_4q_avg": 5.91,
            "net_income": -70596,
            "net_income_4q": null,
            "revenue": 144785,
            "revenue_4q": null,
            "common_shares": 635155,
            "book_valuer_per_share": 0.68,
            "book_valuer_per_share_4q_avg": 1.78,
            "equity": 43024,
            "current_ratio": 80.27,
            "debt_ratio": 91.99,
            "inventory_turnover_ratio": 1.3,
            "account_receivable_turnover_ratio": null,
            "reinvestment_rate": null,
            "research_to_sale_ratio": null,
            "price_fair": 29.4,
            "eps_avg_yearly": 0.84,
            "eps_latest_yearly": 1.32,
            "eps_growth_yearly": 369.33
        },
        "20071": {
            "year_quarter": 20071,
            "year": 2007,
            "quarter": 1,
            "eps": -0.5,
            "eps_growth_year": null,
            "eps_4q": -2.75,
            "eps_4q_growth_year": null,
            "roe": -49.48,
            "roe_4q": -172.81,
            "gross_profit": 7349,
            "gross_margin": 6.9,
            "gross_margin_4q_avg": 4.46,
            "net_income": -26038,
            "net_income_4q": null,
            "revenue": 106457,
            "revenue_4q": null,
            "common_shares": 300000,
            "book_valuer_per_share": 2.07,
            "book_valuer_per_share_4q_avg": 1.65,
            "equity": 62212,
            "current_ratio": 123.19,
            "debt_ratio": 84.41,
            "inventory_turnover_ratio": 0.82,
            "account_receivable_turnover_ratio": null,
            "reinvestment_rate": null,
            "research_to_sale_ratio": null,
            "price_fair": 29.4,
            "eps_avg_yearly": 0.84,
            "eps_latest_yearly": 1.32,
            "eps_growth_yearly": 369.33
        },
        "20072": {
            "year_quarter": 20072,
            "year": 2007,
            "quarter": 2,
            "eps": -0.89,
            "eps_growth_year": null,
            "eps_4q": -4.87,
            "eps_4q_growth_year": null,
            "roe": -84.67,
            "roe_4q": -234.51000000000002,
            "gross_profit": 11528,
            "gross_margin": 6.64,
            "gross_margin_4q_avg": 3.99,
            "net_income": -36668,
            "net_income_4q": null,
            "revenue": 173699,
            "revenue_4q": null,
            "common_shares": 300000,
            "book_valuer_per_share": 0.81,
            "book_valuer_per_share_4q_avg": 1.34,
            "equity": 24400,
            "current_ratio": 110.01,
            "debt_ratio": 93.11,
            "inventory_turnover_ratio": 4.55,
            "account_receivable_turnover_ratio": null,
            "reinvestment_rate": null,
            "research_to_sale_ratio": null,
            "price_fair": 29.4,
            "eps_avg_yearly": 0.84,
            "eps_latest_yearly": 1.32,
            "eps_growth_yearly": 369.33
        },
        "20073": {
            "year_quarter": 20073,
            "year": 2007,
            "quarter": 3,
            "eps": -1.96,
            "eps_growth_year": null,
            "eps_4q": -5.17,
            "eps_4q_growth_year": null,
            "roe": -304.39,
            "roe_4q": -528.44,
            "gross_profit": 8104,
            "gross_margin": 6.59,
            "gross_margin_4q_avg": 4.74,
            "net_income": -73337,
            "net_income_4q": null,
            "revenue": 122904,
            "revenue_4q": null,
            "common_shares": 400000,
            "book_valuer_per_share": 0.59,
            "book_valuer_per_share_4q_avg": 1.04,
            "equity": 23786,
            "current_ratio": 104.48,
            "debt_ratio": 91.82,
            "inventory_turnover_ratio": 1.47,
            "account_receivable_turnover_ratio": null,
            "reinvestment_rate": null,
            "research_to_sale_ratio": null,
            "price_fair": 29.4,
            "eps_avg_yearly": 0.84,
            "eps_latest_yearly": 1.32,
            "eps_growth_yearly": 369.33
        },
        "20074": {
            "year_quarter": 20074,
            "year": 2007,
            "quarter": 4,
            "eps": 0.8,
            "eps_growth_year": null,
            "eps_4q": -2.75,
            "eps_4q_growth_year": null,
            "roe": 78.36,
            "roe_4q": -360.18,
            "gross_profit": -8635,
            "gross_margin": 3.07,
            "gross_margin_4q_avg": 5.8,
            "net_income": 30647,
            "net_income_4q": null,
            "revenue": -281612,
            "revenue_4q": null,
            "common_shares": 400000,
            "book_valuer_per_share": 1.36,
            "book_valuer_per_share_4q_avg": 1.21,
            "equity": 54434,
            "current_ratio": 133.45,
            "debt_ratio": 72.5,
            "inventory_turnover_ratio": -4.08,
            "account_receivable_turnover_ratio": null,
            "reinvestment_rate": null,
            "research_to_sale_ratio": null,
            "price_fair": 29.4,
            "eps_avg_yearly": 0.84,
            "eps_latest_yearly": 1.32,
            "eps_growth_yearly": 369.33
        },
        "20081": {
            "year_quarter": 20081,
            "year": 2008,
            "quarter": 1,
            "eps": -0.07,
            "eps_growth_year": null,
            "eps_4q": -1.26,
            "eps_4q_growth_year": null,
            "roe": -7.19,
            "roe_4q": -317.89,
            "gross_profit": 13343,
            "gross_margin": 34.53,
            "gross_margin_4q_avg": 12.71,
            "net_income": -4539,
            "net_income_4q": null,
            "revenue": 38643,
            "revenue_4q": null,
            "common_shares": 400000,
            "book_valuer_per_share": 1.31,
            "book_valuer_per_share_4q_avg": 1.02,
            "equity": 71887,
            "current_ratio": 143.08,
            "debt_ratio": 65.58,
            "inventory_turnover_ratio": 2.03,
            "account_receivable_turnover_ratio": null,
            "reinvestment_rate": null,
            "research_to_sale_ratio": null,
            "price_fair": 29.4,
            "eps_avg_yearly": 0.84,
            "eps_latest_yearly": 1.32,
            "eps_growth_yearly": 369.33
        },
        "20082": {
            "year_quarter": 20082,
            "year": 2008,
            "quarter": 2,
            "eps": -0.24,
            "eps_growth_year": null,
            "eps_4q": -1.37,
            "eps_4q_growth_year": null,
            "roe": -13.29,
            "roe_4q": -246.51,
            "gross_profit": 1454,
            "gross_margin": 10,
            "gross_margin_4q_avg": 13.55,
            "net_income": -7694,
            "net_income_4q": null,
            "revenue": 14533,
            "revenue_4q": null,
            "common_shares": 400000,
            "book_valuer_per_share": 1.1,
            "book_valuer_per_share_4q_avg": 1.09,
            "equity": 43896,
            "current_ratio": 114.72,
            "debt_ratio": 73.29,
            "inventory_turnover_ratio": 0.57,
            "account_receivable_turnover_ratio": null,
            "reinvestment_rate": null,
            "research_to_sale_ratio": null,
            "price_fair": 46.2,
            "eps_avg_yearly": 1.32,
            "eps_latest_yearly": 1.32,
            "eps_growth_yearly": 1066.67
        },
        "20083": {
            "year_quarter": 20083,
            "year": 2008,
            "quarter": 3,
            "eps": -0.25,
            "eps_growth_year": null,
            "eps_4q": 0.21,
            "eps_4q_growth_year": null,
            "roe": -24.8,
            "roe_4q": 33.08,
            "gross_profit": 2937,
            "gross_margin": 16.38,
            "gross_margin_4q_avg": 16,
            "net_income": -10087,
            "net_income_4q": null,
            "revenue": 17926,
            "revenue_4q": null,
            "common_shares": 400000,
            "book_valuer_per_share": 0.94,
            "book_valuer_per_share_4q_avg": 1.18,
            "equity": 37455,
            "current_ratio": 106.07,
            "debt_ratio": 74.1,
            "inventory_turnover_ratio": 0.52,
            "account_receivable_turnover_ratio": null,
            "reinvestment_rate": null,
            "research_to_sale_ratio": null,
            "price_fair": 0,
            "eps_avg_yearly": 0,
            "eps_latest_yearly": 0,
            "eps_growth_yearly": 0
        },
        "20084": {
            "year_quarter": 20084,
            "year": 2008,
            "quarter": 4,
            "eps": -0.33,
            "eps_growth_year": -141.25,
            "eps_4q": -0.88,
            "eps_4q_growth_year": null,
            "roe": -45.47,
            "roe_4q": -90.75,
            "gross_profit": -3595,
            "gross_margin": -312.34,
            "gross_margin_4q_avg": -62.86,
            "net_income": -12989,
            "net_income_4q": null,
            "revenue": 1151,
            "revenue_4q": null,
            "common_shares": 400000,
            "book_valuer_per_share": 0.49,
            "book_valuer_per_share_4q_avg": 0.96,
            "equity": 19674,
            "current_ratio": 105.96,
            "debt_ratio": 71.53,
            "inventory_turnover_ratio": 0.23,
            "account_receivable_turnover_ratio": 3.26,
            "reinvestment_rate": null,
            "research_to_sale_ratio": null,
            "price_fair": 0,
            "eps_avg_yearly": 0,
            "eps_latest_yearly": 0,
            "eps_growth_yearly": 0
        },
        "20091": {
            "year_quarter": 20091,
            "year": 2009,
            "quarter": 1,
            "eps": -0.05,
            "eps_growth_year": null,
            "eps_4q": -0.54,
            "eps_4q_growth_year": null,
            "roe": -6.19,
            "roe_4q": -89.75,
            "gross_profit": 1823,
            "gross_margin": 10.06,
            "gross_margin_4q_avg": -68.98,
            "net_income": -2289,
            "net_income_4q": null,
            "revenue": 18125,
            "revenue_4q": null,
            "common_shares": 650000,
            "book_valuer_per_share": 0.84,
            "book_valuer_per_share_4q_avg": 0.84,
            "equity": 54335,
            "current_ratio": 211.28,
            "debt_ratio": 38.98,
            "inventory_turnover_ratio": 2.23,
            "account_receivable_turnover_ratio": 1.49,
            "reinvestment_rate": null,
            "research_to_sale_ratio": null,
            "price_fair": 0,
            "eps_avg_yearly": 0,
            "eps_latest_yearly": 0,
            "eps_growth_yearly": 0
        },
        "20092": {
            "year_quarter": 20092,
            "year": 2009,
            "quarter": 2,
            "eps": -0.11,
            "eps_growth_year": null,
            "eps_4q": -0.49,
            "eps_4q_growth_year": null,
            "roe": -12.17,
            "roe_4q": -88.63,
            "gross_profit": -2125,
            "gross_margin": -24.36,
            "gross_margin_4q_avg": -77.57,
            "net_income": -6235,
            "net_income_4q": null,
            "revenue": 8725,
            "revenue_4q": null,
            "common_shares": 650000,
            "book_valuer_per_share": 0.74,
            "book_valuer_per_share_4q_avg": 0.75,
            "equity": 48101,
            "current_ratio": 249.43,
            "debt_ratio": 32.43,
            "inventory_turnover_ratio": 3.17,
            "account_receivable_turnover_ratio": 0.66,
            "reinvestment_rate": null,
            "research_to_sale_ratio": null,
            "price_fair": 0,
            "eps_avg_yearly": 0,
            "eps_latest_yearly": 0,
            "eps_growth_yearly": 0
        },
        "20093": {
            "year_quarter": 20093,
            "year": 2009,
            "quarter": 3,
            "eps": -0.16,
            "eps_growth_year": null,
            "eps_4q": -0.48,
            "eps_4q_growth_year": -326.17,
            "roe": -21.38,
            "roe_4q": -85.21,
            "gross_profit": 2831,
            "gross_margin": 15.74,
            "gross_margin_4q_avg": -77.73,
            "net_income": -9291,
            "net_income_4q": null,
            "revenue": 17985,
            "revenue_4q": null,
            "common_shares": 650000,
            "book_valuer_per_share": 0.6,
            "book_valuer_per_share_4q_avg": 0.67,
            "equity": 38810,
            "current_ratio": 180.41,
            "debt_ratio": 45.34,
            "inventory_turnover_ratio": 16.2,
            "account_receivable_turnover_ratio": 1.23,
            "reinvestment_rate": null,
            "research_to_sale_ratio": null,
            "price_fair": 0,
            "eps_avg_yearly": 0,
            "eps_latest_yearly": 0,
            "eps_growth_yearly": 0
        },
        "20094": {
            "year_quarter": 20094,
            "year": 2009,
            "quarter": 4,
            "eps": -0.02,
            "eps_growth_year": null,
            "eps_4q": -0.29,
            "eps_4q_growth_year": null,
            "roe": -3.31,
            "roe_4q": -43.05,
            "gross_profit": -524,
            "gross_margin": -4.82,
            "gross_margin_4q_avg": -0.85,
            "net_income": -1262,
            "net_income_4q": null,
            "revenue": 10871,
            "revenue_4q": null,
            "common_shares": 650000,
            "book_valuer_per_share": 0.58,
            "book_valuer_per_share_4q_avg": 0.69,
            "equity": 37548,
            "current_ratio": 338.13,
            "debt_ratio": 26.38,
            "inventory_turnover_ratio": 16.55,
            "account_receivable_turnover_ratio": 1.74,
            "reinvestment_rate": null,
            "research_to_sale_ratio": null,
            "price_fair": 0,
            "eps_avg_yearly": 0,
            "eps_latest_yearly": 0,
            "eps_growth_yearly": 0
        },
        "20101": {
            "year_quarter": 20101,
            "year": 2010,
            "quarter": 1,
            "eps": -0.05,
            "eps_growth_year": null,
            "eps_4q": -0.31,
            "eps_4q_growth_year": null,
            "roe": -9.34,
            "roe_4q": -46.2,
            "gross_profit": 678,
            "gross_margin": 13.01,
            "gross_margin_4q_avg": -0.11,
            "net_income": -3352,
            "net_income_4q": null,
            "revenue": 5212,
            "revenue_4q": null,
            "common_shares": 650000,
            "book_valuer_per_share": 0,
            "book_valuer_per_share_4q_avg": 0.48,
            "equity": 34196,
            "current_ratio": 265.27,
            "debt_ratio": 30.7,
            "inventory_turnover_ratio": 12.16,
            "account_receivable_turnover_ratio": 0.46,
            "reinvestment_rate": null,
            "research_to_sale_ratio": 0,
            "price_fair": 0,
            "eps_avg_yearly": 0,
            "eps_latest_yearly": 0,
            "eps_growth_yearly": 0
        },
        "20102": {
            "year_quarter": 20102,
            "year": 2010,
            "quarter": 2,
            "eps": 0.07,
            "eps_growth_year": null,
            "eps_4q": -0.15,
            "eps_4q_growth_year": null,
            "roe": 12.04,
            "roe_4q": -21.99,
            "gross_profit": 1635,
            "gross_margin": 20.82,
            "gross_margin_4q_avg": 11.19,
            "net_income": 4381,
            "net_income_4q": null,
            "revenue": 7854,
            "revenue_4q": null,
            "common_shares": 650000,
            "book_valuer_per_share": 0,
            "book_valuer_per_share_4q_avg": 0.3,
            "equity": 38577,
            "current_ratio": 411.91,
            "debt_ratio": 21.71,
            "inventory_turnover_ratio": 170.38,
            "account_receivable_turnover_ratio": 0.71,
            "reinvestment_rate": null,
            "research_to_sale_ratio": 0,
            "price_fair": 0,
            "eps_avg_yearly": 0,
            "eps_latest_yearly": 0,
            "eps_growth_yearly": 0
        },
        "20103": {
            "year_quarter": 20103,
            "year": 2010,
            "quarter": 3,
            "eps": -0.03,
            "eps_growth_year": null,
            "eps_4q": -0.04,
            "eps_4q_growth_year": null,
            "roe": -5.58,
            "roe_4q": -6.190000000000001,
            "gross_profit": 2679,
            "gross_margin": 19.49,
            "gross_margin_4q_avg": 12.13,
            "net_income": -2095,
            "net_income_4q": null,
            "revenue": 13743,
            "revenue_4q": null,
            "common_shares": 650000,
            "book_valuer_per_share": 0.56,
            "book_valuer_per_share_4q_avg": 0.29,
            "equity": 36482,
            "current_ratio": 307.15,
            "debt_ratio": 29.48,
            "inventory_turnover_ratio": null,
            "account_receivable_turnover_ratio": 1.25,
            "reinvestment_rate": null,
            "research_to_sale_ratio": 0,
            "price_fair": 0,
            "eps_avg_yearly": 0,
            "eps_latest_yearly": 0,
            "eps_growth_yearly": 0
        },
        "20104": {
            "year_quarter": 20104,
            "year": 2010,
            "quarter": 4,
            "eps": -0.09,
            "eps_growth_year": null,
            "eps_4q": -0.1,
            "eps_4q_growth_year": null,
            "roe": -16.66,
            "roe_4q": -19.540000000000003,
            "gross_profit": 593,
            "gross_margin": 5.09,
            "gross_margin_4q_avg": 14.6,
            "net_income": -5611,
            "net_income_4q": null,
            "revenue": 11650,
            "revenue_4q": null,
            "common_shares": 650000,
            "book_valuer_per_share": 0.47,
            "book_valuer_per_share_4q_avg": 0.26,
            "equity": 30871,
            "current_ratio": 267.46,
            "debt_ratio": 33.72,
            "inventory_turnover_ratio": null,
            "account_receivable_turnover_ratio": 0.87,
            "reinvestment_rate": null,
            "research_to_sale_ratio": 0,
            "price_fair": 0,
            "eps_avg_yearly": 0,
            "eps_latest_yearly": 0,
            "eps_growth_yearly": 0
        },
        "20111": {
            "year_quarter": 20111,
            "year": 2011,
            "quarter": 1,
            "eps": 0.01,
            "eps_growth_year": null,
            "eps_4q": -0.04,
            "eps_4q_growth_year": null,
            "roe": 3.03,
            "roe_4q": -7.170000000000002,
            "gross_profit": 7880,
            "gross_margin": 12.31,
            "gross_margin_4q_avg": 14.43,
            "net_income": 944,
            "net_income_4q": null,
            "revenue": 63999,
            "revenue_4q": null,
            "common_shares": 650000,
            "book_valuer_per_share": 0.48,
            "book_valuer_per_share_4q_avg": 0.38,
            "equity": 31494,
            "current_ratio": 83.03,
            "debt_ratio": 94.89,
            "inventory_turnover_ratio": null,
            "account_receivable_turnover_ratio": 1.19,
            "reinvestment_rate": null,
            "research_to_sale_ratio": null,
            "price_fair": 0,
            "eps_avg_yearly": 0,
            "eps_latest_yearly": 0,
            "eps_growth_yearly": 0
        },
        "20112": {
            "year_quarter": 20112,
            "year": 2011,
            "quarter": 2,
            "eps": 0.52,
            "eps_growth_year": 669.12,
            "eps_4q": 0.41,
            "eps_4q_growth_year": null,
            "roe": 70,
            "roe_4q": 50.790000000000006,
            "gross_profit": 45820,
            "gross_margin": 25.06,
            "gross_margin_4q_avg": 15.49,
            "net_income": 33695,
            "net_income_4q": null,
            "revenue": 182859,
            "revenue_4q": null,
            "common_shares": 650000,
            "book_valuer_per_share": 1,
            "book_valuer_per_share_4q_avg": 0.63,
            "equity": 64781,
            "current_ratio": 95.21,
            "debt_ratio": 88.55,
            "inventory_turnover_ratio": null,
            "account_receivable_turnover_ratio": 2.08,
            "reinvestment_rate": null,
            "research_to_sale_ratio": null,
            "price_fair": 72.8,
            "eps_avg_yearly": 2.08,
            "eps_latest_yearly": 2.08,
            "eps_growth_yearly": 20400
        },
        "20113": {
            "year_quarter": 20113,
            "year": 2011,
            "quarter": 3,
            "eps": 0.06,
            "eps_growth_year": null,
            "eps_4q": 0.51,
            "eps_4q_growth_year": null,
            "roe": 5.69,
            "roe_4q": 62.06,
            "gross_profit": 29705,
            "gross_margin": 15.45,
            "gross_margin_4q_avg": 14.48,
            "net_income": 3966,
            "net_income_4q": null,
            "revenue": 192268,
            "revenue_4q": null,
            "common_shares": 650000,
            "book_valuer_per_share": 1.15,
            "book_valuer_per_share_4q_avg": 0.78,
            "equity": 74644,
            "current_ratio": 97.72,
            "debt_ratio": 88.31,
            "inventory_turnover_ratio": null,
            "account_receivable_turnover_ratio": 1.95,
            "reinvestment_rate": 3741.23,
            "research_to_sale_ratio": null,
            "price_fair": 40.6,
            "eps_avg_yearly": 1.16,
            "eps_latest_yearly": 0.24,
            "eps_growth_yearly": 10023.08
        },
        "20114": {
            "year_quarter": 20114,
            "year": 2011,
            "quarter": 4,
            "eps": -2.04,
            "eps_growth_year": null,
            "eps_4q": 5.39,
            "eps_4q_growth_year": null,
            "roe": -15.33,
            "roe_4q": 63.39,
            "gross_profit": -12291,
            "gross_margin": -7.49,
            "gross_margin_4q_avg": 11.33,
            "net_income": -10582,
            "net_income_4q": null,
            "revenue": 164031,
            "revenue_4q": null,
            "common_shares": 52000,
            "book_valuer_per_share": 12.2,
            "book_valuer_per_share_4q_avg": 3.71,
            "equity": 63417,
            "current_ratio": 101.41,
            "debt_ratio": 89.89,
            "inventory_turnover_ratio": null,
            "account_receivable_turnover_ratio": 1.98,
            "reinvestment_rate": null,
            "research_to_sale_ratio": null,
            "price_fair": 40.6,
            "eps_avg_yearly": 1.16,
            "eps_latest_yearly": 0.24,
            "eps_growth_yearly": 10023.08
        },
        "20121": {
            "year_quarter": 20121,
            "year": 2012,
            "quarter": 1,
            "eps": 3.07,
            "eps_growth_year": 30600,
            "eps_4q": 8.28,
            "eps_4q_growth_year": null,
            "roe": 22.71,
            "roe_4q": 83.07,
            "gross_profit": 39431,
            "gross_margin": 21.81,
            "gross_margin_4q_avg": 13.71,
            "net_income": 15960,
            "net_income_4q": null,
            "revenue": 180774,
            "revenue_4q": null,
            "common_shares": 52000,
            "book_valuer_per_share": 14.83,
            "book_valuer_per_share_4q_avg": 7.3,
            "equity": 77127,
            "current_ratio": 99.25,
            "debt_ratio": 88.24,
            "inventory_turnover_ratio": null,
            "account_receivable_turnover_ratio": 2.5,
            "reinvestment_rate": null,
            "research_to_sale_ratio": null,
            "price_fair": 40.6,
            "eps_avg_yearly": 1.16,
            "eps_latest_yearly": 0.24,
            "eps_growth_yearly": 10023.08
        },
        "20122": {
            "year_quarter": 20122,
            "year": 2012,
            "quarter": 2,
            "eps": 2.51,
            "eps_growth_year": 383.24,
            "eps_4q": 4.07,
            "eps_4q_growth_year": 881.99,
            "roe": 17.14,
            "roe_4q": 30.210000000000004,
            "gross_profit": 46197,
            "gross_margin": 25.39,
            "gross_margin_4q_avg": 13.79,
            "net_income": 14967,
            "net_income_4q": null,
            "revenue": 181920,
            "revenue_4q": null,
            "common_shares": 53560,
            "book_valuer_per_share": 18.21,
            "book_valuer_per_share_4q_avg": 11.6,
            "equity": 97535,
            "current_ratio": 113.32,
            "debt_ratio": 85.45,
            "inventory_turnover_ratio": null,
            "account_receivable_turnover_ratio": 2.18,
            "reinvestment_rate": 3213,
            "research_to_sale_ratio": null,
            "price_fair": 144.2,
            "eps_avg_yearly": 4.12,
            "eps_latest_yearly": 10.04,
            "eps_growth_yearly": 6657.73
        },
        "20123": {
            "year_quarter": 20123,
            "year": 2012,
            "quarter": 3,
            "eps": 1.5,
            "eps_growth_year": 2350.95,
            "eps_4q": 4.9,
            "eps_4q_growth_year": 865.44,
            "roe": 8.81,
            "roe_4q": 33.330000000000005,
            "gross_profit": 35779,
            "gross_margin": 16.24,
            "gross_margin_4q_avg": 13.99,
            "net_income": 8935,
            "net_income_4q": null,
            "revenue": 220342,
            "revenue_4q": null,
            "common_shares": 59748,
            "book_valuer_per_share": 17.63,
            "book_valuer_per_share_4q_avg": 15.72,
            "equity": 105336,
            "current_ratio": 112.9,
            "debt_ratio": 84.76,
            "inventory_turnover_ratio": null,
            "account_receivable_turnover_ratio": 2.62,
            "reinvestment_rate": 1135.85,
            "research_to_sale_ratio": null,
            "price_fair": 160.65,
            "eps_avg_yearly": 4.59,
            "eps_latest_yearly": 6,
            "eps_growth_yearly": 4953.06
        },
        "20124": {
            "year_quarter": 20124,
            "year": 2012,
            "quarter": 4,
            "eps": 3.63,
            "eps_growth_year": null,
            "eps_4q": 10.3,
            "eps_4q_growth_year": 91.14,
            "roe": 18.67,
            "roe_4q": 67.33000000000001,
            "gross_profit": 55841,
            "gross_margin": 25.34,
            "gross_margin_4q_avg": 22.2,
            "net_income": 21681,
            "net_income_4q": null,
            "revenue": 220376,
            "revenue_4q": null,
            "common_shares": 59748,
            "book_valuer_per_share": 21.25,
            "book_valuer_per_share_4q_avg": 17.98,
            "equity": 126936,
            "current_ratio": 123.65,
            "debt_ratio": 82.3,
            "inventory_turnover_ratio": null,
            "account_receivable_turnover_ratio": 3.14,
            "reinvestment_rate": 558.93,
            "research_to_sale_ratio": null,
            "price_fair": 230.16,
            "eps_avg_yearly": 6.58,
            "eps_latest_yearly": 14.52,
            "eps_growth_yearly": 4076.05
        },
        "20131": {
            "year_quarter": 20131,
            "year": 2013,
            "quarter": 1,
            "eps": 1.35,
            "eps_growth_year": -56.03,
            "eps_4q": 8.98,
            "eps_4q_growth_year": 8.48,
            "roe": 6.04,
            "roe_4q": 50.660000000000004,
            "gross_profit": 37374,
            "gross_margin": 19.12,
            "gross_margin_4q_avg": 21.52,
            "net_income": 8061,
            "net_income_4q": null,
            "revenue": 195512,
            "revenue_4q": null,
            "common_shares": 59748,
            "book_valuer_per_share": 23.43,
            "book_valuer_per_share_4q_avg": 20.13,
            "equity": 139996,
            "current_ratio": 124.62,
            "debt_ratio": 82.11,
            "inventory_turnover_ratio": null,
            "account_receivable_turnover_ratio": 2.58,
            "reinvestment_rate": 262.43,
            "research_to_sale_ratio": null,
            "price_fair": 223.3,
            "eps_avg_yearly": 6.38,
            "eps_latest_yearly": 5.4,
            "eps_growth_yearly": 3354.83
        },
        "20132": {
            "year_quarter": 20132,
            "year": 2013,
            "quarter": 2,
            "eps": 0.81,
            "eps_growth_year": -67.66,
            "eps_4q": 7.28,
            "eps_4q_growth_year": 79.01,
            "roe": 3.37,
            "roe_4q": 36.89,
            "gross_profit": 37384,
            "gross_margin": 23.36,
            "gross_margin_4q_avg": 21.02,
            "net_income": 4843,
            "net_income_4q": null,
            "revenue": 160052,
            "revenue_4q": null,
            "common_shares": 59748,
            "book_valuer_per_share": 24.64,
            "book_valuer_per_share_4q_avg": 21.74,
            "equity": 147226,
            "current_ratio": 124.35,
            "debt_ratio": 82.3,
            "inventory_turnover_ratio": null,
            "account_receivable_turnover_ratio": 1.5,
            "reinvestment_rate": 233.61,
            "research_to_sale_ratio": null,
            "price_fair": 207.6,
            "eps_avg_yearly": 5.93,
            "eps_latest_yearly": 3.24,
            "eps_growth_yearly": 2852.71
        },
        "20133": {
            "year_quarter": 20133,
            "year": 2013,
            "quarter": 3,
            "eps": 0.2,
            "eps_growth_year": -86.63,
            "eps_4q": 5.99,
            "eps_4q_growth_year": 22.24,
            "roe": 0.82,
            "roe_4q": 28.900000000000002,
            "gross_profit": 32533,
            "gross_margin": 18.79,
            "gross_margin_4q_avg": 21.65,
            "net_income": 1206,
            "net_income_4q": null,
            "revenue": 173146,
            "revenue_4q": null,
            "common_shares": 59748,
            "book_valuer_per_share": 24.4,
            "book_valuer_per_share_4q_avg": 23.43,
            "equity": 145775,
            "current_ratio": 123.73,
            "debt_ratio": 82.61,
            "inventory_turnover_ratio": null,
            "account_receivable_turnover_ratio": 1.54,
            "reinvestment_rate": 204.89,
            "research_to_sale_ratio": null,
            "price_fair": 185.15,
            "eps_avg_yearly": 5.29,
            "eps_latest_yearly": 0.8,
            "eps_growth_yearly": 2458.47
        },
        "20134": {
            "year_quarter": 20134,
            "year": 2013,
            "quarter": 4,
            "eps": 3.5,
            "eps_growth_year": -3.63,
            "eps_4q": 5.86,
            "eps_4q_growth_year": -43.12,
            "roe": 13.2,
            "roe_4q": 23.43,
            "gross_profit": 35591,
            "gross_margin": 20.44,
            "gross_margin_4q_avg": 20.43,
            "net_income": 20894,
            "net_income_4q": null,
            "revenue": 174158,
            "revenue_4q": null,
            "common_shares": 59748,
            "book_valuer_per_share": 28.57,
            "book_valuer_per_share_4q_avg": 25.26,
            "equity": 170713,
            "current_ratio": 132.22,
            "debt_ratio": 80.14,
            "inventory_turnover_ratio": null,
            "account_receivable_turnover_ratio": 1.92,
            "reinvestment_rate": 170.35,
            "research_to_sale_ratio": null,
            "price_fair": 219.02,
            "eps_avg_yearly": 6.26,
            "eps_latest_yearly": 14,
            "eps_growth_yearly": 2918.64
        },
        "20141": {
            "year_quarter": 20141,
            "year": 2014,
            "quarter": 1,
            "eps": 0.22,
            "eps_growth_year": -83.7,
            "eps_4q": 4.73,
            "eps_4q_growth_year": -47.27,
            "roe": 0.78,
            "roe_4q": 18.169999999999998,
            "gross_profit": 30191,
            "gross_margin": 17.51,
            "gross_margin_4q_avg": 20.03,
            "net_income": 1344,
            "net_income_4q": null,
            "revenue": 172444,
            "revenue_4q": null,
            "common_shares": 59748,
            "book_valuer_per_share": 28.75,
            "book_valuer_per_share_4q_avg": 26.59,
            "equity": 171793,
            "current_ratio": 129.3,
            "debt_ratio": 81.11,
            "inventory_turnover_ratio": null,
            "account_receivable_turnover_ratio": 1.85,
            "reinvestment_rate": 161.4,
            "research_to_sale_ratio": null,
            "price_fair": 200.2,
            "eps_avg_yearly": 5.72,
            "eps_latest_yearly": 0.88,
            "eps_growth_yearly": 2589.29
        },
        "20142": {
            "year_quarter": 20142,
            "year": 2014,
            "quarter": 2,
            "eps": 0.75,
            "eps_growth_year": -7.41,
            "eps_4q": 3.7,
            "eps_4q_growth_year": -49.18,
            "roe": 2.62,
            "roe_4q": 17.42,
            "gross_profit": 29233,
            "gross_margin": 18.09,
            "gross_margin_4q_avg": 18.71,
            "net_income": 4501,
            "net_income_4q": null,
            "revenue": 161586,
            "revenue_4q": null,
            "common_shares": 59748,
            "book_valuer_per_share": 28.79,
            "book_valuer_per_share_4q_avg": 27.63,
            "equity": 172037,
            "current_ratio": 129.9,
            "debt_ratio": 81.11,
            "inventory_turnover_ratio": null,
            "account_receivable_turnover_ratio": 1.33,
            "reinvestment_rate": 160.69,
            "research_to_sale_ratio": null,
            "price_fair": 191.55,
            "eps_avg_yearly": 5.47,
            "eps_latest_yearly": 3,
            "eps_growth_yearly": 2441.5
        },
        "20143": {
            "year_quarter": 20143,
            "year": 2014,
            "quarter": 3,
            "eps": -0.4,
            "eps_growth_year": -300,
            "eps_4q": 3.23,
            "eps_4q_growth_year": -46.14,
            "roe": -1.37,
            "roe_4q": 15.23,
            "gross_profit": 27404,
            "gross_margin": 15.61,
            "gross_margin_4q_avg": 17.91,
            "net_income": -2380,
            "net_income_4q": null,
            "revenue": 175561,
            "revenue_4q": null,
            "common_shares": 59748,
            "book_valuer_per_share": 29.32,
            "book_valuer_per_share_4q_avg": 28.86,
            "equity": 175162,
            "current_ratio": 129.31,
            "debt_ratio": 81.27,
            "inventory_turnover_ratio": null,
            "account_receivable_turnover_ratio": 1.38,
            "reinvestment_rate": 161.23,
            "research_to_sale_ratio": null,
            "price_fair": 191.55,
            "eps_avg_yearly": 5.47,
            "eps_latest_yearly": 3,
            "eps_growth_yearly": 2441.5
        },
        "20144": {
            "year_quarter": 20144,
            "year": 2014,
            "quarter": 4,
            "eps": 2.35,
            "eps_growth_year": -32.79,
            "eps_4q": 2.81,
            "eps_4q_growth_year": -52.05,
            "roe": 9.44,
            "roe_4q": 11.47,
            "gross_profit": 37238,
            "gross_margin": 20.66,
            "gross_margin_4q_avg": 17.97,
            "net_income": 17752,
            "net_income_4q": null,
            "revenue": 180218,
            "revenue_4q": null,
            "common_shares": 75534,
            "book_valuer_per_share": 26.61,
            "book_valuer_per_share_4q_avg": 28.37,
            "equity": 200989,
            "current_ratio": 188.11,
            "debt_ratio": 78.7,
            "inventory_turnover_ratio": null,
            "account_receivable_turnover_ratio": 1.64,
            "reinvestment_rate": 0.37,
            "research_to_sale_ratio": null,
            "price_fair": 191.55,
            "eps_avg_yearly": 5.47,
            "eps_latest_yearly": 3,
            "eps_growth_yearly": 2441.5
        },
        "20151": {
            "year_quarter": 20151,
            "year": 2015,
            "quarter": 1,
            "eps": 0.92,
            "eps_growth_year": 318.18,
            "eps_4q": 3.55,
            "eps_4q_growth_year": -24.93,
            "roe": 3.43,
            "roe_4q": 14.120000000000001,
            "gross_profit": 33413,
            "gross_margin": 19.02,
            "gross_margin_4q_avg": 18.35,
            "net_income": 6971,
            "net_income_4q": null,
            "revenue": 175696,
            "revenue_4q": null,
            "common_shares": 75534,
            "book_valuer_per_share": 27.21,
            "book_valuer_per_share_4q_avg": 27.98,
            "equity": 205552,
            "current_ratio": 183.28,
            "debt_ratio": 79.02,
            "inventory_turnover_ratio": null,
            "account_receivable_turnover_ratio": 1.51,
            "reinvestment_rate": -164.64,
            "research_to_sale_ratio": null,
            "price_fair": 186.32,
            "eps_avg_yearly": 5.32,
            "eps_latest_yearly": 3.68,
            "eps_growth_yearly": 2217.76
        },
        "20152": {
            "year_quarter": 20152,
            "year": 2015,
            "quarter": 2,
            "eps": -0.48,
            "eps_growth_year": -164,
            "eps_4q": 2.2,
            "eps_4q_growth_year": -40.63,
            "roe": -1.81,
            "roe_4q": 9.689999999999998,
            "gross_profit": 21289,
            "gross_margin": 13.38,
            "gross_margin_4q_avg": 17.17,
            "net_income": -3646,
            "net_income_4q": null,
            "revenue": 159056,
            "revenue_4q": null,
            "common_shares": 75534,
            "book_valuer_per_share": 26.25,
            "book_valuer_per_share_4q_avg": 27.35,
            "equity": 198299,
            "current_ratio": 182.1,
            "debt_ratio": 79.49,
            "inventory_turnover_ratio": null,
            "account_receivable_turnover_ratio": 1.1,
            "reinvestment_rate": -239.81,
            "research_to_sale_ratio": null,
            "price_fair": 196.64,
            "eps_avg_yearly": 5.62,
            "eps_latest_yearly": 3.68,
            "eps_growth_yearly": 564.83
        },
        "20153": {
            "year_quarter": 20153,
            "year": 2015,
            "quarter": 3,
            "eps": -0.42,
            "eps_growth_year": null,
            "eps_4q": 2.1,
            "eps_4q_growth_year": -34.87,
            "roe": -1.58,
            "roe_4q": 9.48,
            "gross_profit": 25818,
            "gross_margin": 15.34,
            "gross_margin_4q_avg": 17.1,
            "net_income": -3200,
            "net_income_4q": null,
            "revenue": 168293,
            "revenue_4q": null,
            "common_shares": 75534,
            "book_valuer_per_share": 27.24,
            "book_valuer_per_share_4q_avg": 26.83,
            "equity": 205733,
            "current_ratio": 182.87,
            "debt_ratio": 80.3,
            "inventory_turnover_ratio": null,
            "account_receivable_turnover_ratio": 1.15,
            "reinvestment_rate": -281.16,
            "research_to_sale_ratio": null,
            "price_fair": 215.46,
            "eps_avg_yearly": 6.16,
            "eps_latest_yearly": 3.68,
            "eps_growth_yearly": 656.7
        },
        "20154": {
            "year_quarter": 20154,
            "year": 2015,
            "quarter": 4,
            "eps": 3.29,
            "eps_growth_year": 40.11,
            "eps_4q": 3.31,
            "eps_4q_growth_year": 17.75,
            "roe": 13.04,
            "roe_4q": 13.079999999999998,
            "gross_profit": 55572,
            "gross_margin": 29.74,
            "gross_margin_4q_avg": 19.37,
            "net_income": 28023,
            "net_income_4q": null,
            "revenue": 186875,
            "revenue_4q": null,
            "common_shares": 85105,
            "book_valuer_per_share": 26.33,
            "book_valuer_per_share_4q_avg": 26.76,
            "equity": 224039,
            "current_ratio": 208.45,
            "debt_ratio": 77.19,
            "inventory_turnover_ratio": null,
            "account_receivable_turnover_ratio": 1.5,
            "reinvestment_rate": -204.33,
            "research_to_sale_ratio": null,
            "price_fair": 215.46,
            "eps_avg_yearly": 6.16,
            "eps_latest_yearly": 3.68,
            "eps_growth_yearly": 656.7
        },
        "20161": {
            "year_quarter": 20161,
            "year": 2016,
            "quarter": 1,
            "eps": 1.64,
            "eps_growth_year": 78.26,
            "eps_4q": 4.13,
            "eps_4q_growth_year": 16.2,
            "roe": 6.07,
            "roe_4q": 15.72,
            "gross_profit": 39496,
            "gross_margin": 25.78,
            "gross_margin_4q_avg": 21.06,
            "net_income": 13969,
            "net_income_4q": null,
            "revenue": 153206,
            "revenue_4q": null,
            "common_shares": 85105,
            "book_valuer_per_share": 27.78,
            "book_valuer_per_share_4q_avg": 26.9,
            "equity": 236399,
            "current_ratio": 197.07,
            "debt_ratio": 77.52,
            "inventory_turnover_ratio": null,
            "account_receivable_turnover_ratio": 1.28,
            "reinvestment_rate": -217.01,
            "research_to_sale_ratio": null,
            "price_fair": 216.75,
            "eps_avg_yearly": 6.19,
            "eps_latest_yearly": 6.56,
            "eps_growth_yearly": 578.76
        },
        "20162": {
            "year_quarter": 20162,
            "year": 2016,
            "quarter": 2,
            "eps": -0.5,
            "eps_growth_year": null,
            "eps_4q": 4.06,
            "eps_4q_growth_year": 84.8,
            "roe": -1.84,
            "roe_4q": 15.69,
            "gross_profit": 19591,
            "gross_margin": 15,
            "gross_margin_4q_avg": 21.47,
            "net_income": -4230,
            "net_income_4q": null,
            "revenue": 130572,
            "revenue_4q": null,
            "common_shares": 85105,
            "book_valuer_per_share": 26.37,
            "book_valuer_per_share_4q_avg": 26.93,
            "equity": 224432,
            "current_ratio": 188.91,
            "debt_ratio": 78.81,
            "inventory_turnover_ratio": null,
            "account_receivable_turnover_ratio": 0.91,
            "reinvestment_rate": -261.79,
            "research_to_sale_ratio": null,
            "price_fair": 203.28,
            "eps_avg_yearly": 5.81,
            "eps_latest_yearly": 6.56,
            "eps_growth_yearly": 643.93
        },
        "20163": {
            "year_quarter": 20163,
            "year": 2016,
            "quarter": 3,
            "eps": 0.93,
            "eps_growth_year": null,
            "eps_4q": 5.37,
            "eps_4q_growth_year": 155.4,
            "roe": 3.54,
            "roe_4q": 20.81,
            "gross_profit": 41960,
            "gross_margin": 29.12,
            "gross_margin_4q_avg": 24.91,
            "net_income": 7908,
            "net_income_4q": null,
            "revenue": 144110,
            "revenue_4q": null,
            "common_shares": 85105,
            "book_valuer_per_share": 26.17,
            "book_valuer_per_share_4q_avg": 26.66,
            "equity": 222688,
            "current_ratio": 186.84,
            "debt_ratio": 78.44,
            "inventory_turnover_ratio": null,
            "account_receivable_turnover_ratio": 0.97,
            "reinvestment_rate": -272.61,
            "research_to_sale_ratio": null,
            "price_fair": 202.53,
            "eps_avg_yearly": 5.79,
            "eps_latest_yearly": 6.56,
            "eps_growth_yearly": 733.37
        },
        "20164": {
            "year_quarter": 20164,
            "year": 2016,
            "quarter": 4,
            "eps": 1.75,
            "eps_growth_year": -46.7,
            "eps_4q": 3.83,
            "eps_4q_growth_year": 15.75,
            "roe": 6.57,
            "roe_4q": 14.34,
            "gross_profit": 39335,
            "gross_margin": 23.49,
            "gross_margin_4q_avg": 23.35,
            "net_income": 14935,
            "net_income_4q": null,
            "revenue": 167440,
            "revenue_4q": null,
            "common_shares": 85105,
            "book_valuer_per_share": 27.28,
            "book_valuer_per_share_4q_avg": 26.9,
            "equity": 232179,
            "current_ratio": 202.21,
            "debt_ratio": 76.73,
            "inventory_turnover_ratio": null,
            "account_receivable_turnover_ratio": 1.45,
            "reinvestment_rate": -309.38,
            "research_to_sale_ratio": null,
            "price_fair": 173.29,
            "eps_avg_yearly": 4.95,
            "eps_latest_yearly": 7,
            "eps_growth_yearly": 709.44
        },
        "20171": {
            "year_quarter": 20171,
            "year": 2017,
            "quarter": 1,
            "eps": 0.67,
            "eps_growth_year": -59.15,
            "eps_4q": 2.86,
            "eps_4q_growth_year": -30.79,
            "roe": 2.5,
            "roe_4q": 10.77,
            "gross_profit": 28781,
            "gross_margin": 26.6,
            "gross_margin_4q_avg": 23.55,
            "net_income": 5711,
            "net_income_4q": null,
            "revenue": 108180,
            "revenue_4q": null,
            "common_shares": 85105,
            "book_valuer_per_share": 26.31,
            "book_valuer_per_share_4q_avg": 26.53,
            "equity": 223874,
            "current_ratio": 194.25,
            "debt_ratio": 77.33,
            "inventory_turnover_ratio": null,
            "account_receivable_turnover_ratio": 1.07,
            "reinvestment_rate": -173.8,
            "research_to_sale_ratio": null,
            "price_fair": 162.71,
            "eps_avg_yearly": 4.65,
            "eps_latest_yearly": 2.68,
            "eps_growth_yearly": 709.93
        },
        "20172": {
            "year_quarter": 20172,
            "year": 2017,
            "quarter": 2,
            "eps": -1.99,
            "eps_growth_year": null,
            "eps_4q": 1.37,
            "eps_4q_growth_year": -66.27,
            "roe": -7.74,
            "roe_4q": 4.87,
            "gross_profit": 29288,
            "gross_margin": 23.38,
            "gross_margin_4q_avg": 25.65,
            "net_income": -16895,
            "net_income_4q": null,
            "revenue": 125246,
            "revenue_4q": null,
            "common_shares": 85105,
            "book_valuer_per_share": 24.98,
            "book_valuer_per_share_4q_avg": 26.19,
            "equity": 212595,
            "current_ratio": 185.34,
            "debt_ratio": 79.01,
            "inventory_turnover_ratio": null,
            "account_receivable_turnover_ratio": 1,
            "reinvestment_rate": -216.48,
            "research_to_sale_ratio": null,
            "price_fair": 168.88,
            "eps_avg_yearly": 4.83,
            "eps_latest_yearly": 2.68,
            "eps_growth_yearly": 818.67
        },
        "20173": {
            "year_quarter": 20173,
            "year": 2017,
            "quarter": 3,
            "eps": 0.49,
            "eps_growth_year": -47.31,
            "eps_4q": 0.93,
            "eps_4q_growth_year": -82.64,
            "roe": 1.93,
            "roe_4q": 3.26,
            "gross_profit": 26099,
            "gross_margin": 20.43,
            "gross_margin_4q_avg": 23.48,
            "net_income": 4177,
            "net_income_4q": null,
            "revenue": 127738,
            "revenue_4q": null,
            "common_shares": 85105,
            "book_valuer_per_share": 25.94,
            "book_valuer_per_share_4q_avg": 26.13,
            "equity": 220785,
            "current_ratio": 191.12,
            "debt_ratio": 78.18,
            "inventory_turnover_ratio": null,
            "account_receivable_turnover_ratio": 0.98,
            "reinvestment_rate": -206.69,
            "research_to_sale_ratio": null,
            "price_fair": 189,
            "eps_avg_yearly": 5.4,
            "eps_latest_yearly": 2.68,
            "eps_growth_yearly": 978.66
        },
        "20174": {
            "year_quarter": 20174,
            "year": 2017,
            "quarter": 4,
            "eps": 1.37,
            "eps_growth_year": -22.03,
            "eps_4q": 0.54,
            "eps_4q_growth_year": -85.77,
            "roe": 5.13,
            "roe_4q": 1.8199999999999994,
            "gross_profit": 29721,
            "gross_margin": 24.11,
            "gross_margin_4q_avg": 23.63,
            "net_income": 11645,
            "net_income_4q": null,
            "revenue": 123267,
            "revenue_4q": null,
            "common_shares": 85105,
            "book_valuer_per_share": 27.43,
            "book_valuer_per_share_4q_avg": 26.17,
            "equity": 233429,
            "current_ratio": 186.35,
            "debt_ratio": 77.97,
            "inventory_turnover_ratio": null,
            "account_receivable_turnover_ratio": 1.22,
            "reinvestment_rate": -233.4,
            "research_to_sale_ratio": null,
            "price_fair": 146.4,
            "eps_avg_yearly": 4.18,
            "eps_latest_yearly": 5.48,
            "eps_growth_yearly": 138.42
        },
        "20181": {
            "year_quarter": 20181,
            "year": 2018,
            "quarter": 1,
            "eps": -0.74,
            "eps_growth_year": -210.45,
            "eps_4q": -0.87,
            "eps_4q_growth_year": -130.32,
            "roe": -2.71,
            "roe_4q": -3.3900000000000006,
            "gross_profit": 29203,
            "gross_margin": 22.37,
            "gross_margin_4q_avg": 22.57,
            "net_income": -6302,
            "net_income_4q": null,
            "revenue": 130561,
            "revenue_4q": null,
            "common_shares": 85105,
            "book_valuer_per_share": 27.3,
            "book_valuer_per_share_4q_avg": 26.41,
            "equity": 232330,
            "current_ratio": 188.61,
            "debt_ratio": 78.86,
            "inventory_turnover_ratio": null,
            "account_receivable_turnover_ratio": 1.48,
            "reinvestment_rate": -255.28,
            "research_to_sale_ratio": null,
            "price_fair": 165.67,
            "eps_avg_yearly": 4.73,
            "eps_latest_yearly": 5.48,
            "eps_growth_yearly": 223.97
        },
        "20182": {
            "year_quarter": 20182,
            "year": 2018,
            "quarter": 2,
            "eps": 1.55,
            "eps_growth_year": null,
            "eps_4q": 2.67,
            "eps_4q_growth_year": 94.91,
            "roe": 5.57,
            "roe_4q": 9.92,
            "gross_profit": 37566,
            "gross_margin": 31.63,
            "gross_margin_4q_avg": 24.64,
            "net_income": 13205,
            "net_income_4q": null,
            "revenue": 118783,
            "revenue_4q": null,
            "common_shares": 85105,
            "book_valuer_per_share": 28.46,
            "book_valuer_per_share_4q_avg": 27.28,
            "equity": 242202,
            "current_ratio": 187.81,
            "debt_ratio": 78.48,
            "inventory_turnover_ratio": null,
            "account_receivable_turnover_ratio": 1.01,
            "reinvestment_rate": -223.4,
            "research_to_sale_ratio": null,
            "price_fair": 177.8,
            "eps_avg_yearly": 5.08,
            "eps_latest_yearly": 5.48,
            "eps_growth_yearly": 76.04
        },
        "20183": {
            "year_quarter": 20183,
            "year": 2018,
            "quarter": 3,
            "eps": 1.18,
            "eps_growth_year": 140.82,
            "eps_4q": 3.36,
            "eps_4q_growth_year": 260.71,
            "roe": 4.15,
            "roe_4q": 12.14,
            "gross_profit": 47154,
            "gross_margin": 37.3,
            "gross_margin_4q_avg": 28.85,
            "net_income": 10049,
            "net_income_4q": null,
            "revenue": 126416,
            "revenue_4q": null,
            "common_shares": 85105,
            "book_valuer_per_share": 28.45,
            "book_valuer_per_share_4q_avg": 27.91,
            "equity": 242116,
            "current_ratio": 187.8,
            "debt_ratio": 77.64,
            "inventory_turnover_ratio": null,
            "account_receivable_turnover_ratio": 1.02,
            "reinvestment_rate": -189.59,
            "research_to_sale_ratio": null,
            "price_fair": 175.7,
            "eps_avg_yearly": 5.02,
            "eps_latest_yearly": 4.72,
            "eps_growth_yearly": 47.45
        },
        "20184": {
            "year_quarter": 20184,
            "year": 2018,
            "quarter": 4,
            "eps": 1.59,
            "eps_growth_year": 16.04,
            "eps_4q": 3.58,
            "eps_4q_growth_year": 556.86,
            "roe": 4.98,
            "roe_4q": 11.990000000000002,
            "gross_profit": 35246,
            "gross_margin": 26.25,
            "gross_margin_4q_avg": 29.39,
            "net_income": 13414,
            "net_income_4q": null,
            "revenue": 134284,
            "revenue_4q": null,
            "common_shares": 85105,
            "book_valuer_per_share": 30.31,
            "book_valuer_per_share_4q_avg": 28.63,
            "equity": 296757,
            "current_ratio": 201.75,
            "debt_ratio": 73.21,
            "inventory_turnover_ratio": 114.63,
            "account_receivable_turnover_ratio": 1.51,
            "reinvestment_rate": 39.69,
            "research_to_sale_ratio": null,
            "price_fair": 182.4,
            "eps_avg_yearly": 5.21,
            "eps_latest_yearly": 6.36,
            "eps_growth_yearly": 60.53
        },
        "20191": {
            "year_quarter": 20191,
            "year": 2019,
            "quarter": 1,
            "eps": 0.79,
            "eps_growth_year": null,
            "eps_4q": 5.11,
            "eps_4q_growth_year": null,
            "roe": 1.6,
            "roe_4q": 16.3,
            "gross_profit": 34455,
            "gross_margin": 27.3,
            "gross_margin_4q_avg": 30.62,
            "net_income": 4834,
            "net_income_4q": null,
            "revenue": 126212,
            "revenue_4q": null,
            "common_shares": 85105,
            "book_valuer_per_share": 31.99,
            "book_valuer_per_share_4q_avg": 29.8,
            "equity": 309198,
            "current_ratio": 195.42,
            "debt_ratio": 73.73,
            "inventory_turnover_ratio": 107.19,
            "account_receivable_turnover_ratio": 1.54,
            "reinvestment_rate": 43.32,
            "research_to_sale_ratio": null,
            "price_fair": 179.8,
            "eps_avg_yearly": 5.14,
            "eps_latest_yearly": 3.16,
            "eps_growth_yearly": 66.55
        },
        "20192": {
            "year_quarter": 20192,
            "year": 2019,
            "quarter": 2,
            "eps": 0.46,
            "eps_growth_year": -70.32,
            "eps_4q": 4.02,
            "eps_4q_growth_year": 50.5,
            "roe": 0.36,
            "roe_4q": 11.09,
            "gross_profit": 24037,
            "gross_margin": 18.88,
            "gross_margin_4q_avg": 27.43,
            "net_income": 1100,
            "net_income_4q": null,
            "revenue": 127292,
            "revenue_4q": null,
            "common_shares": 85105,
            "book_valuer_per_share": 31.97,
            "book_valuer_per_share_4q_avg": 30.68,
            "equity": 306193,
            "current_ratio": 195.64,
            "debt_ratio": 73.91,
            "inventory_turnover_ratio": 126.07,
            "account_receivable_turnover_ratio": 1.16,
            "reinvestment_rate": 39.02,
            "research_to_sale_ratio": null,
            "price_fair": 165.38,
            "eps_avg_yearly": 4.73,
            "eps_latest_yearly": 1.84,
            "eps_growth_yearly": 37.34
        },
        "20193": {
            "year_quarter": 20193,
            "year": 2019,
            "quarter": 3,
            "eps": -0.02,
            "eps_growth_year": -101.69,
            "eps_4q": 2.82,
            "eps_4q_growth_year": -16.02,
            "roe": -1.24,
            "roe_4q": 5.7,
            "gross_profit": 24185,
            "gross_margin": 19.28,
            "gross_margin_4q_avg": 22.93,
            "net_income": -3706,
            "net_income_4q": null,
            "revenue": 125435,
            "revenue_4q": null,
            "common_shares": 85105,
            "book_valuer_per_share": 30.69,
            "book_valuer_per_share_4q_avg": 31.24,
            "equity": 291760,
            "current_ratio": 193.41,
            "debt_ratio": 73.91,
            "inventory_turnover_ratio": 155.41,
            "account_receivable_turnover_ratio": 1.06,
            "reinvestment_rate": 36.02,
            "research_to_sale_ratio": null,
            "price_fair": 165.38,
            "eps_avg_yearly": 4.73,
            "eps_latest_yearly": 1.84,
            "eps_growth_yearly": 37.34
        },
        "20194": {
            "year_quarter": 20194,
            "year": 2019,
            "quarter": 4,
            "eps": -0.31,
            "eps_growth_year": -119.37,
            "eps_4q": 0.93,
            "eps_4q_growth_year": -74.12,
            "roe": -7.03,
            "roe_4q": -6.309999999999999,
            "gross_profit": 32081,
            "gross_margin": 22.44,
            "gross_margin_4q_avg": 21.98,
            "net_income": -20463,
            "net_income_4q": null,
            "revenue": 142970,
            "revenue_4q": null,
            "common_shares": 85105,
            "book_valuer_per_share": 30.11,
            "book_valuer_per_share_4q_avg": 31.19,
            "equity": 290583,
            "current_ratio": 160.21,
            "debt_ratio": 77.69,
            "inventory_turnover_ratio": 28.19,
            "account_receivable_turnover_ratio": 1.65,
            "reinvestment_rate": 100.32,
            "research_to_sale_ratio": null,
            "price_fair": 165.38,
            "eps_avg_yearly": 4.73,
            "eps_latest_yearly": 1.84,
            "eps_growth_yearly": 37.34
        },
        "20201": {
            "year_quarter": 20201,
            "year": 2020,
            "quarter": 1,
            "eps": -1.48,
            "eps_growth_year": -287.34,
            "eps_4q": -1.35,
            "eps_4q_growth_year": -126.35,
            "roe": -4.43,
            "roe_4q": -12.340000000000002,
            "gross_profit": 35624,
            "gross_margin": 23.73,
            "gross_margin_4q_avg": 21.08,
            "net_income": -12516,
            "net_income_4q": null,
            "revenue": 150135,
            "revenue_4q": null,
            "common_shares": 85105,
            "book_valuer_per_share": 28.25,
            "book_valuer_per_share_4q_avg": 30.26,
            "equity": 274886,
            "current_ratio": 162.41,
            "debt_ratio": 77.95,
            "inventory_turnover_ratio": 21.88,
            "account_receivable_turnover_ratio": 1.82,
            "reinvestment_rate": 154.07,
            "research_to_sale_ratio": null,
            "price_fair": 156.2,
            "eps_avg_yearly": 4.46,
            "eps_latest_yearly": 1.84,
            "eps_growth_yearly": 71.34
        },
        "20202": {
            "year_quarter": 20202,
            "year": 2020,
            "quarter": 2,
            "eps": 0.19,
            "eps_growth_year": -58.7,
            "eps_4q": -1.61,
            "eps_4q_growth_year": -140.11,
            "roe": -1.47,
            "roe_4q": -14.17,
            "gross_profit": 5284,
            "gross_margin": 21.89,
            "gross_margin_4q_avg": 21.84,
            "net_income": -3984,
            "net_income_4q": null,
            "revenue": 24143,
            "revenue_4q": null,
            "common_shares": 85105,
            "book_valuer_per_share": 27.94,
            "book_valuer_per_share_4q_avg": 29.25,
            "equity": 267610,
            "current_ratio": 126.16,
            "debt_ratio": 78.56,
            "inventory_turnover_ratio": 6.67,
            "account_receivable_turnover_ratio": 0.41,
            "reinvestment_rate": 130.82,
            "research_to_sale_ratio": null,
            "price_fair": 156.2,
            "eps_avg_yearly": 4.46,
            "eps_latest_yearly": 1.84,
            "eps_growth_yearly": 71.34
        },
        "20203": {
            "year_quarter": 20203,
            "year": 2020,
            "quarter": 3,
            "eps": -8.53,
            "eps_growth_year": null,
            "eps_4q": -10.13,
            "eps_4q_growth_year": -458.92,
            "roe": -30.91,
            "roe_4q": -43.84,
            "gross_profit": 17971,
            "gross_margin": 40.6,
            "gross_margin_4q_avg": 27.17,
            "net_income": -76498,
            "net_income_4q": null,
            "revenue": 44261,
            "revenue_4q": null,
            "common_shares": 85105,
            "book_valuer_per_share": 23.67,
            "book_valuer_per_share_4q_avg": 27.49,
            "equity": 227406,
            "current_ratio": 167.32,
            "debt_ratio": 62.85,
            "inventory_turnover_ratio": 7.87,
            "account_receivable_turnover_ratio": 11.68,
            "reinvestment_rate": null,
            "research_to_sale_ratio": null,
            "price_fair": 156.2,
            "eps_avg_yearly": 4.46,
            "eps_latest_yearly": 1.84,
            "eps_growth_yearly": 71.34
        }
    },
    "months": {
        "2001-09": {
            "month": "2001-09",
            "price": "10.71",
            "revenue": 86147
        },
        "2001-10": {
            "month": "2001-10",
            "price": "9.70",
            "revenue": 63537
        },
        "2001-11": {
            "month": "2001-11",
            "price": "6.87",
            "revenue": 49538
        },
        "2001-12": {
            "month": "2001-12",
            "price": "7.17",
            "revenue": 49176
        },
        "2002-01": {
            "month": "2002-01",
            "price": "6.89",
            "revenue": 62472
        },
        "2002-02": {
            "month": "2002-02",
            "price": "5.72",
            "revenue": 50519
        },
        "2002-03": {
            "month": "2002-03",
            "price": "6.16",
            "revenue": 102753
        },
        "2002-04": {
            "month": "2002-04",
            "price": "7.51",
            "revenue": 129844
        },
        "2002-05": {
            "month": "2002-05",
            "price": "6.46",
            "revenue": 158000
        },
        "2002-06": {
            "month": "2002-06",
            "price": "6.44",
            "revenue": 109555
        },
        "2002-07": {
            "month": "2002-07",
            "price": "6.38",
            "revenue": 95412
        },
        "2002-08": {
            "month": "2002-08",
            "price": "4.08",
            "revenue": 88610
        },
        "2002-09": {
            "month": "2002-09",
            "price": "3.94",
            "revenue": 110175
        },
        "2002-10": {
            "month": "2002-10",
            "price": "3.51",
            "revenue": 61084
        },
        "2002-11": {
            "month": "2002-11",
            "price": "3.88",
            "revenue": 67403
        },
        "2002-12": {
            "month": "2002-12",
            "price": "3.56",
            "revenue": 66533
        },
        "2003-01": {
            "month": "2003-01",
            "price": "3.90",
            "revenue": 64658
        },
        "2003-02": {
            "month": "2003-02",
            "price": "3.37",
            "revenue": 64866
        },
        "2003-03": {
            "month": "2003-03",
            "price": "2.77",
            "revenue": 70000
        },
        "2003-04": {
            "month": "2003-04",
            "price": "2.15",
            "revenue": 67641
        },
        "2003-05": {
            "month": "2003-05",
            "price": "2.30",
            "revenue": 53607
        },
        "2003-06": {
            "month": "2003-06",
            "price": "2.64",
            "revenue": 53781
        },
        "2003-07": {
            "month": "2003-07",
            "price": "3.78",
            "revenue": 49319
        },
        "2003-08": {
            "month": "2003-08",
            "price": "3.35",
            "revenue": 55322
        },
        "2003-09": {
            "month": "2003-09",
            "price": "2.89",
            "revenue": 58647
        },
        "2003-10": {
            "month": "2003-10",
            "price": "4.25",
            "revenue": 46370
        },
        "2003-11": {
            "month": "2003-11",
            "price": "7.98",
            "revenue": 59093
        },
        "2003-12": {
            "month": "2003-12",
            "price": "7.94",
            "revenue": 51066
        },
        "2004-01": {
            "month": "2004-01",
            "price": "8.96",
            "revenue": 36718
        },
        "2004-02": {
            "month": "2004-02",
            "price": "8.34",
            "revenue": 65569
        },
        "2004-03": {
            "month": "2004-03",
            "price": "7.50",
            "revenue": 93202
        },
        "2004-04": {
            "month": "2004-04",
            "price": "8.17",
            "revenue": 66875
        },
        "2004-05": {
            "month": "2004-05",
            "price": "8.34",
            "revenue": 74359
        },
        "2004-06": {
            "month": "2004-06",
            "price": "7.71",
            "revenue": 77113
        },
        "2004-07": {
            "month": "2004-07",
            "price": "7.75",
            "revenue": 71400
        },
        "2004-08": {
            "month": "2004-08",
            "price": "8.74",
            "revenue": 73827
        },
        "2004-09": {
            "month": "2004-09",
            "price": "8.57",
            "revenue": 58324
        },
        "2004-10": {
            "month": "2004-10",
            "price": "8.45",
            "revenue": 54448
        },
        "2004-11": {
            "month": "2004-11",
            "price": "8.26",
            "revenue": 52203
        },
        "2004-12": {
            "month": "2004-12",
            "price": "7.95",
            "revenue": 70306
        },
        "2005-01": {
            "month": "2005-01",
            "price": "7.41",
            "revenue": 47183
        },
        "2005-02": {
            "month": "2005-02",
            "price": "7.23",
            "revenue": 27290
        },
        "2005-03": {
            "month": "2005-03",
            "price": "5.93",
            "revenue": 55999
        },
        "2005-04": {
            "month": "2005-04",
            "price": "4.24",
            "revenue": 69445
        },
        "2005-05": {
            "month": "2005-05",
            "price": "3.97",
            "revenue": 57359
        },
        "2005-06": {
            "month": "2005-06",
            "price": "3.62",
            "revenue": 68539
        },
        "2005-07": {
            "month": "2005-07",
            "price": "3.21",
            "revenue": 60544
        },
        "2005-08": {
            "month": "2005-08",
            "price": "2.92",
            "revenue": 88039
        },
        "2005-09": {
            "month": "2005-09",
            "price": "3.10",
            "revenue": 71882
        },
        "2005-10": {
            "month": "2005-10",
            "price": "3.50",
            "revenue": 65217
        },
        "2005-11": {
            "month": "2005-11",
            "price": "3.23",
            "revenue": 67777
        },
        "2005-12": {
            "month": "2005-12",
            "price": "3.54",
            "revenue": 91357
        },
        "2006-01": {
            "month": "2006-01",
            "price": "4.03",
            "revenue": 62851
        },
        "2006-02": {
            "month": "2006-02",
            "price": "4.03",
            "revenue": 78607
        },
        "2006-03": {
            "month": "2006-03",
            "price": "3.71",
            "revenue": 95281
        },
        "2006-04": {
            "month": "2006-04",
            "price": "3.54",
            "revenue": 82739
        },
        "2006-05": {
            "month": "2006-05",
            "price": "3.30",
            "revenue": 92849
        },
        "2006-06": {
            "month": "2006-06",
            "price": "3.58",
            "revenue": 97349
        },
        "2006-07": {
            "month": "2006-07",
            "price": "3.80",
            "revenue": 96659
        },
        "2006-08": {
            "month": "2006-08",
            "price": "3.96",
            "revenue": 99673
        },
        "2006-09": {
            "month": "2006-09",
            "price": "3.38",
            "revenue": 64722
        },
        "2006-10": {
            "month": "2006-10",
            "price": "3.59",
            "revenue": 51895
        },
        "2006-11": {
            "month": "2006-11",
            "price": "3.33",
            "revenue": 48171
        },
        "2006-12": {
            "month": "2006-12",
            "price": "3.54",
            "revenue": 85324
        },
        "2007-01": {
            "month": "2007-01",
            "price": "3.50",
            "revenue": 32711
        },
        "2007-02": {
            "month": "2007-02",
            "price": "3.38",
            "revenue": 27148
        },
        "2007-03": {
            "month": "2007-03",
            "price": "3.33",
            "revenue": 55414
        },
        "2007-04": {
            "month": "2007-04",
            "price": "2.54",
            "revenue": 58309
        },
        "2007-08": {
            "month": "2007-08",
            "price": "11.05",
            "revenue": 47071
        },
        "2008-12": {
            "month": "2008-12",
            "price": "7.44",
            "revenue": 4479
        },
        "2009-01": {
            "month": "2009-01",
            "price": "5.27",
            "revenue": 4396
        },
        "2009-02": {
            "month": "2009-02",
            "price": "2.71",
            "revenue": 5757
        },
        "2009-04": {
            "month": "2009-04",
            "price": "1.86",
            "revenue": 1096
        },
        "2009-06": {
            "month": "2009-06",
            "price": "2.76",
            "revenue": 3060
        },
        "2009-07": {
            "month": "2009-07",
            "price": "2.72",
            "revenue": 2703
        },
        "2009-09": {
            "month": "2009-09",
            "price": "2.72",
            "revenue": 8929
        },
        "2009-11": {
            "month": "2009-11",
            "price": "2.72",
            "revenue": 4600
        },
        "2009-12": {
            "month": "2009-12",
            "price": "2.70",
            "revenue": 3679
        },
        "2010-01": {
            "month": "2010-01",
            "price": "2.90",
            "revenue": 2678
        },
        "2010-02": {
            "month": "2010-02",
            "price": "3.06",
            "revenue": 1258
        },
        "2010-09": {
            "month": "2010-09",
            "price": "2.57",
            "revenue": 4309
        },
        "2011-01": {
            "month": "2011-01",
            "price": "2.32",
            "revenue": 2186
        },
        "2011-04": {
            "month": "2011-04",
            "price": "2.20",
            "revenue": 65166
        },
        "2011-07": {
            "month": "2011-07",
            "price": "2.63",
            "revenue": 61551
        },
        "2011-08": {
            "month": "2011-08",
            "price": "3.69",
            "revenue": 64058
        },
        "2011-09": {
            "month": "2011-09",
            "price": "4.47",
            "revenue": 67513
        },
        "2011-10": {
            "month": "2011-10",
            "price": "5.25",
            "revenue": 60492
        },
        "2011-11": {
            "month": "2011-11",
            "price": "4.81",
            "revenue": 57703
        },
        "2011-12": {
            "month": "2011-12",
            "price": "3.60",
            "revenue": 44982
        },
        "2012-01": {
            "month": "2012-01",
            "price": "2.87",
            "revenue": 64251
        },
        "2012-02": {
            "month": "2012-02",
            "price": "29.20",
            "revenue": 56850
        },
        "2012-03": {
            "month": "2012-03",
            "price": "27.35",
            "revenue": 59672
        },
        "2012-04": {
            "month": "2012-04",
            "price": "24.75",
            "revenue": 65094
        },
        "2012-05": {
            "month": "2012-05",
            "price": "49.22",
            "revenue": 59523
        },
        "2012-06": {
            "month": "2012-06",
            "price": "40.77",
            "revenue": 57304
        },
        "2012-07": {
            "month": "2012-07",
            "price": "39.73",
            "revenue": 63844
        },
        "2012-08": {
            "month": "2012-08",
            "price": "36.18",
            "revenue": 84231
        },
        "2012-09": {
            "month": "2012-09",
            "price": "40.10",
            "revenue": 72256
        },
        "2012-10": {
            "month": "2012-10",
            "price": "53.44",
            "revenue": 56298
        },
        "2012-11": {
            "month": "2012-11",
            "price": "55.05",
            "revenue": 65940
        },
        "2013-01": {
            "month": "2013-01",
            "price": "47.88",
            "revenue": 54566
        },
        "2013-03": {
            "month": "2013-03",
            "price": "48.00",
            "revenue": 51673
        },
        "2013-04": {
            "month": "2013-04",
            "price": "59.89",
            "revenue": 50404
        },
        "2013-05": {
            "month": "2013-05",
            "price": "62.52",
            "revenue": 53337
        },
        "2013-08": {
            "month": "2013-08",
            "price": "36.70",
            "revenue": 73468
        },
        "2013-09": {
            "month": "2013-09",
            "price": "27.65",
            "revenue": 60239
        },
        "2013-10": {
            "month": "2013-10",
            "price": "29.86",
            "revenue": 40855
        },
        "2013-11": {
            "month": "2013-11",
            "price": "33.94",
            "revenue": 52498
        },
        "2013-12": {
            "month": "2013-12",
            "price": "36.39",
            "revenue": 64968
        },
        "2014-01": {
            "month": "2014-01",
            "price": "39.25",
            "revenue": 47556
        },
        "2014-02": {
            "month": "2014-02",
            "price": "43.67",
            "revenue": 64629
        },
        "2014-03": {
            "month": "2014-03",
            "price": "46.67",
            "revenue": 62210
        },
        "2014-04": {
            "month": "2014-04",
            "price": "48.11",
            "revenue": 51008
        },
        "2014-05": {
            "month": "2014-05",
            "price": "52.94",
            "revenue": 52208
        },
        "2014-06": {
            "month": "2014-06",
            "price": "57.75",
            "revenue": 56419
        },
        "2014-07": {
            "month": "2014-07",
            "price": "62.74",
            "revenue": 60389
        },
        "2014-08": {
            "month": "2014-08",
            "price": "57.38",
            "revenue": 60737
        },
        "2014-09": {
            "month": "2014-09",
            "price": "63.45",
            "revenue": 58918
        },
        "2014-11": {
            "month": "2014-11",
            "price": "49.40",
            "revenue": 54426
        },
        "2015-04": {
            "month": "2015-04",
            "price": "41.70",
            "revenue": 52232
        },
        "2015-06": {
            "month": "2015-06",
            "price": "45.85",
            "revenue": 56689
        },
        "2015-09": {
            "month": "2015-09",
            "price": "40.50",
            "revenue": 53100
        },
        "2015-10": {
            "month": "2015-10",
            "price": "44.55",
            "revenue": 59238
        },
        "2016-01": {
            "month": "2016-01",
            "price": "39.00",
            "revenue": 39340
        },
        "2016-05": {
            "month": "2016-05",
            "price": "42.90",
            "revenue": 46123
        },
        "2016-06": {
            "month": "2016-06",
            "price": "43.81",
            "revenue": 41399
        },
        "2016-07": {
            "month": "2016-07",
            "price": "41.56",
            "revenue": 43602
        },
        "2016-08": {
            "month": "2016-08",
            "price": "40.00",
            "revenue": 51110
        },
        "2016-09": {
            "month": "2016-09",
            "price": "29.26",
            "revenue": 48603
        },
        "2016-10": {
            "month": "2016-10",
            "price": "27.00",
            "revenue": 45989
        },
        "2016-11": {
            "month": "2016-11",
            "price": "28.00",
            "revenue": 43512
        },
        "2016-12": {
            "month": "2016-12",
            "price": "32.09",
            "revenue": 74591
        },
        "2017-01": {
            "month": "2017-01",
            "price": "29.80",
            "revenue": 36355
        },
        "2017-02": {
            "month": "2017-02",
            "price": "31.64",
            "revenue": 37665
        },
        "2017-03": {
            "month": "2017-03",
            "price": "41.50",
            "revenue": 33524
        },
        "2017-04": {
            "month": "2017-04",
            "price": "59.62",
            "revenue": 36844
        },
        "2017-05": {
            "month": "2017-05",
            "price": "87.46",
            "revenue": 41634
        },
        "2017-06": {
            "month": "2017-06",
            "price": "61.80",
            "revenue": 48678
        },
        "2017-07": {
            "month": "2017-07",
            "price": "44.80",
            "revenue": 38691
        },
        "2017-08": {
            "month": "2017-08",
            "price": "45.78",
            "revenue": 43181
        },
        "2017-09": {
            "month": "2017-09",
            "price": "41.75",
            "revenue": 45098
        },
        "2017-10": {
            "month": "2017-10",
            "price": "38.13",
            "revenue": 37148
        },
        "2017-11": {
            "month": "2017-11",
            "price": "35.76",
            "revenue": 39021
        },
        "2017-12": {
            "month": "2017-12",
            "price": "32.94",
            "revenue": 46163
        },
        "2018-01": {
            "month": "2018-01",
            "price": "32.21",
            "revenue": 43031
        },
        "2018-02": {
            "month": "2018-02",
            "price": "32.39",
            "revenue": 44062
        },
        "2018-03": {
            "month": "2018-03",
            "price": "39.63",
            "revenue": 44099
        },
        "2018-04": {
            "month": "2018-04",
            "price": "47.52",
            "revenue": 38231
        },
        "2018-05": {
            "month": "2018-05",
            "price": "40.26",
            "revenue": 40379
        },
        "2018-06": {
            "month": "2018-06",
            "price": "37.22",
            "revenue": 41403
        },
        "2018-07": {
            "month": "2018-07",
            "price": "39.84",
            "revenue": 40174
        },
        "2018-08": {
            "month": "2018-08",
            "price": "40.79",
            "revenue": 43980
        },
        "2018-09": {
            "month": "2018-09",
            "price": "41.30",
            "revenue": 39811
        },
        "2018-10": {
            "month": "2018-10",
            "price": "42.00",
            "revenue": 44781
        },
        "2018-11": {
            "month": "2018-11",
            "price": "39.79",
            "revenue": 33598
        },
        "2018-12": {
            "month": "2018-12",
            "price": "36.70",
            "revenue": 56485
        },
        "2019-01": {
            "month": "2019-01",
            "price": "39.29",
            "revenue": 42929
        },
        "2019-02": {
            "month": "2019-02",
            "price": "38.61",
            "revenue": 39925
        },
        "2019-03": {
            "month": "2019-03",
            "price": "38.23",
            "revenue": 41587
        },
        "2019-04": {
            "month": "2019-04",
            "price": "37.44",
            "revenue": 43260
        },
        "2019-05": {
            "month": "2019-05",
            "price": "35.82",
            "revenue": 46807
        },
        "2019-06": {
            "month": "2019-06",
            "price": "39.09",
            "revenue": 43815
        },
        "2019-07": {
            "month": "2019-07",
            "price": "39.04",
            "revenue": 36384
        },
        "2019-08": {
            "month": "2019-08",
            "price": "37.65",
            "revenue": 42616
        },
        "2019-09": {
            "month": "2019-09",
            "price": "36.84",
            "revenue": 40495
        },
        "2019-10": {
            "month": "2019-10",
            "price": "36.82",
            "revenue": 39716
        },
        "2019-11": {
            "month": "2019-11",
            "price": "36.32",
            "revenue": 32552
        },
        "2019-12": {
            "month": "2019-12",
            "price": "36.56",
            "revenue": 64700
        },
        "2020-01": {
            "month": "2020-01",
            "price": "35.53",
            "revenue": 70864
        },
        "2020-02": {
            "month": "2020-02",
            "price": "36.16",
            "revenue": 40217
        },
        "2020-03": {
            "month": "2020-03",
            "price": "32.78",
            "revenue": 38404
        },
        "2020-04": {
            "month": "2020-04",
            "price": "32.65",
            "revenue": 34414
        },
        "2020-05": {
            "month": "2020-05",
            "price": "32.95",
            "revenue": 41668
        },
        "2020-06": {
            "month": "2020-06",
            "price": "34.73",
            "revenue": 48210
        },
        "2020-07": {
            "month": "2020-07",
            "price": "35.97",
            "revenue": 12589
        },
        "2020-08": {
            "month": "2020-08",
            "price": "35.64",
            "revenue": 16866
        },
        "2020-09": {
            "month": "2020-09",
            "price": "35.61",
            "revenue": 14806
        },
        "2020-10": {
            "month": "2020-10",
            "price": "28.57",
            "revenue": 17823
        },
        "2020-11": {
            "month": "2020-11",
            "price": "32.93",
            "revenue": 15132
        }
    }
}
