{
    "summary": {
        "stock_name": "邦泰",
        "stock_id": "8935",
        "category": "其他",
        "main_business": "運動器材射出零組件之設計<br>製造工程塑膠複合材料之開發<br>其他",
        "website_url": "http://www.pontex.com",
        "ceo": "沈茂根",
        "pe_ratio": -25,
        "report_year_from": 2001,
        "report_year_to": 2023,
        "age": 23,
        "eps_negative_percentage": 61,
        "eps_growth_avg": {
            "last_all": -74.61,
            "last_2y": -69.23,
            "last_4y": -81.26,
            "last_8y": -81.26,
            "last_12y": -81.26,
            "last_16y": -78.78,
            "last_20y": -78.67,
            "at_2006_last_3y": -78.35,
            "at_2007_last_3y": -52.16,
            "at_2008_last_3y": -68.11,
            "at_2009_last_3y": -68.11,
            "at_2010_last_3y": -73.81,
            "at_2011_last_3y": -100,
            "at_2012_last_3y": null,
            "at_2013_last_3y": null,
            "at_2014_last_3y": null,
            "at_2015_last_3y": null,
            "at_2016_last_3y": null,
            "at_2017_last_3y": null,
            "at_2018_last_3y": null,
            "at_2019_last_3y": -86.57,
            "at_2020_last_3y": -93.29,
            "at_2021_last_3y": -93.29,
            "at_2022_last_3y": -75.01,
            "at_2023_last_3y": -79.49,
            "at_2024_last_3y": -79.49,
            "at_2006_last_all": -66.29,
            "at_2007_last_all": -61.62,
            "at_2008_last_all": -69.3,
            "at_2009_last_all": -69.3,
            "at_2010_last_all": -69.3,
            "at_2011_last_all": -69.3,
            "at_2012_last_all": -69.3,
            "at_2013_last_all": -69.3,
            "at_2014_last_all": -69.3,
            "at_2015_last_all": -69.3,
            "at_2016_last_all": -69.3,
            "at_2017_last_all": -69.3,
            "at_2018_last_all": -69.3,
            "at_2019_last_all": -72.18,
            "at_2020_last_all": -76.15,
            "at_2021_last_all": -76.15,
            "at_2022_last_all": -71.44,
            "at_2023_last_all": -74.61,
            "at_2024_last_all": -74.61
        },
        "latest_eps": -0.46,
        "latest_price": 11.5,
        "latest_roe": -5.13,
        "latest_gross_margin": 7.11,
        "latest_equity": 911940,
        "latest_revenue": 154647,
        "latest_gross_profit": 10998,
        "latest_net_income": -21843,
        "latest_debt_ratio": 45.86,
        "latest_current_ratio": 137.25,
        "latest_account_receivable_turnover_ratio": 0.78,
        "latest_inventory_turnover_ratio": 0.49,
        "latest_reinvestment_rate": -280.95,
        "latest_research_to_sale_ratio": 1.84
    },
    "eps_dividends": {
        "2001": {
            "cash": 0,
            "stock": 0,
            "eps": 1.47
        },
        "2002": {
            "cash": 0,
            "stock": 1.2,
            "eps": 0.85
        },
        "2003": {
            "cash": 0,
            "stock": 1.2,
            "eps": -1.83
        },
        "2004": {
            "cash": 0,
            "stock": 0,
            "eps": -1.87
        },
        "2005": {
            "cash": 0,
            "stock": 0,
            "eps": 0.97
        },
        "2006": {
            "cash": 0,
            "stock": 0,
            "eps": 0.42
        },
        "2007": {
            "cash": 0,
            "stock": 0,
            "eps": 0.22
        },
        "2008": {
            "cash": 0,
            "stock": 0.5,
            "eps": -4.96
        },
        "2009": {
            "cash": 0,
            "stock": 0,
            "eps": -2.2
        },
        "2010": {
            "cash": 0,
            "stock": 0,
            "eps": -0.25
        },
        "2011": {
            "cash": 0,
            "stock": 0,
            "eps": -0.58
        },
        "2012": {
            "cash": 0,
            "stock": 0,
            "eps": -1.93
        },
        "2013": {
            "cash": 0,
            "stock": 0,
            "eps": -0.47
        },
        "2014": {
            "cash": 0,
            "stock": 0,
            "eps": -0.92
        },
        "2015": {
            "cash": 0,
            "stock": 0,
            "eps": -0.72
        },
        "2016": {
            "cash": 0,
            "stock": 0,
            "eps": -1.6
        },
        "2017": {
            "cash": 0,
            "stock": 0,
            "eps": -1.07
        },
        "2018": {
            "cash": 0,
            "stock": 0,
            "eps": 2.16
        },
        "2019": {
            "cash": 0,
            "stock": 0,
            "eps": 0.29
        },
        "2020": {
            "cash": 0,
            "stock": 0,
            "eps": -0.28
        },
        "2021": {
            "cash": 0,
            "stock": 0,
            "eps": 0.52
        },
        "2022": {
            "cash": 0,
            "stock": 0,
            "eps": 0.32
        },
        "2023": {
            "cash": 0,
            "stock": 0.3,
            "eps": -0.46
        }
    },
    "dividends": {
        "2002-04-08": {
            "cash": 0,
            "stock": 1.2
        },
        "2003-06-20": {
            "cash": 0,
            "stock": 1.2
        },
        "2008-03-24": {
            "cash": 0,
            "stock": 0.5
        },
        "2023-03-09": {
            "cash": 0,
            "stock": 0.3
        }
    },
    "prices": {
        "200101": "無",
        "200102": "無",
        "200103": "無",
        "200104": "無",
        "200105": "無",
        "200106": "無",
        "200107": "無",
        "200108": "無",
        "200109": "無",
        "200110": "無",
        "200111": "無",
        "200112": "無",
        "200201": "無",
        "200202": "無",
        "200203": "23.62",
        "200204": "37.09",
        "200205": "32.16",
        "200206": "29.06",
        "200207": "26.30",
        "200208": "19.50",
        "200209": "18.70",
        "200210": "17.48",
        "200211": "17.06",
        "200212": "19.72",
        "200301": "21.37",
        "200302": "21.81",
        "200303": "19.71",
        "200304": "17.66",
        "200305": "14.13",
        "200306": "14.86",
        "200307": "14.85",
        "200308": "12.84",
        "200309": "11.94",
        "200310": "11.23",
        "200311": "10.24",
        "200312": "10.42",
        "200401": "13.75",
        "200402": "16.20",
        "200403": "15.54",
        "200404": "14.09",
        "200405": "11.24",
        "200406": "10.54",
        "200407": "7.60",
        "200408": "5.67",
        "200409": "5.89",
        "200410": "6.60",
        "200411": "6.35",
        "200412": "6.25",
        "200501": "6.60",
        "200502": "6.52",
        "200503": "7.50",
        "200504": "8.97",
        "200505": "8.47",
        "200506": "8.65",
        "200507": "10.45",
        "200508": "10.12",
        "200509": "8.96",
        "200510": "9.16",
        "200511": "9.74",
        "200512": "11.82",
        "200601": "14.29",
        "200602": "14.70",
        "200603": "15.03",
        "200604": "15.97",
        "200605": "18.54",
        "200606": "14.80",
        "200607": "13.73",
        "200608": "14.04",
        "200609": "13.63",
        "200610": "13.78",
        "200611": "13.05",
        "200612": "13.57",
        "200701": "14.38",
        "200702": "13.30",
        "200703": "13.13",
        "200704": "14.14",
        "200705": "13.42",
        "200706": "13.68",
        "200707": "14.67",
        "200708": "12.51",
        "200709": "10.81",
        "200710": "10.27",
        "200711": "8.74",
        "200712": "7.94",
        "200801": "7.38",
        "200802": "6.98",
        "200803": "6.97",
        "200804": "8.26",
        "200805": "7.99",
        "200806": "6.76",
        "200807": "5.54",
        "200808": "5.16",
        "200809": "3.98",
        "200810": "3.44",
        "200811": "2.47",
        "200812": "2.23",
        "200901": "2.10",
        "200902": "2.47",
        "200903": "3.31",
        "200904": "4.06",
        "200905": "4.02",
        "200906": "4.75",
        "200907": "5.07",
        "200908": "7.59",
        "200909": "10.82",
        "200910": "13.06",
        "200911": "14.49",
        "200912": "13.35",
        "201001": "12.07",
        "201002": "10.80",
        "201003": "13.12",
        "201004": "12.91",
        "201005": "11.63",
        "201006": "10.63",
        "201007": "10.24",
        "201008": "11.82",
        "201009": "11.69",
        "201010": "11.12",
        "201011": "10.37",
        "201012": "10.55",
        "201101": "11.40",
        "201102": "11.93",
        "201103": "11.58",
        "201104": "10.46",
        "201105": "8.42",
        "201106": "8.21",
        "201107": "8.30",
        "201108": "6.66",
        "201109": "5.88",
        "201110": "5.21",
        "201111": "4.48",
        "201112": "4.34",
        "201201": "5.18",
        "201202": "6.20",
        "201203": "5.92",
        "201204": "5.27",
        "201205": "4.50",
        "201206": "3.97",
        "201207": "4.08",
        "201208": "4.40",
        "201209": "4.56",
        "201210": "4.47",
        "201211": "3.79",
        "201212": "4.09",
        "201301": "4.43",
        "201302": "4.07",
        "201303": "4.07",
        "201304": "3.97",
        "201305": "4.58",
        "201306": "4.91",
        "201307": "4.43",
        "201308": "4.35",
        "201309": "4.63",
        "201310": "4.84",
        "201311": "6.63",
        "201312": "6.31",
        "201401": "7.96",
        "201402": "8.75",
        "201403": "8.78",
        "201404": "7.87",
        "201405": "8.16",
        "201406": "8.55",
        "201407": "8.46",
        "201408": "8.06",
        "201409": "8.47",
        "201410": "8.26",
        "201411": "8.14",
        "201412": "8.08",
        "201501": "8.00",
        "201502": "7.72",
        "201503": "7.53",
        "201504": "7.44",
        "201505": "8.06",
        "201506": "7.74",
        "201507": "7.54",
        "201508": "6.69",
        "201509": "6.62",
        "201510": "6.41",
        "201511": "6.35",
        "201512": "6.21",
        "201601": "5.41",
        "201602": "5.98",
        "201603": "6.38",
        "201604": "6.29",
        "201605": "6.28",
        "201606": "6.66",
        "201607": "7.60",
        "201608": "7.21",
        "201609": "7.00",
        "201610": "6.89",
        "201611": "6.13",
        "201612": "5.82",
        "201701": "5.89",
        "201702": "6.10",
        "201703": "5.99",
        "201704": "5.72",
        "201705": "5.48",
        "201706": "5.53",
        "201707": "5.48",
        "201708": "6.57",
        "201709": "7.64",
        "201710": "7.13",
        "201711": "8.91",
        "201712": "8.11",
        "201801": "8.61",
        "201802": "8.51",
        "201803": "8.79",
        "201804": "8.68",
        "201805": "8.43",
        "201806": "8.98",
        "201807": "8.84",
        "201808": "8.54",
        "201809": "8.65",
        "201810": "8.39",
        "201811": "7.84",
        "201812": "8.17",
        "201901": "8.27",
        "201902": "8.36",
        "201903": "8.25",
        "201904": "7.85",
        "201905": "8.02",
        "201906": "8.07",
        "201907": "7.90",
        "201908": "8.01",
        "201909": "9.66",
        "201910": "9.48",
        "201911": "8.83",
        "201912": "8.75",
        "202001": "8.85",
        "202002": "8.41",
        "202003": "7.60",
        "202004": "7.55",
        "202005": "8.53",
        "202006": "8.38",
        "202007": "8.47",
        "202008": "8.01",
        "202009": "7.80",
        "202010": "7.85",
        "202011": "7.82",
        "202012": "7.91",
        "202101": "7.87",
        "202102": "7.95",
        "202103": "9.68",
        "202104": "12.80",
        "202105": "13.14",
        "202106": "13.27",
        "202107": "16.23",
        "202108": "14.34",
        "202109": "12.96",
        "202110": "13.52",
        "202111": "13.05",
        "202112": "12.77",
        "202201": "13.90",
        "202202": "14.79",
        "202203": "14.42",
        "202204": "13.63",
        "202205": "13.55",
        "202206": "13.10",
        "202207": "11.76",
        "202208": "12.90",
        "202209": "13.03",
        "202210": "11.14",
        "202211": "11.04",
        "202212": "12.60",
        "202301": "11.65",
        "202302": "11.56",
        "202303": "12.34",
        "202304": "11.97",
        "202305": "12.34",
        "202306": "12.63",
        "202307": "12.32",
        "202308": "11.97",
        "202309": "11.97",
        "202310": "11.61",
        "202311": "10.79",
        "202312": "11.25"
    },
    "quarters": {
        "20011": {
            "year_quarter": 20011,
            "year": 2001,
            "quarter": 1,
            "eps": 0.31,
            "eps_growth_year": null,
            "eps_4q": null,
            "eps_4q_growth_year": null,
            "roe": 2.65,
            "roe_4q": 2.65,
            "gross_profit": 45086,
            "gross_margin": 21.13,
            "gross_margin_4q_avg": 21.13,
            "net_income": 13167,
            "net_income_4q": null,
            "revenue": 213377,
            "revenue_4q": null,
            "common_shares": 421234,
            "book_valuer_per_share": 11.97,
            "book_valuer_per_share_4q_avg": 11.97,
            "equity": 504334,
            "current_ratio": 124.29,
            "debt_ratio": 53.95,
            "inventory_turnover_ratio": 1.11,
            "account_receivable_turnover_ratio": null,
            "reinvestment_rate": null,
            "research_to_sale_ratio": null,
            "price_fair": 0,
            "eps_avg_yearly": 0,
            "eps_latest_yearly": 0,
            "eps_growth_yearly": 0
        },
        "20012": {
            "year_quarter": 20012,
            "year": 2001,
            "quarter": 2,
            "eps": 0.65,
            "eps_growth_year": null,
            "eps_4q": null,
            "eps_4q_growth_year": null,
            "roe": 5.27,
            "roe_4q": 7.92,
            "gross_profit": 52867,
            "gross_margin": 24.93,
            "gross_margin_4q_avg": 23.03,
            "net_income": 27273,
            "net_income_4q": null,
            "revenue": 212033,
            "revenue_4q": null,
            "common_shares": 421233,
            "book_valuer_per_share": 12.62,
            "book_valuer_per_share_4q_avg": 12.3,
            "equity": 531606,
            "current_ratio": 120,
            "debt_ratio": 52.75,
            "inventory_turnover_ratio": 1.05,
            "account_receivable_turnover_ratio": null,
            "reinvestment_rate": null,
            "research_to_sale_ratio": null,
            "price_fair": 0,
            "eps_avg_yearly": 0,
            "eps_latest_yearly": 0,
            "eps_growth_yearly": 0
        },
        "20013": {
            "year_quarter": 20013,
            "year": 2001,
            "quarter": 3,
            "eps": 0.09,
            "eps_growth_year": null,
            "eps_4q": null,
            "eps_4q_growth_year": null,
            "roe": 0.78,
            "roe_4q": 8.7,
            "gross_profit": 32604,
            "gross_margin": 18.3,
            "gross_margin_4q_avg": 21.45,
            "net_income": 4169,
            "net_income_4q": null,
            "revenue": 178181,
            "revenue_4q": null,
            "common_shares": 471781,
            "book_valuer_per_share": 11.36,
            "book_valuer_per_share_4q_avg": 11.98,
            "equity": 535775,
            "current_ratio": 103,
            "debt_ratio": 52.56,
            "inventory_turnover_ratio": 1.02,
            "account_receivable_turnover_ratio": null,
            "reinvestment_rate": null,
            "research_to_sale_ratio": null,
            "price_fair": 0,
            "eps_avg_yearly": 0,
            "eps_latest_yearly": 0,
            "eps_growth_yearly": 0
        },
        "20014": {
            "year_quarter": 20014,
            "year": 2001,
            "quarter": 4,
            "eps": 0.42,
            "eps_growth_year": null,
            "eps_4q": 1.37,
            "eps_4q_growth_year": null,
            "roe": 3.61,
            "roe_4q": 12.31,
            "gross_profit": 56313,
            "gross_margin": 25.94,
            "gross_margin_4q_avg": 22.58,
            "net_income": 19688,
            "net_income_4q": null,
            "revenue": 217110,
            "revenue_4q": null,
            "common_shares": 471782,
            "book_valuer_per_share": 11.77,
            "book_valuer_per_share_4q_avg": 11.93,
            "equity": 555463,
            "current_ratio": 100.91,
            "debt_ratio": 52.43,
            "inventory_turnover_ratio": 1.13,
            "account_receivable_turnover_ratio": null,
            "reinvestment_rate": null,
            "research_to_sale_ratio": null,
            "price_fair": 0,
            "eps_avg_yearly": 0,
            "eps_latest_yearly": 0,
            "eps_growth_yearly": 0
        },
        "20021": {
            "year_quarter": 20021,
            "year": 2002,
            "quarter": 1,
            "eps": 0.41,
            "eps_growth_year": 32.26,
            "eps_4q": 1.5,
            "eps_4q_growth_year": null,
            "roe": 3.42,
            "roe_4q": 13.079999999999998,
            "gross_profit": 65067,
            "gross_margin": 27.41,
            "gross_margin_4q_avg": 24.15,
            "net_income": 19307,
            "net_income_4q": null,
            "revenue": 237385,
            "revenue_4q": null,
            "common_shares": 471782,
            "book_valuer_per_share": 12.18,
            "book_valuer_per_share_4q_avg": 11.98,
            "equity": 574770,
            "current_ratio": 103.75,
            "debt_ratio": 55.91,
            "inventory_turnover_ratio": 1.21,
            "account_receivable_turnover_ratio": null,
            "reinvestment_rate": null,
            "research_to_sale_ratio": null,
            "price_fair": 4.92,
            "eps_avg_yearly": 1.64,
            "eps_latest_yearly": 1.64,
            "eps_growth_yearly": -9.52
        },
        "20022": {
            "year_quarter": 20022,
            "year": 2002,
            "quarter": 2,
            "eps": 0.23,
            "eps_growth_year": -64.62,
            "eps_4q": 1.06,
            "eps_4q_growth_year": null,
            "roe": 1.5,
            "roe_4q": 9.309999999999999,
            "gross_profit": 62519,
            "gross_margin": 24.38,
            "gross_margin_4q_avg": 24.01,
            "net_income": 12021,
            "net_income_4q": null,
            "revenue": 256459,
            "revenue_4q": null,
            "common_shares": 679395,
            "book_valuer_per_share": 15.07,
            "book_valuer_per_share_4q_avg": 12.6,
            "equity": 1023535,
            "current_ratio": 150.81,
            "debt_ratio": 38.66,
            "inventory_turnover_ratio": 1.27,
            "account_receivable_turnover_ratio": null,
            "reinvestment_rate": null,
            "research_to_sale_ratio": null,
            "price_fair": 3.84,
            "eps_avg_yearly": 1.28,
            "eps_latest_yearly": 0.92,
            "eps_growth_yearly": -92.57
        },
        "20023": {
            "year_quarter": 20023,
            "year": 2002,
            "quarter": 3,
            "eps": 0.06,
            "eps_growth_year": -33.33,
            "eps_4q": 0.88,
            "eps_4q_growth_year": null,
            "roe": 0.37,
            "roe_4q": 8.9,
            "gross_profit": 50004,
            "gross_margin": 20.01,
            "gross_margin_4q_avg": 24.44,
            "net_income": 3751,
            "net_income_4q": null,
            "revenue": 249941,
            "revenue_4q": null,
            "common_shares": 679395,
            "book_valuer_per_share": 15.12,
            "book_valuer_per_share_4q_avg": 13.54,
            "equity": 1027286,
            "current_ratio": 141.14,
            "debt_ratio": 37.98,
            "inventory_turnover_ratio": 1.11,
            "account_receivable_turnover_ratio": null,
            "reinvestment_rate": null,
            "research_to_sale_ratio": null,
            "price_fair": 2.8,
            "eps_avg_yearly": 0.93,
            "eps_latest_yearly": 0.24,
            "eps_growth_yearly": -160.26
        },
        "20024": {
            "year_quarter": 20024,
            "year": 2002,
            "quarter": 4,
            "eps": 0.15,
            "eps_growth_year": -64.29,
            "eps_4q": 0.72,
            "eps_4q_growth_year": -47.63,
            "roe": 0.9,
            "roe_4q": 6.1899999999999995,
            "gross_profit": 50792,
            "gross_margin": 14.96,
            "gross_margin_4q_avg": 21.69,
            "net_income": 9258,
            "net_income_4q": null,
            "revenue": 339474,
            "revenue_4q": null,
            "common_shares": 679395,
            "book_valuer_per_share": 15.26,
            "book_valuer_per_share_4q_avg": 14.41,
            "equity": 1036544,
            "current_ratio": 136.77,
            "debt_ratio": 42.28,
            "inventory_turnover_ratio": 1.31,
            "account_receivable_turnover_ratio": null,
            "reinvestment_rate": null,
            "research_to_sale_ratio": null,
            "price_fair": 29.75,
            "eps_avg_yearly": 0.85,
            "eps_latest_yearly": 0.6,
            "eps_growth_yearly": 29.8
        },
        "20031": {
            "year_quarter": 20031,
            "year": 2003,
            "quarter": 1,
            "eps": -0.28,
            "eps_growth_year": -168.29,
            "eps_4q": 0.08,
            "eps_4q_growth_year": -94.51,
            "roe": -1.88,
            "roe_4q": 0.8900000000000001,
            "gross_profit": 13982,
            "gross_margin": 4.03,
            "gross_margin_4q_avg": 15.85,
            "net_income": -19350,
            "net_income_4q": null,
            "revenue": 346796,
            "revenue_4q": null,
            "common_shares": 679395,
            "book_valuer_per_share": 14.97,
            "book_valuer_per_share_4q_avg": 15.11,
            "equity": 1017194,
            "current_ratio": 122.48,
            "debt_ratio": 43.29,
            "inventory_turnover_ratio": 1.25,
            "account_receivable_turnover_ratio": null,
            "reinvestment_rate": null,
            "research_to_sale_ratio": null,
            "price_fair": 29.75,
            "eps_avg_yearly": 0.85,
            "eps_latest_yearly": 0.6,
            "eps_growth_yearly": 29.8
        },
        "20032": {
            "year_quarter": 20032,
            "year": 2003,
            "quarter": 2,
            "eps": -0.58,
            "eps_growth_year": -352.17,
            "eps_4q": -0.75,
            "eps_4q_growth_year": -170.59,
            "roe": -4.45,
            "roe_4q": -5.06,
            "gross_profit": 5123,
            "gross_margin": 1.47,
            "gross_margin_4q_avg": 10.12,
            "net_income": -44300,
            "net_income_4q": null,
            "revenue": 347444,
            "revenue_4q": null,
            "common_shares": 679395,
            "book_valuer_per_share": 14.3,
            "book_valuer_per_share_4q_avg": 14.91,
            "equity": 971634,
            "current_ratio": 109.72,
            "debt_ratio": 49.02,
            "inventory_turnover_ratio": 1.17,
            "account_receivable_turnover_ratio": null,
            "reinvestment_rate": null,
            "research_to_sale_ratio": null,
            "price_fair": 29.75,
            "eps_avg_yearly": 0.85,
            "eps_latest_yearly": 0.6,
            "eps_growth_yearly": 29.8
        },
        "20033": {
            "year_quarter": 20033,
            "year": 2003,
            "quarter": 3,
            "eps": -0.68,
            "eps_growth_year": -1233.33,
            "eps_4q": -1.4,
            "eps_4q_growth_year": -259.68,
            "roe": -5.51,
            "roe_4q": -10.94,
            "gross_profit": -37073,
            "gross_margin": -10.51,
            "gross_margin_4q_avg": 2.49,
            "net_income": -52049,
            "net_income_4q": null,
            "revenue": 352603,
            "revenue_4q": null,
            "common_shares": 760923,
            "book_valuer_per_share": 12.08,
            "book_valuer_per_share_4q_avg": 14.15,
            "equity": 919070,
            "current_ratio": 95.26,
            "debt_ratio": 54.13,
            "inventory_turnover_ratio": 1.36,
            "account_receivable_turnover_ratio": null,
            "reinvestment_rate": null,
            "research_to_sale_ratio": null,
            "price_fair": 29.75,
            "eps_avg_yearly": 0.85,
            "eps_latest_yearly": 0.6,
            "eps_growth_yearly": 29.8
        },
        "20034": {
            "year_quarter": 20034,
            "year": 2003,
            "quarter": 4,
            "eps": -0.29,
            "eps_growth_year": -293.33,
            "eps_4q": -1.73,
            "eps_4q_growth_year": -340.23,
            "roe": -2.25,
            "roe_4q": -14.09,
            "gross_profit": 8031,
            "gross_margin": 2.09,
            "gross_margin_4q_avg": -0.73,
            "net_income": -21706,
            "net_income_4q": null,
            "revenue": 384597,
            "revenue_4q": null,
            "common_shares": 760922,
            "book_valuer_per_share": 11.8,
            "book_valuer_per_share_4q_avg": 13.29,
            "equity": 1012169,
            "current_ratio": 107.96,
            "debt_ratio": 58.05,
            "inventory_turnover_ratio": 1.19,
            "account_receivable_turnover_ratio": null,
            "reinvestment_rate": null,
            "research_to_sale_ratio": null,
            "price_fair": 29.75,
            "eps_avg_yearly": 0.85,
            "eps_latest_yearly": 0.6,
            "eps_growth_yearly": 29.8
        },
        "20041": {
            "year_quarter": 20041,
            "year": 2004,
            "quarter": 1,
            "eps": -0.46,
            "eps_growth_year": null,
            "eps_4q": -2.01,
            "eps_4q_growth_year": -2549.61,
            "roe": -3.72,
            "roe_4q": -15.93,
            "gross_profit": 26267,
            "gross_margin": 5.86,
            "gross_margin_4q_avg": -0.27,
            "net_income": -34960,
            "net_income_4q": null,
            "revenue": 447957,
            "revenue_4q": null,
            "common_shares": 763519,
            "book_valuer_per_share": 11.34,
            "book_valuer_per_share_4q_avg": 12.38,
            "equity": 866003,
            "current_ratio": 114.52,
            "debt_ratio": 62.18,
            "inventory_turnover_ratio": 1.22,
            "account_receivable_turnover_ratio": null,
            "reinvestment_rate": null,
            "research_to_sale_ratio": null,
            "price_fair": 29.75,
            "eps_avg_yearly": 0.85,
            "eps_latest_yearly": 0.6,
            "eps_growth_yearly": 29.8
        },
        "20042": {
            "year_quarter": 20042,
            "year": 2004,
            "quarter": 2,
            "eps": -0.87,
            "eps_growth_year": null,
            "eps_4q": -1.87,
            "eps_4q_growth_year": null,
            "roe": -7.75,
            "roe_4q": -19.23,
            "gross_profit": 15886,
            "gross_margin": 3.72,
            "gross_margin_4q_avg": 0.29,
            "net_income": -72762,
            "net_income_4q": null,
            "revenue": 426895,
            "revenue_4q": null,
            "common_shares": 971980,
            "book_valuer_per_share": 10.41,
            "book_valuer_per_share_4q_avg": 11.41,
            "equity": 1011751,
            "current_ratio": 106.52,
            "debt_ratio": 54.75,
            "inventory_turnover_ratio": 1.24,
            "account_receivable_turnover_ratio": null,
            "reinvestment_rate": null,
            "research_to_sale_ratio": null,
            "price_fair": 29.75,
            "eps_avg_yearly": 0.85,
            "eps_latest_yearly": 0.6,
            "eps_growth_yearly": 29.8
        },
        "20043": {
            "year_quarter": 20043,
            "year": 2004,
            "quarter": 3,
            "eps": -0.05,
            "eps_growth_year": null,
            "eps_4q": -1.37,
            "eps_4q_growth_year": null,
            "roe": -0.42,
            "roe_4q": -14.14,
            "gross_profit": 40597,
            "gross_margin": 11.96,
            "gross_margin_4q_avg": 5.91,
            "net_income": -4193,
            "net_income_4q": null,
            "revenue": 339565,
            "revenue_4q": null,
            "common_shares": 971980,
            "book_valuer_per_share": 10.37,
            "book_valuer_per_share_4q_avg": 10.98,
            "equity": 1007670,
            "current_ratio": 102.03,
            "debt_ratio": 52.39,
            "inventory_turnover_ratio": 0.88,
            "account_receivable_turnover_ratio": null,
            "reinvestment_rate": null,
            "research_to_sale_ratio": null,
            "price_fair": 29.75,
            "eps_avg_yearly": 0.85,
            "eps_latest_yearly": 0.6,
            "eps_growth_yearly": 29.8
        },
        "20044": {
            "year_quarter": 20044,
            "year": 2004,
            "quarter": 4,
            "eps": -0.49,
            "eps_growth_year": null,
            "eps_4q": -1.96,
            "eps_4q_growth_year": null,
            "roe": -4.28,
            "roe_4q": -16.169999999999998,
            "gross_profit": 26600,
            "gross_margin": 6.48,
            "gross_margin_4q_avg": 7.01,
            "net_income": -44633,
            "net_income_4q": null,
            "revenue": 410556,
            "revenue_4q": null,
            "common_shares": 971980,
            "book_valuer_per_share": 9.84,
            "book_valuer_per_share_4q_avg": 10.49,
            "equity": 1079518,
            "current_ratio": 106.31,
            "debt_ratio": 52.13,
            "inventory_turnover_ratio": 1.07,
            "account_receivable_turnover_ratio": null,
            "reinvestment_rate": null,
            "research_to_sale_ratio": null,
            "price_fair": 29.75,
            "eps_avg_yearly": 0.85,
            "eps_latest_yearly": 0.6,
            "eps_growth_yearly": 29.8
        },
        "20051": {
            "year_quarter": 20051,
            "year": 2005,
            "quarter": 1,
            "eps": 0.3,
            "eps_growth_year": null,
            "eps_4q": -0.93,
            "eps_4q_growth_year": null,
            "roe": 2.88,
            "roe_4q": -9.57,
            "gross_profit": 73410,
            "gross_margin": 16.13,
            "gross_margin_4q_avg": 9.57,
            "net_income": 29742,
            "net_income_4q": null,
            "revenue": 455042,
            "revenue_4q": null,
            "common_shares": 971980,
            "book_valuer_per_share": 10.13,
            "book_valuer_per_share_4q_avg": 10.19,
            "equity": 984495,
            "current_ratio": 99.09,
            "debt_ratio": 56.36,
            "inventory_turnover_ratio": 1.03,
            "account_receivable_turnover_ratio": null,
            "reinvestment_rate": null,
            "research_to_sale_ratio": null,
            "price_fair": 29.75,
            "eps_avg_yearly": 0.85,
            "eps_latest_yearly": 0.6,
            "eps_growth_yearly": 29.8
        },
        "20052": {
            "year_quarter": 20052,
            "year": 2005,
            "quarter": 2,
            "eps": 0.08,
            "eps_growth_year": null,
            "eps_4q": -0.11,
            "eps_4q_growth_year": null,
            "roe": 0.81,
            "roe_4q": -1.0100000000000002,
            "gross_profit": 62509,
            "gross_margin": 10.59,
            "gross_margin_4q_avg": 11.29,
            "net_income": 7963,
            "net_income_4q": null,
            "revenue": 590268,
            "revenue_4q": null,
            "common_shares": 971980,
            "book_valuer_per_share": 10.22,
            "book_valuer_per_share_4q_avg": 10.14,
            "equity": 993691,
            "current_ratio": 98.29,
            "debt_ratio": 58.82,
            "inventory_turnover_ratio": 1.34,
            "account_receivable_turnover_ratio": null,
            "reinvestment_rate": null,
            "research_to_sale_ratio": null,
            "price_fair": 2.23,
            "eps_avg_yearly": 0.74,
            "eps_latest_yearly": 0.32,
            "eps_growth_yearly": -34.82
        },
        "20053": {
            "year_quarter": 20053,
            "year": 2005,
            "quarter": 3,
            "eps": 0.25,
            "eps_growth_year": null,
            "eps_4q": 0.18,
            "eps_4q_growth_year": null,
            "roe": 2.36,
            "roe_4q": 1.7699999999999996,
            "gross_profit": 78511,
            "gross_margin": 11.59,
            "gross_margin_4q_avg": 11.2,
            "net_income": 24230,
            "net_income_4q": null,
            "revenue": 677548,
            "revenue_4q": null,
            "common_shares": 1012095,
            "book_valuer_per_share": 10.46,
            "book_valuer_per_share_4q_avg": 10.16,
            "equity": 1058513,
            "current_ratio": 109.19,
            "debt_ratio": 58.31,
            "inventory_turnover_ratio": 1.39,
            "account_receivable_turnover_ratio": null,
            "reinvestment_rate": null,
            "research_to_sale_ratio": null,
            "price_fair": 27.53,
            "eps_avg_yearly": 0.79,
            "eps_latest_yearly": 1,
            "eps_growth_yearly": 112.65
        },
        "20054": {
            "year_quarter": 20054,
            "year": 2005,
            "quarter": 4,
            "eps": 0.34,
            "eps_growth_year": null,
            "eps_4q": 0.97,
            "eps_4q_growth_year": null,
            "roe": 3.06,
            "roe_4q": 9.11,
            "gross_profit": 101320,
            "gross_margin": 9.55,
            "gross_margin_4q_avg": 11.97,
            "net_income": 33306,
            "net_income_4q": null,
            "revenue": 1061040,
            "revenue_4q": null,
            "common_shares": 1042337,
            "book_valuer_per_share": 10.73,
            "book_valuer_per_share_4q_avg": 10.39,
            "equity": 1118705,
            "current_ratio": 111.39,
            "debt_ratio": 65.39,
            "inventory_turnover_ratio": 1.79,
            "account_receivable_turnover_ratio": null,
            "reinvestment_rate": null,
            "research_to_sale_ratio": null,
            "price_fair": 30.4,
            "eps_avg_yearly": 0.87,
            "eps_latest_yearly": 1.36,
            "eps_growth_yearly": 117.13
        },
        "20061": {
            "year_quarter": 20061,
            "year": 2006,
            "quarter": 1,
            "eps": 0.29,
            "eps_growth_year": -3.33,
            "eps_4q": 0.91,
            "eps_4q_growth_year": null,
            "roe": 2.68,
            "roe_4q": 8.91,
            "gross_profit": 111846,
            "gross_margin": 10.12,
            "gross_margin_4q_avg": 10.46,
            "net_income": 30680,
            "net_income_4q": null,
            "revenue": 1104990,
            "revenue_4q": null,
            "common_shares": 1064636,
            "book_valuer_per_share": 10.98,
            "book_valuer_per_share_4q_avg": 10.6,
            "equity": 1169209,
            "current_ratio": 121.42,
            "debt_ratio": 62.45,
            "inventory_turnover_ratio": 1.69,
            "account_receivable_turnover_ratio": null,
            "reinvestment_rate": null,
            "research_to_sale_ratio": null,
            "price_fair": 28,
            "eps_avg_yearly": 0.8,
            "eps_latest_yearly": 1.16,
            "eps_growth_yearly": 110.08
        },
        "20062": {
            "year_quarter": 20062,
            "year": 2006,
            "quarter": 2,
            "eps": 0.07,
            "eps_growth_year": -12.5,
            "eps_4q": 0.87,
            "eps_4q_growth_year": null,
            "roe": 0.54,
            "roe_4q": 8.64,
            "gross_profit": 85505,
            "gross_margin": 7.3,
            "gross_margin_4q_avg": 9.64,
            "net_income": 7759,
            "net_income_4q": null,
            "revenue": 1171848,
            "revenue_4q": null,
            "common_shares": 1429636,
            "book_valuer_per_share": 12.06,
            "book_valuer_per_share_4q_avg": 11.06,
            "equity": 1724507,
            "current_ratio": 153.67,
            "debt_ratio": 52.23,
            "inventory_turnover_ratio": 1.9,
            "account_receivable_turnover_ratio": null,
            "reinvestment_rate": null,
            "research_to_sale_ratio": null,
            "price_fair": 24.8,
            "eps_avg_yearly": 0.71,
            "eps_latest_yearly": 0.28,
            "eps_growth_yearly": 91.82
        },
        "20063": {
            "year_quarter": 20063,
            "year": 2006,
            "quarter": 3,
            "eps": 0.21,
            "eps_growth_year": -16,
            "eps_4q": 0.8,
            "eps_4q_growth_year": 347.27,
            "roe": 1.47,
            "roe_4q": 7.75,
            "gross_profit": 79311,
            "gross_margin": 5.48,
            "gross_margin_4q_avg": 8.11,
            "net_income": 25603,
            "net_income_4q": null,
            "revenue": 1448170,
            "revenue_4q": null,
            "common_shares": 1429636,
            "book_valuer_per_share": 12.26,
            "book_valuer_per_share_4q_avg": 11.51,
            "equity": 1752146,
            "current_ratio": 175.17,
            "debt_ratio": 57.3,
            "inventory_turnover_ratio": 2.08,
            "account_receivable_turnover_ratio": null,
            "reinvestment_rate": null,
            "research_to_sale_ratio": null,
            "price_fair": 27.8,
            "eps_avg_yearly": 0.79,
            "eps_latest_yearly": 0.84,
            "eps_growth_yearly": 248.34
        },
        "20064": {
            "year_quarter": 20064,
            "year": 2006,
            "quarter": 4,
            "eps": -0.15,
            "eps_growth_year": -144.12,
            "eps_4q": 0.36,
            "eps_4q_growth_year": -62.97,
            "roe": -1.09,
            "roe_4q": 3.6,
            "gross_profit": 54214,
            "gross_margin": 3.79,
            "gross_margin_4q_avg": 6.67,
            "net_income": -19040,
            "net_income_4q": null,
            "revenue": 1431925,
            "revenue_4q": null,
            "common_shares": 1429636,
            "book_valuer_per_share": 12.12,
            "book_valuer_per_share_4q_avg": 11.86,
            "equity": 1733385,
            "current_ratio": 137.15,
            "debt_ratio": 66.4,
            "inventory_turnover_ratio": 1.75,
            "account_receivable_turnover_ratio": null,
            "reinvestment_rate": null,
            "research_to_sale_ratio": null,
            "price_fair": 28.93,
            "eps_avg_yearly": 0.83,
            "eps_latest_yearly": 0.84,
            "eps_growth_yearly": 189.73
        },
        "20071": {
            "year_quarter": 20071,
            "year": 2007,
            "quarter": 1,
            "eps": 0.05,
            "eps_growth_year": -82.76,
            "eps_4q": 0.15,
            "eps_4q_growth_year": -83.47,
            "roe": 0.41,
            "roe_4q": 1.3299999999999998,
            "gross_profit": 41636,
            "gross_margin": 2.66,
            "gross_margin_4q_avg": 4.81,
            "net_income": 7144,
            "net_income_4q": null,
            "revenue": 1563625,
            "revenue_4q": null,
            "common_shares": 1429636,
            "book_valuer_per_share": 12.19,
            "book_valuer_per_share_4q_avg": 12.16,
            "equity": 1742090,
            "current_ratio": 190.88,
            "debt_ratio": 60.84,
            "inventory_turnover_ratio": 2.01,
            "account_receivable_turnover_ratio": null,
            "reinvestment_rate": null,
            "research_to_sale_ratio": null,
            "price_fair": 28.93,
            "eps_avg_yearly": 0.83,
            "eps_latest_yearly": 0.84,
            "eps_growth_yearly": 189.73
        },
        "20072": {
            "year_quarter": 20072,
            "year": 2007,
            "quarter": 2,
            "eps": -0.04,
            "eps_growth_year": -157.14,
            "eps_4q": 0.06,
            "eps_4q_growth_year": -93.4,
            "roe": -0.32,
            "roe_4q": 0.47,
            "gross_profit": 77190,
            "gross_margin": 4.79,
            "gross_margin_4q_avg": 4.18,
            "net_income": -5531,
            "net_income_4q": null,
            "revenue": 1612790,
            "revenue_4q": null,
            "common_shares": 1429636,
            "book_valuer_per_share": 12.16,
            "book_valuer_per_share_4q_avg": 12.18,
            "equity": 1738891,
            "current_ratio": 204.35,
            "debt_ratio": 61.87,
            "inventory_turnover_ratio": 2.47,
            "account_receivable_turnover_ratio": null,
            "reinvestment_rate": null,
            "research_to_sale_ratio": null,
            "price_fair": 28.93,
            "eps_avg_yearly": 0.83,
            "eps_latest_yearly": 0.84,
            "eps_growth_yearly": 189.73
        },
        "20073": {
            "year_quarter": 20073,
            "year": 2007,
            "quarter": 3,
            "eps": 0.06,
            "eps_growth_year": -71.43,
            "eps_4q": -0.06,
            "eps_4q_growth_year": -107.79,
            "roe": 0.49,
            "roe_4q": -0.5100000000000001,
            "gross_profit": 59537,
            "gross_margin": 3.33,
            "gross_margin_4q_avg": 3.64,
            "net_income": 8558,
            "net_income_4q": null,
            "revenue": 1788482,
            "revenue_4q": null,
            "common_shares": 1429636,
            "book_valuer_per_share": 12.23,
            "book_valuer_per_share_4q_avg": 12.18,
            "equity": 1748740,
            "current_ratio": 173.43,
            "debt_ratio": 64.16,
            "inventory_turnover_ratio": 3.01,
            "account_receivable_turnover_ratio": null,
            "reinvestment_rate": null,
            "research_to_sale_ratio": null,
            "price_fair": 28.93,
            "eps_avg_yearly": 0.83,
            "eps_latest_yearly": 0.84,
            "eps_growth_yearly": 189.73
        },
        "20074": {
            "year_quarter": 20074,
            "year": 2007,
            "quarter": 4,
            "eps": 0.15,
            "eps_growth_year": null,
            "eps_4q": 0.22,
            "eps_4q_growth_year": -38.74,
            "roe": 1.23,
            "roe_4q": 1.8099999999999998,
            "gross_profit": 123557,
            "gross_margin": 7.13,
            "gross_margin_4q_avg": 4.48,
            "net_income": 21625,
            "net_income_4q": null,
            "revenue": 1733523,
            "revenue_4q": null,
            "common_shares": 1429636,
            "book_valuer_per_share": 12.43,
            "book_valuer_per_share_4q_avg": 12.25,
            "equity": 1776439,
            "current_ratio": 141.08,
            "debt_ratio": 72.26,
            "inventory_turnover_ratio": 2.43,
            "account_receivable_turnover_ratio": null,
            "reinvestment_rate": 1716.46,
            "research_to_sale_ratio": null,
            "price_fair": 27.8,
            "eps_avg_yearly": 0.79,
            "eps_latest_yearly": 0.6,
            "eps_growth_yearly": 248.34
        },
        "20081": {
            "year_quarter": 20081,
            "year": 2008,
            "quarter": 1,
            "eps": -0.23,
            "eps_growth_year": -560,
            "eps_4q": -0.06,
            "eps_4q_growth_year": -138.18,
            "roe": -1.87,
            "roe_4q": -0.47000000000000014,
            "gross_profit": 133111,
            "gross_margin": 6.56,
            "gross_margin_4q_avg": 5.45,
            "net_income": -32842,
            "net_income_4q": null,
            "revenue": 2027745,
            "revenue_4q": null,
            "common_shares": 1429636,
            "book_valuer_per_share": 12.15,
            "book_valuer_per_share_4q_avg": 12.24,
            "equity": 1736965,
            "current_ratio": 147.53,
            "debt_ratio": 69.17,
            "inventory_turnover_ratio": 2.56,
            "account_receivable_turnover_ratio": null,
            "reinvestment_rate": 2390.01,
            "research_to_sale_ratio": null,
            "price_fair": 27.8,
            "eps_avg_yearly": 0.79,
            "eps_latest_yearly": 0.6,
            "eps_growth_yearly": 248.34
        },
        "20082": {
            "year_quarter": 20082,
            "year": 2008,
            "quarter": 2,
            "eps": -0.2,
            "eps_growth_year": null,
            "eps_4q": -0.23,
            "eps_4q_growth_year": -497.47,
            "roe": -1.73,
            "roe_4q": -1.8800000000000001,
            "gross_profit": 67741,
            "gross_margin": 3.65,
            "gross_margin_4q_avg": 5.17,
            "net_income": -29838,
            "net_income_4q": null,
            "revenue": 1855016,
            "revenue_4q": null,
            "common_shares": 1429636,
            "book_valuer_per_share": 11.98,
            "book_valuer_per_share_4q_avg": 12.2,
            "equity": 1712324,
            "current_ratio": 148.67,
            "debt_ratio": 68.09,
            "inventory_turnover_ratio": 2.51,
            "account_receivable_turnover_ratio": null,
            "reinvestment_rate": 701.17,
            "research_to_sale_ratio": null,
            "price_fair": 27.8,
            "eps_avg_yearly": 0.79,
            "eps_latest_yearly": 0.6,
            "eps_growth_yearly": 248.34
        },
        "20083": {
            "year_quarter": 20083,
            "year": 2008,
            "quarter": 3,
            "eps": -0.44,
            "eps_growth_year": -833.33,
            "eps_4q": -0.71,
            "eps_4q_growth_year": null,
            "roe": -3.9,
            "roe_4q": -6.27,
            "gross_profit": 42651,
            "gross_margin": 2.64,
            "gross_margin_4q_avg": 5,
            "net_income": -65894,
            "net_income_4q": null,
            "revenue": 1615480,
            "revenue_4q": null,
            "common_shares": 1501118,
            "book_valuer_per_share": 11.08,
            "book_valuer_per_share_4q_avg": 11.91,
            "equity": 1663873,
            "current_ratio": 153.66,
            "debt_ratio": 65.55,
            "inventory_turnover_ratio": 2.48,
            "account_receivable_turnover_ratio": null,
            "reinvestment_rate": null,
            "research_to_sale_ratio": null,
            "price_fair": 27.8,
            "eps_avg_yearly": 0.79,
            "eps_latest_yearly": 0.6,
            "eps_growth_yearly": 248.34
        },
        "20084": {
            "year_quarter": 20084,
            "year": 2008,
            "quarter": 4,
            "eps": -4.09,
            "eps_growth_year": -2826.67,
            "eps_4q": -4.95,
            "eps_4q_growth_year": -2344.39,
            "roe": -45.21,
            "roe_4q": -52.709999999999994,
            "gross_profit": -249843,
            "gross_margin": -28.96,
            "gross_margin_4q_avg": -4.03,
            "net_income": -614143,
            "net_income_4q": null,
            "revenue": 862736,
            "revenue_4q": null,
            "common_shares": 1501118,
            "book_valuer_per_share": 7.01,
            "book_valuer_per_share_4q_avg": 10.56,
            "equity": 1052957,
            "current_ratio": 93.53,
            "debt_ratio": 66.51,
            "inventory_turnover_ratio": 2.54,
            "account_receivable_turnover_ratio": 1.67,
            "reinvestment_rate": null,
            "research_to_sale_ratio": null,
            "price_fair": 27.8,
            "eps_avg_yearly": 0.79,
            "eps_latest_yearly": 0.6,
            "eps_growth_yearly": 248.34
        },
        "20091": {
            "year_quarter": 20091,
            "year": 2009,
            "quarter": 1,
            "eps": 0.04,
            "eps_growth_year": null,
            "eps_4q": -4.46,
            "eps_4q_growth_year": null,
            "roe": 0.59,
            "roe_4q": -50.24999999999999,
            "gross_profit": 56377,
            "gross_margin": 14.08,
            "gross_margin_4q_avg": -2.15,
            "net_income": 6309,
            "net_income_4q": null,
            "revenue": 400307,
            "revenue_4q": null,
            "common_shares": 1501118,
            "book_valuer_per_share": 7.12,
            "book_valuer_per_share_4q_avg": 9.3,
            "equity": 1069021,
            "current_ratio": 96.85,
            "debt_ratio": 61.95,
            "inventory_turnover_ratio": 1.03,
            "account_receivable_turnover_ratio": 0.47,
            "reinvestment_rate": null,
            "research_to_sale_ratio": null,
            "price_fair": 27.8,
            "eps_avg_yearly": 0.79,
            "eps_latest_yearly": 0.6,
            "eps_growth_yearly": 248.34
        },
        "20092": {
            "year_quarter": 20092,
            "year": 2009,
            "quarter": 2,
            "eps": -0.03,
            "eps_growth_year": null,
            "eps_4q": -6.65,
            "eps_4q_growth_year": null,
            "roe": -0.41,
            "roe_4q": -48.93,
            "gross_profit": 47821,
            "gross_margin": 9.76,
            "gross_margin_4q_avg": -0.62,
            "net_income": -4301,
            "net_income_4q": null,
            "revenue": 490159,
            "revenue_4q": null,
            "common_shares": 1019021,
            "book_valuer_per_share": 10.34,
            "book_valuer_per_share_4q_avg": 8.89,
            "equity": 1054052,
            "current_ratio": 96.98,
            "debt_ratio": 59.92,
            "inventory_turnover_ratio": 1.16,
            "account_receivable_turnover_ratio": 0.83,
            "reinvestment_rate": null,
            "research_to_sale_ratio": null,
            "price_fair": 30.57,
            "eps_avg_yearly": 0.87,
            "eps_latest_yearly": 0.6,
            "eps_growth_yearly": 338.62
        },
        "20093": {
            "year_quarter": 20093,
            "year": 2009,
            "quarter": 3,
            "eps": -0.22,
            "eps_growth_year": null,
            "eps_4q": -6.29,
            "eps_4q_growth_year": null,
            "roe": -2.82,
            "roe_4q": -47.85,
            "gross_profit": 26946,
            "gross_margin": 8.09,
            "gross_margin_4q_avg": 0.74,
            "net_income": -29427,
            "net_income_4q": null,
            "revenue": 333047,
            "revenue_4q": null,
            "common_shares": 1019021,
            "book_valuer_per_share": 10.04,
            "book_valuer_per_share_4q_avg": 8.63,
            "equity": 1036467,
            "current_ratio": 96.25,
            "debt_ratio": 59.17,
            "inventory_turnover_ratio": 0.79,
            "account_receivable_turnover_ratio": 0.63,
            "reinvestment_rate": null,
            "research_to_sale_ratio": null,
            "price_fair": 29.68,
            "eps_avg_yearly": 0.85,
            "eps_latest_yearly": 0.6,
            "eps_growth_yearly": 236.35
        },
        "20094": {
            "year_quarter": 20094,
            "year": 2009,
            "quarter": 4,
            "eps": -1.99,
            "eps_growth_year": null,
            "eps_4q": -1.71,
            "eps_4q_growth_year": null,
            "roe": -20.19,
            "roe_4q": -22.830000000000002,
            "gross_profit": -33744,
            "gross_margin": -11.96,
            "gross_margin_4q_avg": 4.99,
            "net_income": -234120,
            "net_income_4q": null,
            "revenue": 282152,
            "revenue_4q": null,
            "common_shares": 1519021,
            "book_valuer_per_share": 8.36,
            "book_valuer_per_share_4q_avg": 8.97,
            "equity": 1282511,
            "current_ratio": 111.86,
            "debt_ratio": 48.79,
            "inventory_turnover_ratio": 0.98,
            "account_receivable_turnover_ratio": 1.22,
            "reinvestment_rate": null,
            "research_to_sale_ratio": null,
            "price_fair": 25.2,
            "eps_avg_yearly": 0.72,
            "eps_latest_yearly": 0.6,
            "eps_growth_yearly": 259.43
        },
        "20101": {
            "year_quarter": 20101,
            "year": 2010,
            "quarter": 1,
            "eps": 0.16,
            "eps_growth_year": 300,
            "eps_4q": -1.59,
            "eps_4q_growth_year": null,
            "roe": 1.91,
            "roe_4q": -21.51,
            "gross_profit": 81381,
            "gross_margin": 23.69,
            "gross_margin_4q_avg": 7.4,
            "net_income": 24666,
            "net_income_4q": null,
            "revenue": 343589,
            "revenue_4q": null,
            "common_shares": 1519021,
            "book_valuer_per_share": 8.52,
            "book_valuer_per_share_4q_avg": 9.32,
            "equity": 1305860,
            "current_ratio": 122.73,
            "debt_ratio": 38.5,
            "inventory_turnover_ratio": 1.13,
            "account_receivable_turnover_ratio": 0.68,
            "reinvestment_rate": null,
            "research_to_sale_ratio": 1.73,
            "price_fair": 20.07,
            "eps_avg_yearly": 0.57,
            "eps_latest_yearly": 0.6,
            "eps_growth_yearly": 365.52
        },
        "20102": {
            "year_quarter": 20102,
            "year": 2010,
            "quarter": 2,
            "eps": -0.06,
            "eps_growth_year": null,
            "eps_4q": -1.62,
            "eps_4q_growth_year": null,
            "roe": -0.75,
            "roe_4q": -21.85,
            "gross_profit": 60292,
            "gross_margin": 23.9,
            "gross_margin_4q_avg": 10.93,
            "net_income": -9743,
            "net_income_4q": null,
            "revenue": 252293,
            "revenue_4q": null,
            "common_shares": 1519021,
            "book_valuer_per_share": 8.49,
            "book_valuer_per_share_4q_avg": 8.85,
            "equity": 1300951,
            "current_ratio": 127.63,
            "debt_ratio": 39.11,
            "inventory_turnover_ratio": 0.89,
            "account_receivable_turnover_ratio": 0.5,
            "reinvestment_rate": null,
            "research_to_sale_ratio": 1.88,
            "price_fair": 25.2,
            "eps_avg_yearly": 0.72,
            "eps_latest_yearly": 0.6,
            "eps_growth_yearly": 700
        },
        "20103": {
            "year_quarter": 20103,
            "year": 2010,
            "quarter": 3,
            "eps": 0.01,
            "eps_growth_year": null,
            "eps_4q": -1.42,
            "eps_4q_growth_year": null,
            "roe": 0.11,
            "roe_4q": -18.92,
            "gross_profit": 60025,
            "gross_margin": 20.73,
            "gross_margin_4q_avg": 14.09,
            "net_income": 1397,
            "net_income_4q": null,
            "revenue": 289534,
            "revenue_4q": null,
            "common_shares": 1519021,
            "book_valuer_per_share": 8.48,
            "book_valuer_per_share_4q_avg": 8.46,
            "equity": 1298235,
            "current_ratio": 228.02,
            "debt_ratio": 40.07,
            "inventory_turnover_ratio": 0.88,
            "account_receivable_turnover_ratio": 0.67,
            "reinvestment_rate": null,
            "research_to_sale_ratio": 2.67,
            "price_fair": 21,
            "eps_avg_yearly": 0.6,
            "eps_latest_yearly": 0.6,
            "eps_growth_yearly": 600
        },
        "20104": {
            "year_quarter": 20104,
            "year": 2010,
            "quarter": 4,
            "eps": -0.36,
            "eps_growth_year": null,
            "eps_4q": -0.27,
            "eps_4q_growth_year": null,
            "roe": -4.87,
            "roe_4q": -3.5999999999999996,
            "gross_profit": 4612,
            "gross_margin": 1.21,
            "gross_margin_4q_avg": 17.38,
            "net_income": -73476,
            "net_income_4q": null,
            "revenue": 381355,
            "revenue_4q": null,
            "common_shares": 2019021,
            "book_valuer_per_share": 8.46,
            "book_valuer_per_share_4q_avg": 8.49,
            "equity": 1718462,
            "current_ratio": 273,
            "debt_ratio": 24.66,
            "inventory_turnover_ratio": 1.13,
            "account_receivable_turnover_ratio": 0.95,
            "reinvestment_rate": null,
            "research_to_sale_ratio": 3.74,
            "price_fair": 21,
            "eps_avg_yearly": 0.6,
            "eps_latest_yearly": 0.6,
            "eps_growth_yearly": 600
        },
        "20111": {
            "year_quarter": 20111,
            "year": 2011,
            "quarter": 1,
            "eps": 0.08,
            "eps_growth_year": -50,
            "eps_4q": -0.31,
            "eps_4q_growth_year": null,
            "roe": 0.96,
            "roe_4q": -4.550000000000001,
            "gross_profit": 59838,
            "gross_margin": 15,
            "gross_margin_4q_avg": 15.21,
            "net_income": 16651,
            "net_income_4q": null,
            "revenue": 398806,
            "revenue_4q": null,
            "common_shares": 2019021,
            "book_valuer_per_share": 8.56,
            "book_valuer_per_share_4q_avg": 8.5,
            "equity": 1739293,
            "current_ratio": 219.06,
            "debt_ratio": 30.1,
            "inventory_turnover_ratio": 0.85,
            "account_receivable_turnover_ratio": 0.91,
            "reinvestment_rate": null,
            "research_to_sale_ratio": 2.88,
            "price_fair": 21,
            "eps_avg_yearly": 0.6,
            "eps_latest_yearly": 0.6,
            "eps_growth_yearly": 600
        },
        "20112": {
            "year_quarter": 20112,
            "year": 2011,
            "quarter": 2,
            "eps": -0.03,
            "eps_growth_year": null,
            "eps_4q": -0.3,
            "eps_4q_growth_year": null,
            "roe": -0.41,
            "roe_4q": -4.21,
            "gross_profit": 53233,
            "gross_margin": 15.46,
            "gross_margin_4q_avg": 13.1,
            "net_income": -7035,
            "net_income_4q": null,
            "revenue": 344261,
            "revenue_4q": null,
            "common_shares": 2019021,
            "book_valuer_per_share": 8.52,
            "book_valuer_per_share_4q_avg": 8.51,
            "equity": 1729476,
            "current_ratio": 197.3,
            "debt_ratio": 31.82,
            "inventory_turnover_ratio": 0.67,
            "account_receivable_turnover_ratio": 0.6,
            "reinvestment_rate": null,
            "research_to_sale_ratio": 3.49,
            "price_fair": 21,
            "eps_avg_yearly": 0.6,
            "eps_latest_yearly": 0.6,
            "eps_growth_yearly": 600
        },
        "20113": {
            "year_quarter": 20113,
            "year": 2011,
            "quarter": 3,
            "eps": -0.25,
            "eps_growth_year": -2092.64,
            "eps_4q": -0.56,
            "eps_4q_growth_year": null,
            "roe": -2.97,
            "roe_4q": -7.290000000000001,
            "gross_profit": -25620,
            "gross_margin": -11.42,
            "gross_margin_4q_avg": 5.06,
            "net_income": -50901,
            "net_income_4q": null,
            "revenue": 224423,
            "revenue_4q": null,
            "common_shares": 2019021,
            "book_valuer_per_share": 8.36,
            "book_valuer_per_share_4q_avg": 8.48,
            "equity": 1697055,
            "current_ratio": 219.51,
            "debt_ratio": 29.42,
            "inventory_turnover_ratio": 0.54,
            "account_receivable_turnover_ratio": 0.45,
            "reinvestment_rate": null,
            "research_to_sale_ratio": 5.16,
            "price_fair": 21,
            "eps_avg_yearly": 0.6,
            "eps_latest_yearly": 0.6,
            "eps_growth_yearly": 600
        },
        "20114": {
            "year_quarter": 20114,
            "year": 2011,
            "quarter": 4,
            "eps": -0.38,
            "eps_growth_year": null,
            "eps_4q": -0.58,
            "eps_4q_growth_year": null,
            "roe": -4.69,
            "roe_4q": -7.11,
            "gross_profit": 11521,
            "gross_margin": 4,
            "gross_margin_4q_avg": 5.76,
            "net_income": -77737,
            "net_income_4q": null,
            "revenue": 288252,
            "revenue_4q": null,
            "common_shares": 2019021,
            "book_valuer_per_share": 7.97,
            "book_valuer_per_share_4q_avg": 8.35,
            "equity": 1617572,
            "current_ratio": 239.71,
            "debt_ratio": 29.59,
            "inventory_turnover_ratio": 0.59,
            "account_receivable_turnover_ratio": 0.86,
            "reinvestment_rate": null,
            "research_to_sale_ratio": 3.82,
            "price_fair": 0,
            "eps_avg_yearly": 0,
            "eps_latest_yearly": 0,
            "eps_growth_yearly": 0
        },
        "20121": {
            "year_quarter": 20121,
            "year": 2012,
            "quarter": 1,
            "eps": -0.16,
            "eps_growth_year": -300,
            "eps_4q": -0.82,
            "eps_4q_growth_year": null,
            "roe": -1.99,
            "roe_4q": -10.06,
            "gross_profit": 40914,
            "gross_margin": 13.69,
            "gross_margin_4q_avg": 5.43,
            "net_income": -31771,
            "net_income_4q": null,
            "revenue": 298828,
            "revenue_4q": null,
            "common_shares": 2019021,
            "book_valuer_per_share": 7.78,
            "book_valuer_per_share_4q_avg": 8.16,
            "equity": 1579452,
            "current_ratio": 224.76,
            "debt_ratio": 32.53,
            "inventory_turnover_ratio": 0.57,
            "account_receivable_turnover_ratio": 0.83,
            "reinvestment_rate": null,
            "research_to_sale_ratio": 3.6,
            "price_fair": 0,
            "eps_avg_yearly": 0,
            "eps_latest_yearly": 0,
            "eps_growth_yearly": 0
        },
        "20122": {
            "year_quarter": 20122,
            "year": 2012,
            "quarter": 2,
            "eps": -0.35,
            "eps_growth_year": null,
            "eps_4q": -1.14,
            "eps_4q_growth_year": null,
            "roe": -4.61,
            "roe_4q": -14.260000000000002,
            "gross_profit": -36761,
            "gross_margin": -17.07,
            "gross_margin_4q_avg": -2.7,
            "net_income": -71202,
            "net_income_4q": null,
            "revenue": 215292,
            "revenue_4q": null,
            "common_shares": 2019021,
            "book_valuer_per_share": 7.43,
            "book_valuer_per_share_4q_avg": 7.89,
            "equity": 1509131,
            "current_ratio": 218.38,
            "debt_ratio": 32.6,
            "inventory_turnover_ratio": 0.57,
            "account_receivable_turnover_ratio": 0.64,
            "reinvestment_rate": null,
            "research_to_sale_ratio": 3.99,
            "price_fair": 0,
            "eps_avg_yearly": 0,
            "eps_latest_yearly": 0,
            "eps_growth_yearly": 0
        },
        "20123": {
            "year_quarter": 20123,
            "year": 2012,
            "quarter": 3,
            "eps": -0.3,
            "eps_growth_year": null,
            "eps_4q": -1.19,
            "eps_4q_growth_year": null,
            "roe": -4.12,
            "roe_4q": -15.41,
            "gross_profit": -15392,
            "gross_margin": -7.94,
            "gross_margin_4q_avg": -1.83,
            "net_income": -60928,
            "net_income_4q": null,
            "revenue": 193944,
            "revenue_4q": null,
            "common_shares": 2019021,
            "book_valuer_per_share": 7.15,
            "book_valuer_per_share_4q_avg": 7.58,
            "equity": 1451758,
            "current_ratio": 345.05,
            "debt_ratio": 40.85,
            "inventory_turnover_ratio": 0.49,
            "account_receivable_turnover_ratio": 0.73,
            "reinvestment_rate": null,
            "research_to_sale_ratio": 1.18,
            "price_fair": 0,
            "eps_avg_yearly": 0,
            "eps_latest_yearly": 0,
            "eps_growth_yearly": 0
        },
        "20124": {
            "year_quarter": 20124,
            "year": 2012,
            "quarter": 4,
            "eps": -1.12,
            "eps_growth_year": null,
            "eps_4q": -1.93,
            "eps_4q_growth_year": null,
            "roe": -16.99,
            "roe_4q": -27.709999999999997,
            "gross_profit": -135522,
            "gross_margin": -63.63,
            "gross_margin_4q_avg": -18.74,
            "net_income": -227433,
            "net_income_4q": null,
            "revenue": 212990,
            "revenue_4q": null,
            "common_shares": 2019021,
            "book_valuer_per_share": 6.03,
            "book_valuer_per_share_4q_avg": 7.1,
            "equity": 1225591,
            "current_ratio": 209.91,
            "debt_ratio": 43.05,
            "inventory_turnover_ratio": 0.94,
            "account_receivable_turnover_ratio": 0.85,
            "reinvestment_rate": null,
            "research_to_sale_ratio": 2.22,
            "price_fair": 0,
            "eps_avg_yearly": 0,
            "eps_latest_yearly": 0,
            "eps_growth_yearly": 0
        },
        "20131": {
            "year_quarter": 20131,
            "year": 2013,
            "quarter": 1,
            "eps": 0.03,
            "eps_growth_year": null,
            "eps_4q": -1.75,
            "eps_4q_growth_year": null,
            "roe": 0.47,
            "roe_4q": -25.25,
            "gross_profit": 23952,
            "gross_margin": 9.49,
            "gross_margin_4q_avg": -19.79,
            "net_income": 5769,
            "net_income_4q": null,
            "revenue": 252268,
            "revenue_4q": null,
            "common_shares": 2019021,
            "book_valuer_per_share": 5.94,
            "book_valuer_per_share_4q_avg": 6.64,
            "equity": 1206951,
            "current_ratio": 223.06,
            "debt_ratio": 41.16,
            "inventory_turnover_ratio": 0.71,
            "account_receivable_turnover_ratio": 0.92,
            "reinvestment_rate": null,
            "research_to_sale_ratio": 1.81,
            "price_fair": 0,
            "eps_avg_yearly": 0,
            "eps_latest_yearly": 0,
            "eps_growth_yearly": 0
        },
        "20132": {
            "year_quarter": 20132,
            "year": 2013,
            "quarter": 2,
            "eps": -0.34,
            "eps_growth_year": null,
            "eps_4q": -1.74,
            "eps_4q_growth_year": null,
            "roe": -5.96,
            "roe_4q": -26.599999999999998,
            "gross_profit": 2676,
            "gross_margin": 1.14,
            "gross_margin_4q_avg": -15.24,
            "net_income": -69886,
            "net_income_4q": null,
            "revenue": 234348,
            "revenue_4q": null,
            "common_shares": 2019021,
            "book_valuer_per_share": 5.61,
            "book_valuer_per_share_4q_avg": 6.18,
            "equity": 1140134,
            "current_ratio": 212.94,
            "debt_ratio": 40.26,
            "inventory_turnover_ratio": 0.75,
            "account_receivable_turnover_ratio": 0.85,
            "reinvestment_rate": null,
            "research_to_sale_ratio": 1.88,
            "price_fair": 0,
            "eps_avg_yearly": 0,
            "eps_latest_yearly": 0,
            "eps_growth_yearly": 0
        },
        "20133": {
            "year_quarter": 20133,
            "year": 2013,
            "quarter": 3,
            "eps": -0.09,
            "eps_growth_year": null,
            "eps_4q": -2.5,
            "eps_4q_growth_year": null,
            "roe": -0.99,
            "roe_4q": -23.47,
            "gross_profit": 15794,
            "gross_margin": 8.2,
            "gross_margin_4q_avg": -11.2,
            "net_income": -11179,
            "net_income_4q": null,
            "revenue": 192710,
            "revenue_4q": null,
            "common_shares": 1203064,
            "book_valuer_per_share": 9.31,
            "book_valuer_per_share_4q_avg": 6.72,
            "equity": 1126935,
            "current_ratio": 266.91,
            "debt_ratio": 40.31,
            "inventory_turnover_ratio": 0.61,
            "account_receivable_turnover_ratio": 0.79,
            "reinvestment_rate": null,
            "research_to_sale_ratio": 1.85,
            "price_fair": 0,
            "eps_avg_yearly": 0,
            "eps_latest_yearly": 0,
            "eps_growth_yearly": 0
        },
        "20134": {
            "year_quarter": 20134,
            "year": 2013,
            "quarter": 4,
            "eps": -0.07,
            "eps_growth_year": null,
            "eps_4q": -0.69,
            "eps_4q_growth_year": null,
            "roe": -0.79,
            "roe_4q": -7.2700000000000005,
            "gross_profit": 10539,
            "gross_margin": 5.16,
            "gross_margin_4q_avg": 6,
            "net_income": -8867,
            "net_income_4q": null,
            "revenue": 204181,
            "revenue_4q": null,
            "common_shares": 1203064,
            "book_valuer_per_share": 9.3,
            "book_valuer_per_share_4q_avg": 7.54,
            "equity": 1124611,
            "current_ratio": 266.9,
            "debt_ratio": 39.13,
            "inventory_turnover_ratio": 0.76,
            "account_receivable_turnover_ratio": 0.82,
            "reinvestment_rate": null,
            "research_to_sale_ratio": 1.28,
            "price_fair": 0,
            "eps_avg_yearly": 0,
            "eps_latest_yearly": 0,
            "eps_growth_yearly": 0
        },
        "20141": {
            "year_quarter": 20141,
            "year": 2014,
            "quarter": 1,
            "eps": -0.08,
            "eps_growth_year": -366.67,
            "eps_4q": -0.82,
            "eps_4q_growth_year": null,
            "roe": -0.94,
            "roe_4q": -8.68,
            "gross_profit": 20493,
            "gross_margin": 12.87,
            "gross_margin_4q_avg": 6.84,
            "net_income": -10574,
            "net_income_4q": null,
            "revenue": 159214,
            "revenue_4q": null,
            "common_shares": 1203064,
            "book_valuer_per_share": 9.21,
            "book_valuer_per_share_4q_avg": 8.36,
            "equity": 1113424,
            "current_ratio": 387.25,
            "debt_ratio": 38.18,
            "inventory_turnover_ratio": 0.65,
            "account_receivable_turnover_ratio": 0.61,
            "reinvestment_rate": null,
            "research_to_sale_ratio": 1.69,
            "price_fair": 0,
            "eps_avg_yearly": 0,
            "eps_latest_yearly": 0,
            "eps_growth_yearly": 0
        },
        "20142": {
            "year_quarter": 20142,
            "year": 2014,
            "quarter": 2,
            "eps": -0.24,
            "eps_growth_year": null,
            "eps_4q": -0.49,
            "eps_4q_growth_year": null,
            "roe": -2.71,
            "roe_4q": -5.43,
            "gross_profit": 10826,
            "gross_margin": 7.85,
            "gross_margin_4q_avg": 8.52,
            "net_income": -29725,
            "net_income_4q": null,
            "revenue": 137886,
            "revenue_4q": null,
            "common_shares": 1203064,
            "book_valuer_per_share": 8.94,
            "book_valuer_per_share_4q_avg": 9.19,
            "equity": 1080695,
            "current_ratio": 276.06,
            "debt_ratio": 39.15,
            "inventory_turnover_ratio": 0.66,
            "account_receivable_turnover_ratio": 0.63,
            "reinvestment_rate": null,
            "research_to_sale_ratio": 2,
            "price_fair": 0,
            "eps_avg_yearly": 0,
            "eps_latest_yearly": 0,
            "eps_growth_yearly": 0
        },
        "20143": {
            "year_quarter": 20143,
            "year": 2014,
            "quarter": 3,
            "eps": -0.07,
            "eps_growth_year": null,
            "eps_4q": -0.48,
            "eps_4q_growth_year": null,
            "roe": -0.88,
            "roe_4q": -5.319999999999999,
            "gross_profit": 35822,
            "gross_margin": 15.58,
            "gross_margin_4q_avg": 10.37,
            "net_income": -9462,
            "net_income_4q": null,
            "revenue": 229943,
            "revenue_4q": null,
            "common_shares": 1203064,
            "book_valuer_per_share": 8.9,
            "book_valuer_per_share_4q_avg": 9.09,
            "equity": 1075515,
            "current_ratio": 270.43,
            "debt_ratio": 40.34,
            "inventory_turnover_ratio": 1.04,
            "account_receivable_turnover_ratio": 1.08,
            "reinvestment_rate": null,
            "research_to_sale_ratio": 1.16,
            "price_fair": 0,
            "eps_avg_yearly": 0,
            "eps_latest_yearly": 0,
            "eps_growth_yearly": 0
        },
        "20144": {
            "year_quarter": 20144,
            "year": 2014,
            "quarter": 4,
            "eps": -0.53,
            "eps_growth_year": null,
            "eps_4q": -0.94,
            "eps_4q_growth_year": null,
            "roe": -6.57,
            "roe_4q": -11.1,
            "gross_profit": -10207,
            "gross_margin": -4.85,
            "gross_margin_4q_avg": 7.86,
            "net_income": -68442,
            "net_income_4q": null,
            "revenue": 210579,
            "revenue_4q": null,
            "common_shares": 1203064,
            "book_valuer_per_share": 8.37,
            "book_valuer_per_share_4q_avg": 8.86,
            "equity": 1007634,
            "current_ratio": 249.68,
            "debt_ratio": 42.92,
            "inventory_turnover_ratio": 1.32,
            "account_receivable_turnover_ratio": 0.81,
            "reinvestment_rate": null,
            "research_to_sale_ratio": 1.18,
            "price_fair": 0,
            "eps_avg_yearly": 0,
            "eps_latest_yearly": 0,
            "eps_growth_yearly": 0
        },
        "20151": {
            "year_quarter": 20151,
            "year": 2015,
            "quarter": 1,
            "eps": 0.06,
            "eps_growth_year": null,
            "eps_4q": -0.8,
            "eps_4q_growth_year": null,
            "roe": 0.66,
            "roe_4q": -9.5,
            "gross_profit": 39415,
            "gross_margin": 20.16,
            "gross_margin_4q_avg": 9.69,
            "net_income": 6623,
            "net_income_4q": null,
            "revenue": 195556,
            "revenue_4q": null,
            "common_shares": 1203064,
            "book_valuer_per_share": 8.42,
            "book_valuer_per_share_4q_avg": 8.66,
            "equity": 1012978,
            "current_ratio": 294.71,
            "debt_ratio": 40.18,
            "inventory_turnover_ratio": 1.12,
            "account_receivable_turnover_ratio": 0.73,
            "reinvestment_rate": null,
            "research_to_sale_ratio": 1.22,
            "price_fair": 0,
            "eps_avg_yearly": 0,
            "eps_latest_yearly": 0,
            "eps_growth_yearly": 0
        },
        "20152": {
            "year_quarter": 20152,
            "year": 2015,
            "quarter": 2,
            "eps": -0.25,
            "eps_growth_year": null,
            "eps_4q": -0.8,
            "eps_4q_growth_year": null,
            "roe": -3.03,
            "roe_4q": -9.82,
            "gross_profit": 8930,
            "gross_margin": 5.84,
            "gross_margin_4q_avg": 9.18,
            "net_income": -30218,
            "net_income_4q": null,
            "revenue": 152955,
            "revenue_4q": null,
            "common_shares": 1203064,
            "book_valuer_per_share": 8.15,
            "book_valuer_per_share_4q_avg": 8.46,
            "equity": 980274,
            "current_ratio": 267.41,
            "debt_ratio": 41.68,
            "inventory_turnover_ratio": 0.99,
            "account_receivable_turnover_ratio": 0.67,
            "reinvestment_rate": null,
            "research_to_sale_ratio": 1.59,
            "price_fair": 0,
            "eps_avg_yearly": 0,
            "eps_latest_yearly": 0,
            "eps_growth_yearly": 0
        },
        "20153": {
            "year_quarter": 20153,
            "year": 2015,
            "quarter": 3,
            "eps": -0.18,
            "eps_growth_year": null,
            "eps_4q": -0.91,
            "eps_4q_growth_year": null,
            "roe": -2.25,
            "roe_4q": -11.19,
            "gross_profit": 29402,
            "gross_margin": 13.79,
            "gross_margin_4q_avg": 8.74,
            "net_income": -21923,
            "net_income_4q": null,
            "revenue": 213173,
            "revenue_4q": null,
            "common_shares": 1203064,
            "book_valuer_per_share": 8.02,
            "book_valuer_per_share_4q_avg": 8.24,
            "equity": 965202,
            "current_ratio": 264.54,
            "debt_ratio": 43.8,
            "inventory_turnover_ratio": 1.18,
            "account_receivable_turnover_ratio": 0.93,
            "reinvestment_rate": null,
            "research_to_sale_ratio": 0.94,
            "price_fair": 0,
            "eps_avg_yearly": 0,
            "eps_latest_yearly": 0,
            "eps_growth_yearly": 0
        },
        "20154": {
            "year_quarter": 20154,
            "year": 2015,
            "quarter": 4,
            "eps": -0.35,
            "eps_growth_year": null,
            "eps_4q": -0.73,
            "eps_4q_growth_year": null,
            "roe": -4.17,
            "roe_4q": -8.79,
            "gross_profit": 14297,
            "gross_margin": 9.22,
            "gross_margin_4q_avg": 12.25,
            "net_income": -39282,
            "net_income_4q": null,
            "revenue": 155127,
            "revenue_4q": null,
            "common_shares": 1203064,
            "book_valuer_per_share": 7.61,
            "book_valuer_per_share_4q_avg": 8.05,
            "equity": 919307,
            "current_ratio": 280.51,
            "debt_ratio": 43.89,
            "inventory_turnover_ratio": 0.89,
            "account_receivable_turnover_ratio": 0.64,
            "reinvestment_rate": null,
            "research_to_sale_ratio": 1.52,
            "price_fair": 0,
            "eps_avg_yearly": 0,
            "eps_latest_yearly": 0,
            "eps_growth_yearly": 0
        },
        "20161": {
            "year_quarter": 20161,
            "year": 2016,
            "quarter": 1,
            "eps": -0.04,
            "eps_growth_year": -166.67,
            "eps_4q": -0.82,
            "eps_4q_growth_year": null,
            "roe": -0.46,
            "roe_4q": -9.91,
            "gross_profit": 35868,
            "gross_margin": 18.21,
            "gross_margin_4q_avg": 11.77,
            "net_income": -4222,
            "net_income_4q": null,
            "revenue": 196951,
            "revenue_4q": null,
            "common_shares": 1203064,
            "book_valuer_per_share": 7.57,
            "book_valuer_per_share_4q_avg": 7.84,
            "equity": 914208,
            "current_ratio": 108.21,
            "debt_ratio": 43.59,
            "inventory_turnover_ratio": 0.97,
            "account_receivable_turnover_ratio": 0.87,
            "reinvestment_rate": null,
            "research_to_sale_ratio": 1.55,
            "price_fair": 0,
            "eps_avg_yearly": 0,
            "eps_latest_yearly": 0,
            "eps_growth_yearly": 0
        },
        "20162": {
            "year_quarter": 20162,
            "year": 2016,
            "quarter": 2,
            "eps": -0.31,
            "eps_growth_year": null,
            "eps_4q": -0.89,
            "eps_4q_growth_year": null,
            "roe": -4.13,
            "roe_4q": -11.01,
            "gross_profit": 13085,
            "gross_margin": 9.07,
            "gross_margin_4q_avg": 12.57,
            "net_income": -36924,
            "net_income_4q": null,
            "revenue": 144257,
            "revenue_4q": null,
            "common_shares": 1203064,
            "book_valuer_per_share": 7.22,
            "book_valuer_per_share_4q_avg": 7.61,
            "equity": 873467,
            "current_ratio": 96.72,
            "debt_ratio": 44.05,
            "inventory_turnover_ratio": 0.82,
            "account_receivable_turnover_ratio": 0.69,
            "reinvestment_rate": null,
            "research_to_sale_ratio": 1.52,
            "price_fair": 0,
            "eps_avg_yearly": 0,
            "eps_latest_yearly": 0,
            "eps_growth_yearly": 0
        },
        "20163": {
            "year_quarter": 20163,
            "year": 2016,
            "quarter": 3,
            "eps": -0.91,
            "eps_growth_year": null,
            "eps_4q": -1.61,
            "eps_4q_growth_year": null,
            "roe": -13.59,
            "roe_4q": -22.35,
            "gross_profit": -7594,
            "gross_margin": -6.55,
            "gross_margin_4q_avg": 7.49,
            "net_income": -110636,
            "net_income_4q": null,
            "revenue": 115972,
            "revenue_4q": null,
            "common_shares": 1203064,
            "book_valuer_per_share": 6.28,
            "book_valuer_per_share_4q_avg": 7.17,
            "equity": 755105,
            "current_ratio": 76.39,
            "debt_ratio": 42.39,
            "inventory_turnover_ratio": 0.85,
            "account_receivable_turnover_ratio": 0.68,
            "reinvestment_rate": null,
            "research_to_sale_ratio": 1.91,
            "price_fair": 0,
            "eps_avg_yearly": 0,
            "eps_latest_yearly": 0,
            "eps_growth_yearly": 0
        },
        "20164": {
            "year_quarter": 20164,
            "year": 2016,
            "quarter": 4,
            "eps": -0.34,
            "eps_growth_year": null,
            "eps_4q": -1.6,
            "eps_4q_growth_year": null,
            "roe": -5.5,
            "roe_4q": -23.68,
            "gross_profit": 10651,
            "gross_margin": 8.52,
            "gross_margin_4q_avg": 7.31,
            "net_income": -40372,
            "net_income_4q": null,
            "revenue": 125024,
            "revenue_4q": null,
            "common_shares": 1203064,
            "book_valuer_per_share": 5.92,
            "book_valuer_per_share_4q_avg": 6.75,
            "equity": 712231,
            "current_ratio": 240.15,
            "debt_ratio": 50.05,
            "inventory_turnover_ratio": 0.8,
            "account_receivable_turnover_ratio": 0.83,
            "reinvestment_rate": null,
            "research_to_sale_ratio": 1.92,
            "price_fair": 0,
            "eps_avg_yearly": 0,
            "eps_latest_yearly": 0,
            "eps_growth_yearly": 0
        },
        "20171": {
            "year_quarter": 20171,
            "year": 2017,
            "quarter": 1,
            "eps": -0.05,
            "eps_growth_year": null,
            "eps_4q": -1.61,
            "eps_4q_growth_year": null,
            "roe": -0.86,
            "roe_4q": -24.08,
            "gross_profit": 36271,
            "gross_margin": 21.54,
            "gross_margin_4q_avg": 8.15,
            "net_income": -6096,
            "net_income_4q": null,
            "revenue": 168371,
            "revenue_4q": null,
            "common_shares": 1203064,
            "book_valuer_per_share": 5.8,
            "book_valuer_per_share_4q_avg": 6.31,
            "equity": 698303,
            "current_ratio": 206.38,
            "debt_ratio": 51.66,
            "inventory_turnover_ratio": 0.87,
            "account_receivable_turnover_ratio": 1.07,
            "reinvestment_rate": null,
            "research_to_sale_ratio": 1.35,
            "price_fair": 0,
            "eps_avg_yearly": 0,
            "eps_latest_yearly": 0,
            "eps_growth_yearly": 0
        },
        "20172": {
            "year_quarter": 20172,
            "year": 2017,
            "quarter": 2,
            "eps": -0.32,
            "eps_growth_year": null,
            "eps_4q": -1.62,
            "eps_4q_growth_year": null,
            "roe": -5.74,
            "roe_4q": -25.69,
            "gross_profit": 3734,
            "gross_margin": 2.63,
            "gross_margin_4q_avg": 6.54,
            "net_income": -39087,
            "net_income_4q": null,
            "revenue": 141769,
            "revenue_4q": null,
            "common_shares": 1203064,
            "book_valuer_per_share": 5.51,
            "book_valuer_per_share_4q_avg": 5.88,
            "equity": 663184,
            "current_ratio": 179.88,
            "debt_ratio": 53.79,
            "inventory_turnover_ratio": 0.9,
            "account_receivable_turnover_ratio": 0.89,
            "reinvestment_rate": null,
            "research_to_sale_ratio": 1.75,
            "price_fair": 0,
            "eps_avg_yearly": 0,
            "eps_latest_yearly": 0,
            "eps_growth_yearly": 0
        },
        "20173": {
            "year_quarter": 20173,
            "year": 2017,
            "quarter": 3,
            "eps": -0.32,
            "eps_growth_year": null,
            "eps_4q": -1.33,
            "eps_4q_growth_year": null,
            "roe": -4.14,
            "roe_4q": -16.24,
            "gross_profit": 8950,
            "gross_margin": 6.06,
            "gross_margin_4q_avg": 9.69,
            "net_income": -26958,
            "net_income_4q": null,
            "revenue": 147663,
            "revenue_4q": null,
            "common_shares": 843000,
            "book_valuer_per_share": 7.59,
            "book_valuer_per_share_4q_avg": 6.21,
            "equity": 639541,
            "current_ratio": 205.58,
            "debt_ratio": 54.64,
            "inventory_turnover_ratio": 0.93,
            "account_receivable_turnover_ratio": 0.98,
            "reinvestment_rate": null,
            "research_to_sale_ratio": 1.6,
            "price_fair": 0,
            "eps_avg_yearly": 0,
            "eps_latest_yearly": 0,
            "eps_growth_yearly": 0
        },
        "20174": {
            "year_quarter": 20174,
            "year": 2017,
            "quarter": 4,
            "eps": -0.38,
            "eps_growth_year": null,
            "eps_4q": -1.23,
            "eps_4q_growth_year": null,
            "roe": -5.08,
            "roe_4q": -15.819999999999999,
            "gross_profit": 6028,
            "gross_margin": 4.44,
            "gross_margin_4q_avg": 8.67,
            "net_income": -31682,
            "net_income_4q": null,
            "revenue": 135881,
            "revenue_4q": null,
            "common_shares": 843000,
            "book_valuer_per_share": 7.22,
            "book_valuer_per_share_4q_avg": 6.53,
            "equity": 608716,
            "current_ratio": 173,
            "debt_ratio": 57.3,
            "inventory_turnover_ratio": 0.76,
            "account_receivable_turnover_ratio": 0.95,
            "reinvestment_rate": null,
            "research_to_sale_ratio": 2,
            "price_fair": 0,
            "eps_avg_yearly": 0,
            "eps_latest_yearly": 0,
            "eps_growth_yearly": 0
        },
        "20181": {
            "year_quarter": 20181,
            "year": 2018,
            "quarter": 1,
            "eps": -0.18,
            "eps_growth_year": null,
            "eps_4q": -1.34,
            "eps_4q_growth_year": null,
            "roe": -2.46,
            "roe_4q": -17.42,
            "gross_profit": 14841,
            "gross_margin": 8.19,
            "gross_margin_4q_avg": 5.33,
            "net_income": -14820,
            "net_income_4q": null,
            "revenue": 181184,
            "revenue_4q": null,
            "common_shares": 843000,
            "book_valuer_per_share": 7.06,
            "book_valuer_per_share_4q_avg": 6.85,
            "equity": 594981,
            "current_ratio": 143.42,
            "debt_ratio": 60.99,
            "inventory_turnover_ratio": 0.87,
            "account_receivable_turnover_ratio": 1.21,
            "reinvestment_rate": null,
            "research_to_sale_ratio": 1.36,
            "price_fair": 0,
            "eps_avg_yearly": 0,
            "eps_latest_yearly": 0,
            "eps_growth_yearly": 0
        },
        "20182": {
            "year_quarter": 20182,
            "year": 2018,
            "quarter": 2,
            "eps": -0.45,
            "eps_growth_year": null,
            "eps_4q": -1.33,
            "eps_4q_growth_year": null,
            "roe": -6.66,
            "roe_4q": -18.34,
            "gross_profit": 8798,
            "gross_margin": 4.56,
            "gross_margin_4q_avg": 5.81,
            "net_income": -38500,
            "net_income_4q": null,
            "revenue": 192748,
            "revenue_4q": null,
            "common_shares": 843000,
            "book_valuer_per_share": 6.65,
            "book_valuer_per_share_4q_avg": 7.13,
            "equity": 560702,
            "current_ratio": 122.53,
            "debt_ratio": 73.31,
            "inventory_turnover_ratio": 0.91,
            "account_receivable_turnover_ratio": 1.07,
            "reinvestment_rate": null,
            "research_to_sale_ratio": 1.31,
            "price_fair": 0,
            "eps_avg_yearly": 0,
            "eps_latest_yearly": 0,
            "eps_growth_yearly": 0
        },
        "20183": {
            "year_quarter": 20183,
            "year": 2018,
            "quarter": 3,
            "eps": 3.12,
            "eps_growth_year": null,
            "eps_4q": 2.12,
            "eps_4q_growth_year": null,
            "roe": 38.44,
            "roe_4q": 24.239999999999995,
            "gross_profit": 17004,
            "gross_margin": 7.08,
            "gross_margin_4q_avg": 6.07,
            "net_income": 263339,
            "net_income_4q": null,
            "revenue": 240082,
            "revenue_4q": null,
            "common_shares": 843000,
            "book_valuer_per_share": 9.6,
            "book_valuer_per_share_4q_avg": 7.63,
            "equity": 809544,
            "current_ratio": 209.69,
            "debt_ratio": 55.8,
            "inventory_turnover_ratio": 1.05,
            "account_receivable_turnover_ratio": 1.03,
            "reinvestment_rate": null,
            "research_to_sale_ratio": 0.85,
            "price_fair": 0,
            "eps_avg_yearly": 0,
            "eps_latest_yearly": 0,
            "eps_growth_yearly": 0
        },
        "20184": {
            "year_quarter": 20184,
            "year": 2018,
            "quarter": 4,
            "eps": -0.33,
            "eps_growth_year": null,
            "eps_4q": 2.16,
            "eps_4q_growth_year": null,
            "roe": -3.45,
            "roe_4q": 25.869999999999994,
            "gross_profit": 20697,
            "gross_margin": 8.44,
            "gross_margin_4q_avg": 7.07,
            "net_income": -27574,
            "net_income_4q": null,
            "revenue": 245244,
            "revenue_4q": null,
            "common_shares": 843000,
            "book_valuer_per_share": 9.35,
            "book_valuer_per_share_4q_avg": 8.17,
            "equity": 788543,
            "current_ratio": 178.82,
            "debt_ratio": 56.54,
            "inventory_turnover_ratio": 1.04,
            "account_receivable_turnover_ratio": 0.87,
            "reinvestment_rate": null,
            "research_to_sale_ratio": 0.89,
            "price_fair": 0,
            "eps_avg_yearly": 0,
            "eps_latest_yearly": 0,
            "eps_growth_yearly": 0
        },
        "20191": {
            "year_quarter": 20191,
            "year": 2019,
            "quarter": 1,
            "eps": -0.02,
            "eps_growth_year": null,
            "eps_4q": 2.32,
            "eps_4q_growth_year": null,
            "roe": -0.19,
            "roe_4q": 28.139999999999997,
            "gross_profit": 36597,
            "gross_margin": 16.17,
            "gross_margin_4q_avg": 9.06,
            "net_income": -1477,
            "net_income_4q": null,
            "revenue": 226261,
            "revenue_4q": null,
            "common_shares": 843000,
            "book_valuer_per_share": 9.46,
            "book_valuer_per_share_4q_avg": 8.77,
            "equity": 797869,
            "current_ratio": 148.24,
            "debt_ratio": 53.95,
            "inventory_turnover_ratio": 0.88,
            "account_receivable_turnover_ratio": 0.82,
            "reinvestment_rate": null,
            "research_to_sale_ratio": 0.79,
            "price_fair": 0,
            "eps_avg_yearly": 0,
            "eps_latest_yearly": 0,
            "eps_growth_yearly": 0
        },
        "20192": {
            "year_quarter": 20192,
            "year": 2019,
            "quarter": 2,
            "eps": 0.11,
            "eps_growth_year": null,
            "eps_4q": 2.89,
            "eps_4q_growth_year": null,
            "roe": 1.2,
            "roe_4q": 36,
            "gross_profit": 45135,
            "gross_margin": 18.42,
            "gross_margin_4q_avg": 12.53,
            "net_income": 9618,
            "net_income_4q": null,
            "revenue": 245041,
            "revenue_4q": null,
            "common_shares": 843000,
            "book_valuer_per_share": 9.52,
            "book_valuer_per_share_4q_avg": 9.48,
            "equity": 802132,
            "current_ratio": 166.32,
            "debt_ratio": 51.54,
            "inventory_turnover_ratio": 0.95,
            "account_receivable_turnover_ratio": 0.92,
            "reinvestment_rate": null,
            "research_to_sale_ratio": 0.91,
            "price_fair": 0,
            "eps_avg_yearly": 0,
            "eps_latest_yearly": 0,
            "eps_growth_yearly": 0
        },
        "20193": {
            "year_quarter": 20193,
            "year": 2019,
            "quarter": 3,
            "eps": 0.15,
            "eps_growth_year": -95.19,
            "eps_4q": -0.08,
            "eps_4q_growth_year": -103.98,
            "roe": 1.53,
            "roe_4q": -0.9100000000000001,
            "gross_profit": 36426,
            "gross_margin": 15.32,
            "gross_margin_4q_avg": 14.59,
            "net_income": 12336,
            "net_income_4q": null,
            "revenue": 237711,
            "revenue_4q": null,
            "common_shares": 843000,
            "book_valuer_per_share": 9.57,
            "book_valuer_per_share_4q_avg": 9.48,
            "equity": 806412,
            "current_ratio": 165.43,
            "debt_ratio": 51.03,
            "inventory_turnover_ratio": 0.99,
            "account_receivable_turnover_ratio": 0.9,
            "reinvestment_rate": null,
            "research_to_sale_ratio": 0.82,
            "price_fair": 21,
            "eps_avg_yearly": 0.6,
            "eps_latest_yearly": 0.6,
            "eps_growth_yearly": 145.45
        },
        "20194": {
            "year_quarter": 20194,
            "year": 2019,
            "quarter": 4,
            "eps": 0.05,
            "eps_growth_year": null,
            "eps_4q": 0.3,
            "eps_4q_growth_year": -86.26,
            "roe": 0.57,
            "roe_4q": 3.11,
            "gross_profit": 37047,
            "gross_margin": 14.23,
            "gross_margin_4q_avg": 16.04,
            "net_income": 4585,
            "net_income_4q": null,
            "revenue": 260298,
            "revenue_4q": null,
            "common_shares": 843000,
            "book_valuer_per_share": 9.52,
            "book_valuer_per_share_4q_avg": 9.52,
            "equity": 802751,
            "current_ratio": 133.16,
            "debt_ratio": 53.36,
            "inventory_turnover_ratio": 1.08,
            "account_receivable_turnover_ratio": 0.97,
            "reinvestment_rate": null,
            "research_to_sale_ratio": 0.91,
            "price_fair": 1.2,
            "eps_avg_yearly": 0.4,
            "eps_latest_yearly": 0.2,
            "eps_growth_yearly": -60.61
        },
        "20201": {
            "year_quarter": 20201,
            "year": 2020,
            "quarter": 1,
            "eps": 0.1,
            "eps_growth_year": null,
            "eps_4q": 0.42,
            "eps_4q_growth_year": -82.1,
            "roe": 1.06,
            "roe_4q": 4.36,
            "gross_profit": 39380,
            "gross_margin": 16.45,
            "gross_margin_4q_avg": 16.11,
            "net_income": 8502,
            "net_income_4q": null,
            "revenue": 239453,
            "revenue_4q": null,
            "common_shares": 843000,
            "book_valuer_per_share": 9.56,
            "book_valuer_per_share_4q_avg": 9.54,
            "equity": 805534,
            "current_ratio": 152.28,
            "debt_ratio": 54.3,
            "inventory_turnover_ratio": 0.88,
            "account_receivable_turnover_ratio": 0.87,
            "reinvestment_rate": null,
            "research_to_sale_ratio": 0.82,
            "price_fair": 14,
            "eps_avg_yearly": 0.4,
            "eps_latest_yearly": 0.4,
            "eps_growth_yearly": 92.93
        },
        "20202": {
            "year_quarter": 20202,
            "year": 2020,
            "quarter": 2,
            "eps": -0.07,
            "eps_growth_year": -163.64,
            "eps_4q": 0.23,
            "eps_4q_growth_year": -92,
            "roe": -0.74,
            "roe_4q": 2.42,
            "gross_profit": 26560,
            "gross_margin": 10.07,
            "gross_margin_4q_avg": 14.02,
            "net_income": -5920,
            "net_income_4q": null,
            "revenue": 263665,
            "revenue_4q": null,
            "common_shares": 843000,
            "book_valuer_per_share": 9.39,
            "book_valuer_per_share_4q_avg": 9.51,
            "equity": 791408,
            "current_ratio": 139.73,
            "debt_ratio": 54.96,
            "inventory_turnover_ratio": 1.02,
            "account_receivable_turnover_ratio": 0.92,
            "reinvestment_rate": null,
            "research_to_sale_ratio": 0.99,
            "price_fair": 14,
            "eps_avg_yearly": 0.4,
            "eps_latest_yearly": 0.4,
            "eps_growth_yearly": 92.93
        },
        "20203": {
            "year_quarter": 20203,
            "year": 2020,
            "quarter": 3,
            "eps": -0.11,
            "eps_growth_year": -173.33,
            "eps_4q": -0.02,
            "eps_4q_growth_year": null,
            "roe": -1.13,
            "roe_4q": -0.23999999999999988,
            "gross_profit": 30569,
            "gross_margin": 12.43,
            "gross_margin_4q_avg": 13.3,
            "net_income": -8914,
            "net_income_4q": null,
            "revenue": 245837,
            "revenue_4q": null,
            "common_shares": 843000,
            "book_valuer_per_share": 9.32,
            "book_valuer_per_share_4q_avg": 9.45,
            "equity": 785758,
            "current_ratio": 146.96,
            "debt_ratio": 56.13,
            "inventory_turnover_ratio": 1,
            "account_receivable_turnover_ratio": 0.8,
            "reinvestment_rate": 152.58,
            "research_to_sale_ratio": 1.31,
            "price_fair": 14,
            "eps_avg_yearly": 0.4,
            "eps_latest_yearly": 0.4,
            "eps_growth_yearly": 92.93
        },
        "20204": {
            "year_quarter": 20204,
            "year": 2020,
            "quarter": 4,
            "eps": -0.2,
            "eps_growth_year": -464.43,
            "eps_4q": -0.27,
            "eps_4q_growth_year": -191.94,
            "roe": -2.15,
            "roe_4q": -2.9599999999999995,
            "gross_profit": 51678,
            "gross_margin": 16.61,
            "gross_margin_4q_avg": 13.89,
            "net_income": -16709,
            "net_income_4q": null,
            "revenue": 311139,
            "revenue_4q": null,
            "common_shares": 843000,
            "book_valuer_per_share": 9.16,
            "book_valuer_per_share_4q_avg": 9.36,
            "equity": 771847,
            "current_ratio": 115.07,
            "debt_ratio": 57.35,
            "inventory_turnover_ratio": 1.18,
            "account_receivable_turnover_ratio": 0.97,
            "reinvestment_rate": 110.28,
            "research_to_sale_ratio": 1.21,
            "price_fair": 14,
            "eps_avg_yearly": 0.4,
            "eps_latest_yearly": 0.4,
            "eps_growth_yearly": 92.93
        },
        "20211": {
            "year_quarter": 20211,
            "year": 2021,
            "quarter": 1,
            "eps": 0.29,
            "eps_growth_year": 190,
            "eps_4q": -0.09,
            "eps_4q_growth_year": -121.14,
            "roe": 3.07,
            "roe_4q": -0.95,
            "gross_profit": 62703,
            "gross_margin": 19.1,
            "gross_margin_4q_avg": 14.55,
            "net_income": 24134,
            "net_income_4q": null,
            "revenue": 328360,
            "revenue_4q": null,
            "common_shares": 843000,
            "book_valuer_per_share": 9.48,
            "book_valuer_per_share_4q_avg": 9.34,
            "equity": 799403,
            "current_ratio": 116.89,
            "debt_ratio": 57.84,
            "inventory_turnover_ratio": 1.03,
            "account_receivable_turnover_ratio": 0.98,
            "reinvestment_rate": 16.15,
            "research_to_sale_ratio": 0.83,
            "price_fair": 14,
            "eps_avg_yearly": 0.4,
            "eps_latest_yearly": 0.4,
            "eps_growth_yearly": 92.93
        },
        "20212": {
            "year_quarter": 20212,
            "year": 2021,
            "quarter": 2,
            "eps": 0.21,
            "eps_growth_year": null,
            "eps_4q": 0.19,
            "eps_4q_growth_year": -17.86,
            "roe": 2.16,
            "roe_4q": 1.9500000000000006,
            "gross_profit": 61788,
            "gross_margin": 15.48,
            "gross_margin_4q_avg": 15.91,
            "net_income": 17508,
            "net_income_4q": null,
            "revenue": 399176,
            "revenue_4q": null,
            "common_shares": 843000,
            "book_valuer_per_share": 9.72,
            "book_valuer_per_share_4q_avg": 9.42,
            "equity": 819743,
            "current_ratio": 118.07,
            "debt_ratio": 57.72,
            "inventory_turnover_ratio": 1.16,
            "account_receivable_turnover_ratio": 1.11,
            "reinvestment_rate": -8.5,
            "research_to_sale_ratio": 1.96,
            "price_fair": 17.85,
            "eps_avg_yearly": 0.51,
            "eps_latest_yearly": 0.84,
            "eps_growth_yearly": 42.11
        },
        "20213": {
            "year_quarter": 20213,
            "year": 2021,
            "quarter": 3,
            "eps": 0.13,
            "eps_growth_year": null,
            "eps_4q": 0.43,
            "eps_4q_growth_year": null,
            "roe": 1.36,
            "roe_4q": 4.4399999999999995,
            "gross_profit": 51132,
            "gross_margin": 14.79,
            "gross_margin_4q_avg": 16.5,
            "net_income": 11183,
            "net_income_4q": null,
            "revenue": 345622,
            "revenue_4q": null,
            "common_shares": 843000,
            "book_valuer_per_share": 9.85,
            "book_valuer_per_share_4q_avg": 9.55,
            "equity": 829937,
            "current_ratio": 120.89,
            "debt_ratio": 55.8,
            "inventory_turnover_ratio": 1,
            "account_receivable_turnover_ratio": 0.99,
            "reinvestment_rate": -10.4,
            "research_to_sale_ratio": 1.61,
            "price_fair": 6.76,
            "eps_avg_yearly": 0.51,
            "eps_latest_yearly": 0.52,
            "eps_growth_yearly": 3.21
        },
        "20214": {
            "year_quarter": 20214,
            "year": 2021,
            "quarter": 4,
            "eps": -0.11,
            "eps_growth_year": null,
            "eps_4q": 0.52,
            "eps_4q_growth_year": null,
            "roe": -1.16,
            "roe_4q": 5.43,
            "gross_profit": 34683,
            "gross_margin": 11.33,
            "gross_margin_4q_avg": 15.18,
            "net_income": -9361,
            "net_income_4q": null,
            "revenue": 306045,
            "revenue_4q": null,
            "common_shares": 843000,
            "book_valuer_per_share": 9.3,
            "book_valuer_per_share_4q_avg": 9.59,
            "equity": 783673,
            "current_ratio": 117.06,
            "debt_ratio": 55.67,
            "inventory_turnover_ratio": 0.95,
            "account_receivable_turnover_ratio": 0.98,
            "reinvestment_rate": -15.39,
            "research_to_sale_ratio": 1.7,
            "price_fair": 6.76,
            "eps_avg_yearly": 0.51,
            "eps_latest_yearly": 0.52,
            "eps_growth_yearly": 3.21
        },
        "20221": {
            "year_quarter": 20221,
            "year": 2022,
            "quarter": 1,
            "eps": 0.02,
            "eps_growth_year": -93.1,
            "eps_4q": 0.25,
            "eps_4q_growth_year": null,
            "roe": 0.23,
            "roe_4q": 2.5900000000000003,
            "gross_profit": 38288,
            "gross_margin": 14.37,
            "gross_margin_4q_avg": 13.99,
            "net_income": 1823,
            "net_income_4q": null,
            "revenue": 266416,
            "revenue_4q": null,
            "common_shares": 843000,
            "book_valuer_per_share": 9.62,
            "book_valuer_per_share_4q_avg": 9.62,
            "equity": 811064,
            "current_ratio": 123.07,
            "debt_ratio": 53.8,
            "inventory_turnover_ratio": 0.77,
            "account_receivable_turnover_ratio": 0.9,
            "reinvestment_rate": -10.45,
            "research_to_sale_ratio": 1.59,
            "price_fair": 6.76,
            "eps_avg_yearly": 0.51,
            "eps_latest_yearly": 0.52,
            "eps_growth_yearly": 3.21
        },
        "20222": {
            "year_quarter": 20222,
            "year": 2022,
            "quarter": 2,
            "eps": 0.28,
            "eps_growth_year": 33.33,
            "eps_4q": 0.32,
            "eps_4q_growth_year": 69.72,
            "roe": 2.86,
            "roe_4q": 3.29,
            "gross_profit": 55157,
            "gross_margin": 16.58,
            "gross_margin_4q_avg": 14.27,
            "net_income": 23542,
            "net_income_4q": null,
            "revenue": 332621,
            "revenue_4q": null,
            "common_shares": 843000,
            "book_valuer_per_share": 9.89,
            "book_valuer_per_share_4q_avg": 9.67,
            "equity": 834105,
            "current_ratio": 124.91,
            "debt_ratio": 53.32,
            "inventory_turnover_ratio": 0.92,
            "account_receivable_turnover_ratio": 1.09,
            "reinvestment_rate": 13.57,
            "research_to_sale_ratio": 2.37,
            "price_fair": 21.47,
            "eps_avg_yearly": 0.61,
            "eps_latest_yearly": 1.12,
            "eps_growth_yearly": 869.34
        },
        "20223": {
            "year_quarter": 20223,
            "year": 2022,
            "quarter": 3,
            "eps": 0.06,
            "eps_growth_year": -53.85,
            "eps_4q": 0.25,
            "eps_4q_growth_year": -40.87,
            "roe": 0.63,
            "roe_4q": 2.5599999999999996,
            "gross_profit": 40461,
            "gross_margin": 15.63,
            "gross_margin_4q_avg": 14.48,
            "net_income": 5353,
            "net_income_4q": null,
            "revenue": 258906,
            "revenue_4q": null,
            "common_shares": 843000,
            "book_valuer_per_share": 10.12,
            "book_valuer_per_share_4q_avg": 9.73,
            "equity": 853011,
            "current_ratio": 126.95,
            "debt_ratio": 51.62,
            "inventory_turnover_ratio": 0.76,
            "account_receivable_turnover_ratio": 0.87,
            "reinvestment_rate": 20.7,
            "research_to_sale_ratio": 1.4,
            "price_fair": 19.6,
            "eps_avg_yearly": 0.56,
            "eps_latest_yearly": 0.24,
            "eps_growth_yearly": 700.25
        },
        "20224": {
            "year_quarter": 20224,
            "year": 2022,
            "quarter": 4,
            "eps": -0.04,
            "eps_growth_year": null,
            "eps_4q": 0.32,
            "eps_4q_growth_year": -37.06,
            "roe": -0.4,
            "roe_4q": 3.32,
            "gross_profit": 38536,
            "gross_margin": 17.38,
            "gross_margin_4q_avg": 15.99,
            "net_income": -3362,
            "net_income_4q": null,
            "revenue": 221734,
            "revenue_4q": null,
            "common_shares": 843000,
            "book_valuer_per_share": 9.94,
            "book_valuer_per_share_4q_avg": 9.89,
            "equity": 837869,
            "current_ratio": 125.29,
            "debt_ratio": 51.32,
            "inventory_turnover_ratio": 0.66,
            "account_receivable_turnover_ratio": 0.87,
            "reinvestment_rate": -16.1,
            "research_to_sale_ratio": 0.97,
            "price_fair": 19.6,
            "eps_avg_yearly": 0.56,
            "eps_latest_yearly": 0.24,
            "eps_growth_yearly": 700.25
        },
        "20231": {
            "year_quarter": 20231,
            "year": 2023,
            "quarter": 1,
            "eps": -0.13,
            "eps_growth_year": -750,
            "eps_4q": 0.16,
            "eps_4q_growth_year": -36.69,
            "roe": -1.28,
            "roe_4q": 1.8099999999999996,
            "gross_profit": 24218,
            "gross_margin": 12.37,
            "gross_margin_4q_avg": 15.49,
            "net_income": -11083,
            "net_income_4q": null,
            "revenue": 195774,
            "revenue_4q": null,
            "common_shares": 843000,
            "book_valuer_per_share": 9.85,
            "book_valuer_per_share_4q_avg": 9.95,
            "equity": 895868,
            "current_ratio": 133.5,
            "debt_ratio": 49.5,
            "inventory_turnover_ratio": 0.58,
            "account_receivable_turnover_ratio": 0.86,
            "reinvestment_rate": -31.8,
            "research_to_sale_ratio": 1.55,
            "price_fair": 19.6,
            "eps_avg_yearly": 0.56,
            "eps_latest_yearly": 0.24,
            "eps_growth_yearly": 700.25
        },
        "20232": {
            "year_quarter": 20232,
            "year": 2023,
            "quarter": 2,
            "eps": -0.1,
            "eps_growth_year": -135.71,
            "eps_4q": -0.19,
            "eps_4q_growth_year": -160.09,
            "roe": -1.02,
            "roe_4q": -2.07,
            "gross_profit": 16404,
            "gross_margin": 8.47,
            "gross_margin_4q_avg": 13.46,
            "net_income": -9026,
            "net_income_4q": null,
            "revenue": 193649,
            "revenue_4q": null,
            "common_shares": 909660,
            "book_valuer_per_share": 9.62,
            "book_valuer_per_share_4q_avg": 9.88,
            "equity": 874914,
            "current_ratio": 131.72,
            "debt_ratio": 48.17,
            "inventory_turnover_ratio": 0.57,
            "account_receivable_turnover_ratio": 0.9,
            "reinvestment_rate": -51.8,
            "research_to_sale_ratio": 1.44,
            "price_fair": 19.6,
            "eps_avg_yearly": 0.56,
            "eps_latest_yearly": 0.24,
            "eps_growth_yearly": 700.25
        },
        "20233": {
            "year_quarter": 20233,
            "year": 2023,
            "quarter": 3,
            "eps": -0.23,
            "eps_growth_year": -483.33,
            "eps_4q": -0.46,
            "eps_4q_growth_year": -282.52,
            "roe": -2.44,
            "roe_4q": -5.140000000000001,
            "gross_profit": 10998,
            "gross_margin": 7.11,
            "gross_margin_4q_avg": 11.33,
            "net_income": -21843,
            "net_income_4q": null,
            "revenue": 154647,
            "revenue_4q": null,
            "common_shares": 954660,
            "book_valuer_per_share": 9.55,
            "book_valuer_per_share_4q_avg": 9.74,
            "equity": 911940,
            "current_ratio": 137.25,
            "debt_ratio": 45.86,
            "inventory_turnover_ratio": 0.49,
            "account_receivable_turnover_ratio": 0.78,
            "reinvestment_rate": -280.95,
            "research_to_sale_ratio": 1.84,
            "price_fair": 19.37,
            "eps_avg_yearly": 0.55,
            "eps_latest_yearly": 0.24,
            "eps_growth_yearly": 792.72
        }
    },
    "months": {
        "2002-03": {
            "month": "2002-03",
            "price": "23.62",
            "revenue": 99488
        },
        "2002-04": {
            "month": "2002-04",
            "price": "37.09",
            "revenue": 96158
        },
        "2002-05": {
            "month": "2002-05",
            "price": "32.16",
            "revenue": 88127
        },
        "2002-06": {
            "month": "2002-06",
            "price": "29.06",
            "revenue": 69662
        },
        "2002-07": {
            "month": "2002-07",
            "price": "26.30",
            "revenue": 72377
        },
        "2002-08": {
            "month": "2002-08",
            "price": "19.50",
            "revenue": 93596
        },
        "2002-09": {
            "month": "2002-09",
            "price": "18.70",
            "revenue": 83972
        },
        "2002-10": {
            "month": "2002-10",
            "price": "17.48",
            "revenue": 96113
        },
        "2002-11": {
            "month": "2002-11",
            "price": "17.06",
            "revenue": 83140
        },
        "2002-12": {
            "month": "2002-12",
            "price": "19.72",
            "revenue": 160220
        },
        "2003-01": {
            "month": "2003-01",
            "price": "21.37",
            "revenue": 125291
        },
        "2003-02": {
            "month": "2003-02",
            "price": "21.81",
            "revenue": 108816
        },
        "2003-03": {
            "month": "2003-03",
            "price": "19.71",
            "revenue": 116623
        },
        "2003-04": {
            "month": "2003-04",
            "price": "17.66",
            "revenue": 124397
        },
        "2003-05": {
            "month": "2003-05",
            "price": "14.13",
            "revenue": 135336
        },
        "2003-06": {
            "month": "2003-06",
            "price": "14.86",
            "revenue": 85216
        },
        "2003-07": {
            "month": "2003-07",
            "price": "14.85",
            "revenue": 101229
        },
        "2003-08": {
            "month": "2003-08",
            "price": "12.84",
            "revenue": 133796
        },
        "2003-09": {
            "month": "2003-09",
            "price": "11.94",
            "revenue": 116592
        },
        "2003-10": {
            "month": "2003-10",
            "price": "11.23",
            "revenue": 119370
        },
        "2003-11": {
            "month": "2003-11",
            "price": "10.24",
            "revenue": 130059
        },
        "2003-12": {
            "month": "2003-12",
            "price": "10.42",
            "revenue": 135253
        },
        "2004-01": {
            "month": "2004-01",
            "price": "13.75",
            "revenue": 130394
        },
        "2004-02": {
            "month": "2004-02",
            "price": "16.20",
            "revenue": 155143
        },
        "2004-03": {
            "month": "2004-03",
            "price": "15.54",
            "revenue": 162355
        },
        "2004-04": {
            "month": "2004-04",
            "price": "14.09",
            "revenue": 178493
        },
        "2004-05": {
            "month": "2004-05",
            "price": "11.24",
            "revenue": 145324
        },
        "2004-06": {
            "month": "2004-06",
            "price": "10.54",
            "revenue": 107122
        },
        "2004-07": {
            "month": "2004-07",
            "price": "7.60",
            "revenue": 100975
        },
        "2004-08": {
            "month": "2004-08",
            "price": "5.67",
            "revenue": 112621
        },
        "2004-09": {
            "month": "2004-09",
            "price": "5.89",
            "revenue": 123288
        },
        "2004-10": {
            "month": "2004-10",
            "price": "6.60",
            "revenue": 136784
        },
        "2004-11": {
            "month": "2004-11",
            "price": "6.35",
            "revenue": 150647
        },
        "2004-12": {
            "month": "2004-12",
            "price": "6.25",
            "revenue": 123730
        },
        "2005-01": {
            "month": "2005-01",
            "price": "6.60",
            "revenue": 119323
        },
        "2005-02": {
            "month": "2005-02",
            "price": "6.52",
            "revenue": 119066
        },
        "2005-03": {
            "month": "2005-03",
            "price": "7.50",
            "revenue": 211243
        },
        "2005-04": {
            "month": "2005-04",
            "price": "8.97",
            "revenue": 211868
        },
        "2005-05": {
            "month": "2005-05",
            "price": "8.47",
            "revenue": 187840
        },
        "2005-06": {
            "month": "2005-06",
            "price": "8.65",
            "revenue": 187821
        },
        "2005-07": {
            "month": "2005-07",
            "price": "10.45",
            "revenue": 182736
        },
        "2005-08": {
            "month": "2005-08",
            "price": "10.12",
            "revenue": 247613
        },
        "2005-09": {
            "month": "2005-09",
            "price": "8.96",
            "revenue": 247515
        },
        "2005-10": {
            "month": "2005-10",
            "price": "9.16",
            "revenue": 332529
        },
        "2005-11": {
            "month": "2005-11",
            "price": "9.74",
            "revenue": 370041
        },
        "2005-12": {
            "month": "2005-12",
            "price": "11.82",
            "revenue": 363457
        },
        "2006-01": {
            "month": "2006-01",
            "price": "14.29",
            "revenue": 414115
        },
        "2006-02": {
            "month": "2006-02",
            "price": "14.70",
            "revenue": 296254
        },
        "2006-03": {
            "month": "2006-03",
            "price": "15.03",
            "revenue": 394621
        },
        "2006-04": {
            "month": "2006-04",
            "price": "15.97",
            "revenue": 599971
        },
        "2006-05": {
            "month": "2006-05",
            "price": "18.54",
            "revenue": 512237
        },
        "2006-06": {
            "month": "2006-06",
            "price": "14.80",
            "revenue": 385850
        },
        "2006-07": {
            "month": "2006-07",
            "price": "13.73",
            "revenue": 579514
        },
        "2006-08": {
            "month": "2006-08",
            "price": "14.04",
            "revenue": 651147
        },
        "2006-09": {
            "month": "2006-09",
            "price": "13.63",
            "revenue": 728330
        },
        "2006-10": {
            "month": "2006-10",
            "price": "13.78",
            "revenue": 733482
        },
        "2006-11": {
            "month": "2006-11",
            "price": "13.05",
            "revenue": 575544
        },
        "2006-12": {
            "month": "2006-12",
            "price": "13.57",
            "revenue": 483270
        },
        "2007-01": {
            "month": "2007-01",
            "price": "14.38",
            "revenue": 759608
        },
        "2007-02": {
            "month": "2007-02",
            "price": "13.30",
            "revenue": 673404
        },
        "2007-03": {
            "month": "2007-03",
            "price": "13.13",
            "revenue": 661438
        },
        "2007-04": {
            "month": "2007-04",
            "price": "14.14",
            "revenue": 746765
        },
        "2007-05": {
            "month": "2007-05",
            "price": "13.42",
            "revenue": 816515
        },
        "2007-06": {
            "month": "2007-06",
            "price": "13.68",
            "revenue": 699464
        },
        "2007-07": {
            "month": "2007-07",
            "price": "14.67",
            "revenue": 772269
        },
        "2007-08": {
            "month": "2007-08",
            "price": "12.51",
            "revenue": 897693
        },
        "2007-09": {
            "month": "2007-09",
            "price": "10.81",
            "revenue": 881215
        },
        "2007-10": {
            "month": "2007-10",
            "price": "10.27",
            "revenue": 829151
        },
        "2007-11": {
            "month": "2007-11",
            "price": "8.74",
            "revenue": 883993
        },
        "2007-12": {
            "month": "2007-12",
            "price": "7.94",
            "revenue": 642290
        },
        "2008-01": {
            "month": "2008-01",
            "price": "7.38",
            "revenue": 725009
        },
        "2008-02": {
            "month": "2008-02",
            "price": "6.98",
            "revenue": 577747
        },
        "2008-03": {
            "month": "2008-03",
            "price": "6.97",
            "revenue": 722279
        },
        "2008-04": {
            "month": "2008-04",
            "price": "8.26",
            "revenue": 659409
        },
        "2008-05": {
            "month": "2008-05",
            "price": "7.99",
            "revenue": 701629
        },
        "2008-06": {
            "month": "2008-06",
            "price": "6.76",
            "revenue": 495474
        },
        "2008-07": {
            "month": "2008-07",
            "price": "5.54",
            "revenue": 473451
        },
        "2008-08": {
            "month": "2008-08",
            "price": "5.16",
            "revenue": 540684
        },
        "2008-09": {
            "month": "2008-09",
            "price": "3.98",
            "revenue": 601055
        },
        "2008-10": {
            "month": "2008-10",
            "price": "3.44",
            "revenue": 419358
        },
        "2008-11": {
            "month": "2008-11",
            "price": "2.47",
            "revenue": 239978
        },
        "2008-12": {
            "month": "2008-12",
            "price": "2.23",
            "revenue": 181583
        },
        "2009-01": {
            "month": "2009-01",
            "price": "2.10",
            "revenue": 128576
        },
        "2009-02": {
            "month": "2009-02",
            "price": "2.47",
            "revenue": 193194
        },
        "2009-03": {
            "month": "2009-03",
            "price": "3.31",
            "revenue": 162392
        },
        "2009-04": {
            "month": "2009-04",
            "price": "4.06",
            "revenue": 188319
        },
        "2009-05": {
            "month": "2009-05",
            "price": "4.02",
            "revenue": 114546
        },
        "2009-06": {
            "month": "2009-06",
            "price": "4.75",
            "revenue": 108930
        },
        "2009-07": {
            "month": "2009-07",
            "price": "5.07",
            "revenue": 108691
        },
        "2009-08": {
            "month": "2009-08",
            "price": "7.59",
            "revenue": 105720
        },
        "2009-09": {
            "month": "2009-09",
            "price": "10.82",
            "revenue": 114439
        },
        "2009-10": {
            "month": "2009-10",
            "price": "13.06",
            "revenue": 109259
        },
        "2009-11": {
            "month": "2009-11",
            "price": "14.49",
            "revenue": 81716
        },
        "2009-12": {
            "month": "2009-12",
            "price": "13.35",
            "revenue": 93236
        },
        "2010-01": {
            "month": "2010-01",
            "price": "12.07",
            "revenue": 128959
        },
        "2010-02": {
            "month": "2010-02",
            "price": "10.80",
            "revenue": 70521
        },
        "2010-03": {
            "month": "2010-03",
            "price": "13.12",
            "revenue": 145875
        },
        "2010-04": {
            "month": "2010-04",
            "price": "12.91",
            "revenue": 83464
        },
        "2010-05": {
            "month": "2010-05",
            "price": "11.63",
            "revenue": 77878
        },
        "2010-06": {
            "month": "2010-06",
            "price": "10.63",
            "revenue": 90246
        },
        "2010-07": {
            "month": "2010-07",
            "price": "10.24",
            "revenue": 74820
        },
        "2010-08": {
            "month": "2010-08",
            "price": "11.82",
            "revenue": 100944
        },
        "2010-09": {
            "month": "2010-09",
            "price": "11.69",
            "revenue": 115338
        },
        "2010-10": {
            "month": "2010-10",
            "price": "11.12",
            "revenue": 203289
        },
        "2010-11": {
            "month": "2010-11",
            "price": "10.37",
            "revenue": 118206
        },
        "2010-12": {
            "month": "2010-12",
            "price": "10.55",
            "revenue": 61954
        },
        "2011-01": {
            "month": "2011-01",
            "price": "11.40",
            "revenue": 138263
        },
        "2011-02": {
            "month": "2011-02",
            "price": "11.93",
            "revenue": 110661
        },
        "2011-03": {
            "month": "2011-03",
            "price": "11.58",
            "revenue": 150337
        },
        "2011-04": {
            "month": "2011-04",
            "price": "10.46",
            "revenue": 109228
        },
        "2011-05": {
            "month": "2011-05",
            "price": "8.42",
            "revenue": 105047
        },
        "2011-06": {
            "month": "2011-06",
            "price": "8.21",
            "revenue": 130612
        },
        "2011-07": {
            "month": "2011-07",
            "price": "8.30",
            "revenue": 78032
        },
        "2011-08": {
            "month": "2011-08",
            "price": "6.66",
            "revenue": 68966
        },
        "2011-09": {
            "month": "2011-09",
            "price": "5.88",
            "revenue": 78141
        },
        "2011-10": {
            "month": "2011-10",
            "price": "5.21",
            "revenue": 99944
        },
        "2011-11": {
            "month": "2011-11",
            "price": "4.48",
            "revenue": 121359
        },
        "2011-12": {
            "month": "2011-12",
            "price": "4.34",
            "revenue": 67924
        },
        "2012-01": {
            "month": "2012-01",
            "price": "5.18",
            "revenue": 100947
        },
        "2012-02": {
            "month": "2012-02",
            "price": "6.20",
            "revenue": 100701
        },
        "2012-03": {
            "month": "2012-03",
            "price": "5.92",
            "revenue": 97530
        },
        "2012-04": {
            "month": "2012-04",
            "price": "5.27",
            "revenue": 90557
        },
        "2012-05": {
            "month": "2012-05",
            "price": "4.50",
            "revenue": 62101
        },
        "2012-06": {
            "month": "2012-06",
            "price": "3.97",
            "revenue": 62825
        },
        "2012-07": {
            "month": "2012-07",
            "price": "4.08",
            "revenue": 51221
        },
        "2012-08": {
            "month": "2012-08",
            "price": "4.40",
            "revenue": 71007
        },
        "2012-09": {
            "month": "2012-09",
            "price": "4.56",
            "revenue": 71371
        },
        "2012-10": {
            "month": "2012-10",
            "price": "4.47",
            "revenue": 74864
        },
        "2012-11": {
            "month": "2012-11",
            "price": "3.79",
            "revenue": 68632
        },
        "2012-12": {
            "month": "2012-12",
            "price": "4.09",
            "revenue": 72399
        },
        "2013-01": {
            "month": "2013-01",
            "price": "4.43",
            "revenue": 94405
        },
        "2013-02": {
            "month": "2013-02",
            "price": "4.07",
            "revenue": 83376
        },
        "2013-03": {
            "month": "2013-03",
            "price": "4.07",
            "revenue": 79951
        },
        "2013-04": {
            "month": "2013-04",
            "price": "3.97",
            "revenue": 88580
        },
        "2013-05": {
            "month": "2013-05",
            "price": "4.58",
            "revenue": 86213
        },
        "2013-06": {
            "month": "2013-06",
            "price": "4.91",
            "revenue": 55181
        },
        "2013-07": {
            "month": "2013-07",
            "price": "4.43",
            "revenue": 62644
        },
        "2013-08": {
            "month": "2013-08",
            "price": "4.35",
            "revenue": 62659
        },
        "2013-09": {
            "month": "2013-09",
            "price": "4.63",
            "revenue": 73109
        },
        "2013-10": {
            "month": "2013-10",
            "price": "4.84",
            "revenue": 65170
        },
        "2013-11": {
            "month": "2013-11",
            "price": "6.63",
            "revenue": 72171
        },
        "2013-12": {
            "month": "2013-12",
            "price": "6.31",
            "revenue": 68573
        },
        "2014-01": {
            "month": "2014-01",
            "price": "7.96",
            "revenue": 59929
        },
        "2014-02": {
            "month": "2014-02",
            "price": "8.75",
            "revenue": 53908
        },
        "2014-03": {
            "month": "2014-03",
            "price": "8.78",
            "revenue": 46012
        },
        "2014-04": {
            "month": "2014-04",
            "price": "7.87",
            "revenue": 48672
        },
        "2014-05": {
            "month": "2014-05",
            "price": "8.16",
            "revenue": 45582
        },
        "2014-06": {
            "month": "2014-06",
            "price": "8.55",
            "revenue": 45693
        },
        "2014-07": {
            "month": "2014-07",
            "price": "8.46",
            "revenue": 66782
        },
        "2014-08": {
            "month": "2014-08",
            "price": "8.06",
            "revenue": 75273
        },
        "2014-09": {
            "month": "2014-09",
            "price": "8.47",
            "revenue": 87201
        },
        "2014-10": {
            "month": "2014-10",
            "price": "8.26",
            "revenue": 69488
        },
        "2014-11": {
            "month": "2014-11",
            "price": "8.14",
            "revenue": 68555
        },
        "2014-12": {
            "month": "2014-12",
            "price": "8.08",
            "revenue": 74905
        },
        "2015-01": {
            "month": "2015-01",
            "price": "8.00",
            "revenue": 84102
        },
        "2015-02": {
            "month": "2015-02",
            "price": "7.72",
            "revenue": 48059
        },
        "2015-03": {
            "month": "2015-03",
            "price": "7.53",
            "revenue": 63395
        },
        "2015-04": {
            "month": "2015-04",
            "price": "7.44",
            "revenue": 45742
        },
        "2015-05": {
            "month": "2015-05",
            "price": "8.06",
            "revenue": 46191
        },
        "2015-06": {
            "month": "2015-06",
            "price": "7.74",
            "revenue": 61022
        },
        "2015-07": {
            "month": "2015-07",
            "price": "7.54",
            "revenue": 70406
        },
        "2015-08": {
            "month": "2015-08",
            "price": "6.69",
            "revenue": 69145
        },
        "2015-09": {
            "month": "2015-09",
            "price": "6.62",
            "revenue": 74074
        },
        "2015-10": {
            "month": "2015-10",
            "price": "6.41",
            "revenue": 52598
        },
        "2015-11": {
            "month": "2015-11",
            "price": "6.35",
            "revenue": 53139
        },
        "2015-12": {
            "month": "2015-12",
            "price": "6.21",
            "revenue": 48938
        },
        "2016-01": {
            "month": "2016-01",
            "price": "5.41",
            "revenue": 74362
        },
        "2016-02": {
            "month": "2016-02",
            "price": "5.98",
            "revenue": 50693
        },
        "2016-03": {
            "month": "2016-03",
            "price": "6.38",
            "revenue": 71896
        },
        "2016-04": {
            "month": "2016-04",
            "price": "6.29",
            "revenue": 55579
        },
        "2016-05": {
            "month": "2016-05",
            "price": "6.28",
            "revenue": 46914
        },
        "2016-06": {
            "month": "2016-06",
            "price": "6.66",
            "revenue": 41764
        },
        "2016-07": {
            "month": "2016-07",
            "price": "7.60",
            "revenue": 35857
        },
        "2016-08": {
            "month": "2016-08",
            "price": "7.21",
            "revenue": 37718
        },
        "2016-09": {
            "month": "2016-09",
            "price": "7.00",
            "revenue": 42397
        },
        "2016-10": {
            "month": "2016-10",
            "price": "6.89",
            "revenue": 43439
        },
        "2016-11": {
            "month": "2016-11",
            "price": "6.13",
            "revenue": 41480
        },
        "2016-12": {
            "month": "2016-12",
            "price": "5.82",
            "revenue": 40105
        },
        "2017-01": {
            "month": "2017-01",
            "price": "5.89",
            "revenue": 55746
        },
        "2017-02": {
            "month": "2017-02",
            "price": "6.10",
            "revenue": 53867
        },
        "2017-03": {
            "month": "2017-03",
            "price": "5.99",
            "revenue": 58758
        },
        "2017-04": {
            "month": "2017-04",
            "price": "5.72",
            "revenue": 45076
        },
        "2017-05": {
            "month": "2017-05",
            "price": "5.48",
            "revenue": 51816
        },
        "2017-06": {
            "month": "2017-06",
            "price": "5.53",
            "revenue": 44877
        },
        "2017-07": {
            "month": "2017-07",
            "price": "5.48",
            "revenue": 48272
        },
        "2017-08": {
            "month": "2017-08",
            "price": "6.57",
            "revenue": 49630
        },
        "2017-09": {
            "month": "2017-09",
            "price": "7.64",
            "revenue": 49761
        },
        "2017-10": {
            "month": "2017-10",
            "price": "7.13",
            "revenue": 50540
        },
        "2017-11": {
            "month": "2017-11",
            "price": "8.91",
            "revenue": 42986
        },
        "2017-12": {
            "month": "2017-12",
            "price": "8.11",
            "revenue": 42355
        },
        "2018-01": {
            "month": "2018-01",
            "price": "8.61",
            "revenue": 60551
        },
        "2018-02": {
            "month": "2018-02",
            "price": "8.51",
            "revenue": 60322
        },
        "2018-03": {
            "month": "2018-03",
            "price": "8.79",
            "revenue": 60311
        },
        "2018-04": {
            "month": "2018-04",
            "price": "8.68",
            "revenue": 63658
        },
        "2018-05": {
            "month": "2018-05",
            "price": "8.43",
            "revenue": 66164
        },
        "2018-06": {
            "month": "2018-06",
            "price": "8.98",
            "revenue": 62926
        },
        "2018-07": {
            "month": "2018-07",
            "price": "8.84",
            "revenue": 68740
        },
        "2018-08": {
            "month": "2018-08",
            "price": "8.54",
            "revenue": 82447
        },
        "2018-09": {
            "month": "2018-09",
            "price": "8.65",
            "revenue": 88895
        },
        "2018-10": {
            "month": "2018-10",
            "price": "8.39",
            "revenue": 80560
        },
        "2018-11": {
            "month": "2018-11",
            "price": "7.84",
            "revenue": 82865
        },
        "2018-12": {
            "month": "2018-12",
            "price": "8.17",
            "revenue": 81819
        },
        "2019-01": {
            "month": "2019-01",
            "price": "8.27",
            "revenue": 76379
        },
        "2019-02": {
            "month": "2019-02",
            "price": "8.36",
            "revenue": 70163
        },
        "2019-03": {
            "month": "2019-03",
            "price": "8.25",
            "revenue": 79719
        },
        "2019-04": {
            "month": "2019-04",
            "price": "7.85",
            "revenue": 90474
        },
        "2019-05": {
            "month": "2019-05",
            "price": "8.02",
            "revenue": 80788
        },
        "2019-06": {
            "month": "2019-06",
            "price": "8.07",
            "revenue": 73779
        },
        "2019-07": {
            "month": "2019-07",
            "price": "7.90",
            "revenue": 71052
        },
        "2019-08": {
            "month": "2019-08",
            "price": "8.01",
            "revenue": 82853
        },
        "2019-09": {
            "month": "2019-09",
            "price": "9.66",
            "revenue": 83806
        },
        "2019-10": {
            "month": "2019-10",
            "price": "9.48",
            "revenue": 80928
        },
        "2019-11": {
            "month": "2019-11",
            "price": "8.83",
            "revenue": 96299
        },
        "2019-12": {
            "month": "2019-12",
            "price": "8.75",
            "revenue": 83071
        },
        "2020-01": {
            "month": "2020-01",
            "price": "8.85",
            "revenue": 80655
        },
        "2020-02": {
            "month": "2020-02",
            "price": "8.41",
            "revenue": 71828
        },
        "2020-03": {
            "month": "2020-03",
            "price": "7.60",
            "revenue": 86970
        },
        "2020-04": {
            "month": "2020-04",
            "price": "7.55",
            "revenue": 101443
        },
        "2020-05": {
            "month": "2020-05",
            "price": "8.53",
            "revenue": 81797
        },
        "2020-06": {
            "month": "2020-06",
            "price": "8.38",
            "revenue": 80425
        },
        "2020-07": {
            "month": "2020-07",
            "price": "8.47",
            "revenue": 72767
        },
        "2020-08": {
            "month": "2020-08",
            "price": "8.01",
            "revenue": 77828
        },
        "2020-09": {
            "month": "2020-09",
            "price": "7.80",
            "revenue": 95242
        },
        "2020-10": {
            "month": "2020-10",
            "price": "7.85",
            "revenue": 95276
        },
        "2020-11": {
            "month": "2020-11",
            "price": "7.82",
            "revenue": 101255
        },
        "2020-12": {
            "month": "2020-12",
            "price": "7.91",
            "revenue": 114608
        },
        "2021-01": {
            "month": "2021-01",
            "price": "7.87",
            "revenue": 101300
        },
        "2021-02": {
            "month": "2021-02",
            "price": "7.95",
            "revenue": 105078
        },
        "2021-03": {
            "month": "2021-03",
            "price": "9.68",
            "revenue": 121982
        },
        "2021-04": {
            "month": "2021-04",
            "price": "12.80",
            "revenue": 128985
        },
        "2021-05": {
            "month": "2021-05",
            "price": "13.14",
            "revenue": 132672
        },
        "2021-06": {
            "month": "2021-06",
            "price": "13.27",
            "revenue": 137519
        },
        "2021-07": {
            "month": "2021-07",
            "price": "16.23",
            "revenue": 124188
        },
        "2021-08": {
            "month": "2021-08",
            "price": "14.34",
            "revenue": 114334
        },
        "2021-09": {
            "month": "2021-09",
            "price": "12.96",
            "revenue": 107100
        },
        "2021-10": {
            "month": "2021-10",
            "price": "13.52",
            "revenue": 101841
        },
        "2021-11": {
            "month": "2021-11",
            "price": "13.05",
            "revenue": 103891
        },
        "2021-12": {
            "month": "2021-12",
            "price": "12.77",
            "revenue": 100313
        },
        "2022-01": {
            "month": "2022-01",
            "price": "13.90",
            "revenue": 92366
        },
        "2022-02": {
            "month": "2022-02",
            "price": "14.79",
            "revenue": 82561
        },
        "2022-03": {
            "month": "2022-03",
            "price": "14.42",
            "revenue": 91489
        },
        "2022-04": {
            "month": "2022-04",
            "price": "13.63",
            "revenue": 117798
        },
        "2022-05": {
            "month": "2022-05",
            "price": "13.55",
            "revenue": 112396
        },
        "2022-06": {
            "month": "2022-06",
            "price": "13.10",
            "revenue": 102427
        },
        "2022-07": {
            "month": "2022-07",
            "price": "11.76",
            "revenue": 90954
        },
        "2022-08": {
            "month": "2022-08",
            "price": "12.90",
            "revenue": 94322
        },
        "2022-09": {
            "month": "2022-09",
            "price": "13.03",
            "revenue": 73630
        },
        "2022-10": {
            "month": "2022-10",
            "price": "11.14",
            "revenue": 71110
        },
        "2022-11": {
            "month": "2022-11",
            "price": "11.04",
            "revenue": 73130
        },
        "2022-12": {
            "month": "2022-12",
            "price": "12.60",
            "revenue": 77494
        },
        "2023-01": {
            "month": "2023-01",
            "price": "11.65",
            "revenue": 64240
        },
        "2023-02": {
            "month": "2023-02",
            "price": "11.56",
            "revenue": 57819
        },
        "2023-03": {
            "month": "2023-03",
            "price": "12.34",
            "revenue": 73715
        },
        "2023-04": {
            "month": "2023-04",
            "price": "11.97",
            "revenue": 65350
        },
        "2023-05": {
            "month": "2023-05",
            "price": "12.34",
            "revenue": 66803
        },
        "2023-06": {
            "month": "2023-06",
            "price": "12.63",
            "revenue": 61496
        },
        "2023-07": {
            "month": "2023-07",
            "price": "12.32",
            "revenue": 65590
        },
        "2023-08": {
            "month": "2023-08",
            "price": "11.97",
            "revenue": 60847
        },
        "2023-09": {
            "month": "2023-09",
            "price": "11.97",
            "revenue": 54245
        },
        "2023-10": {
            "month": "2023-10",
            "price": "11.61",
            "revenue": 35012
        },
        "2023-11": {
            "month": "2023-11",
            "price": "10.79",
            "revenue": 50933
        },
        "2023-12": {
            "month": "2023-12",
            "price": "11.25",
            "revenue": 45133
        }
    }
}
