{
    "summary": {
        "stock_name": "國統",
        "stock_id": "8936",
        "category": "其他",
        "main_business": "預力混凝土管及各種水泥製品、預拌混凝土製造買賣<br>前項有關水泥製品之自來水管承裝業務<br>有關自來水管之零件,鋼管包覆及另件包覆等製造買賣及承裝業務",
        "website_url": "http://www.kti.com.tw",
        "ceo": "洪雅滿",
        "pe_ratio": 9,
        "report_year_from": 2001,
        "report_year_to": 2023,
        "age": 22,
        "eps_negative_percentage": 22,
        "eps_growth_avg": {
            "last_all": -2.78,
            "last_2y": 32.92,
            "last_4y": 20.28,
            "last_8y": -3.13,
            "last_12y": 9.8,
            "last_16y": 0.65,
            "last_20y": -2.78,
            "at_2006_last_3y": -50.77,
            "at_2007_last_3y": -91.57,
            "at_2008_last_3y": -100,
            "at_2009_last_3y": -100,
            "at_2010_last_3y": -37.5,
            "at_2011_last_3y": 8.33,
            "at_2012_last_3y": 9.89,
            "at_2013_last_3y": 32.42,
            "at_2014_last_3y": 40.64,
            "at_2015_last_3y": 0.41,
            "at_2016_last_3y": -0.75,
            "at_2017_last_3y": -34.34,
            "at_2018_last_3y": -80.45,
            "at_2019_last_3y": -58.82,
            "at_2020_last_3y": -29.06,
            "at_2021_last_3y": 13.96,
            "at_2022_last_3y": 20.28,
            "at_2023_last_3y": 20.28,
            "at_2006_last_all": -13.08,
            "at_2007_last_all": -13.08,
            "at_2008_last_all": -30.46,
            "at_2009_last_all": -30.46,
            "at_2010_last_all": -21.22,
            "at_2011_last_all": -3.9,
            "at_2012_last_all": -15.33,
            "at_2013_last_all": -2.52,
            "at_2014_last_all": 3.53,
            "at_2015_last_all": -2.33,
            "at_2016_last_all": -10.47,
            "at_2017_last_all": -10.47,
            "at_2018_last_all": -10.47,
            "at_2019_last_all": -11.02,
            "at_2020_last_all": -13.13,
            "at_2021_last_all": -5.59,
            "at_2022_last_all": -2.78,
            "at_2023_last_all": -2.78
        },
        "latest_eps": 3.17,
        "latest_price": 27.6,
        "latest_roe": 12.35,
        "latest_gross_margin": 38.16,
        "latest_equity": 7186996,
        "latest_revenue": 763838,
        "latest_gross_profit": 291465,
        "latest_net_income": 183259,
        "latest_debt_ratio": 36.58,
        "latest_current_ratio": 276.64,
        "latest_account_receivable_turnover_ratio": 1.53,
        "latest_inventory_turnover_ratio": 1.67,
        "latest_reinvestment_rate": -70,
        "latest_research_to_sale_ratio": 1.09
    },
    "eps_dividends": {
        "2001": {
            "cash": 0,
            "stock": 0,
            "eps": 1.77
        },
        "2002": {
            "cash": 0,
            "stock": 0,
            "eps": 3.99
        },
        "2003": {
            "cash": 1,
            "stock": 3,
            "eps": 5.22
        },
        "2004": {
            "cash": 1,
            "stock": 3,
            "eps": 0.88
        },
        "2005": {
            "cash": 1,
            "stock": 0,
            "eps": -1.25
        },
        "2006": {
            "cash": 0,
            "stock": 0,
            "eps": -0.01
        },
        "2007": {
            "cash": 0,
            "stock": 0,
            "eps": 1.76
        },
        "2008": {
            "cash": 1,
            "stock": 1,
            "eps": -0.54
        },
        "2009": {
            "cash": 0,
            "stock": 0,
            "eps": 1.48
        },
        "2010": {
            "cash": 0,
            "stock": 1,
            "eps": 1.85
        },
        "2011": {
            "cash": 0,
            "stock": 1,
            "eps": 11.99
        },
        "2012": {
            "cash": 1,
            "stock": 3,
            "eps": 0.56
        },
        "2013": {
            "cash": 1,
            "stock": 0,
            "eps": 2.09
        },
        "2014": {
            "cash": 2,
            "stock": 0,
            "eps": 3.3
        },
        "2015": {
            "cash": 2,
            "stock": 0,
            "eps": 1.29
        },
        "2016": {
            "cash": 1,
            "stock": 1,
            "eps": -2.56
        },
        "2017": {
            "cash": 0,
            "stock": 0,
            "eps": -1.52
        },
        "2018": {
            "cash": 0,
            "stock": 0,
            "eps": 1.02
        },
        "2019": {
            "cash": 0,
            "stock": 0,
            "eps": 0.84
        },
        "2020": {
            "cash": 0,
            "stock": 0,
            "eps": 0.5
        },
        "2021": {
            "cash": 0,
            "stock": 0,
            "eps": 1.81
        },
        "2022": {
            "cash": 1,
            "stock": 0,
            "eps": 2.52
        },
        "2023": {
            "cash": 1,
            "stock": 0,
            "eps": 0.69
        }
    },
    "dividends": {
        "2003-05-30": {
            "cash": 0.68,
            "stock": 2.72
        },
        "2004-02-17": {
            "cash": 0.8,
            "stock": 3.2
        },
        "2005-04-22": {
            "cash": 0.51,
            "stock": 0.15
        },
        "2008-04-29": {
            "cash": 0.5,
            "stock": 0.5
        },
        "2010-04-14": {
            "cash": 0.2,
            "stock": 0.8
        },
        "2011-04-27": {
            "cash": 0.25,
            "stock": 0.95
        },
        "2012-06-05": {
            "cash": 1.25,
            "stock": 2.75
        },
        "2013-06-05": {
            "cash": 1.2,
            "stock": 0
        },
        "2014-06-13": {
            "cash": 1.5,
            "stock": 0
        },
        "2015-09-18": {
            "cash": 2.1,
            "stock": 0
        },
        "2016-09-12": {
            "cash": 0.5,
            "stock": 0.5
        },
        "2019-04-30": {
            "cash": 0.1,
            "stock": 0.15
        },
        "2020-11-30": {
            "cash": 0.23,
            "stock": 0
        },
        "2021-11-30": {
            "cash": 0.25,
            "stock": 0
        },
        "2022-11-30": {
            "cash": 0.5,
            "stock": 0
        },
        "2023-04-13": {
            "cash": 1,
            "stock": 0
        }
    },
    "prices": {
        "200101": "無",
        "200102": "無",
        "200103": "無",
        "200104": "無",
        "200105": "無",
        "200106": "無",
        "200107": "無",
        "200108": "無",
        "200109": "無",
        "200110": "無",
        "200111": "無",
        "200112": "無",
        "200201": "無",
        "200202": "無",
        "200203": "無",
        "200204": "無",
        "200205": "無",
        "200206": "無",
        "200207": "無",
        "200208": "無",
        "200209": "29.08",
        "200210": "27.87",
        "200211": "29.20",
        "200212": "35.11",
        "200301": "36.71",
        "200302": "36.91",
        "200303": "38.35",
        "200304": "36.87",
        "200305": "35.50",
        "200306": "37.10",
        "200307": "34.08",
        "200308": "33.36",
        "200309": "31.81",
        "200310": "31.20",
        "200311": "32.23",
        "200312": "33.48",
        "200401": "37.89",
        "200402": "41.80",
        "200403": "42.20",
        "200404": "39.05",
        "200405": "32.99",
        "200406": "28.32",
        "200407": "18.78",
        "200408": "15.53",
        "200409": "13.10",
        "200410": "13.31",
        "200411": "13.82",
        "200412": "12.73",
        "200501": "14.08",
        "200502": "14.89",
        "200503": "15.58",
        "200504": "16.71",
        "200505": "14.58",
        "200506": "13.87",
        "200507": "12.18",
        "200508": "10.44",
        "200509": "9.19",
        "200510": "8.60",
        "200511": "7.69",
        "200512": "7.87",
        "200601": "7.14",
        "200602": "8.10",
        "200603": "7.96",
        "200604": "7.93",
        "200605": "8.09",
        "200606": "7.76",
        "200607": "7.69",
        "200608": "7.47",
        "200609": "6.31",
        "200610": "6.86",
        "200611": "7.23",
        "200612": "7.93",
        "200701": "10.93",
        "200702": "10.68",
        "200703": "10.87",
        "200704": "18.94",
        "200705": "29.61",
        "200706": "30.01",
        "200707": "34.85",
        "200708": "33.48",
        "200709": "38.70",
        "200710": "44.22",
        "200711": "36.97",
        "200712": "38.39",
        "200801": "37.82",
        "200802": "34.13",
        "200803": "32.60",
        "200804": "31.81",
        "200805": "30.66",
        "200806": "23.24",
        "200807": "17.31",
        "200808": "15.86",
        "200809": "10.61",
        "200810": "10.32",
        "200811": "10.96",
        "200812": "11.01",
        "200901": "10.57",
        "200902": "12.50",
        "200903": "15.67",
        "200904": "17.98",
        "200905": "17.08",
        "200906": "16.29",
        "200907": "16.38",
        "200908": "17.60",
        "200909": "17.84",
        "200910": "19.16",
        "200911": "20.46",
        "200912": "28.08",
        "201001": "35.47",
        "201002": "33.59",
        "201003": "36.86",
        "201004": "38.23",
        "201005": "31.05",
        "201006": "30.72",
        "201007": "29.10",
        "201008": "31.09",
        "201009": "30.29",
        "201010": "29.06",
        "201011": "25.28",
        "201012": "28.18",
        "201101": "35.00",
        "201102": "38.43",
        "201103": "42.03",
        "201104": "47.66",
        "201105": "44.07",
        "201106": "38.99",
        "201107": "39.25",
        "201108": "39.13",
        "201109": "36.65",
        "201110": "29.95",
        "201111": "30.25",
        "201112": "29.24",
        "201201": "30.00",
        "201202": "33.95",
        "201203": "35.96",
        "201204": "32.76",
        "201205": "30.88",
        "201206": "29.80",
        "201207": "30.42",
        "201208": "24.43",
        "201209": "21.37",
        "201210": "18.98",
        "201211": "18.80",
        "201212": "18.78",
        "201301": "19.91",
        "201302": "20.35",
        "201303": "23.39",
        "201304": "21.04",
        "201305": "22.84",
        "201306": "22.70",
        "201307": "25.62",
        "201308": "28.35",
        "201309": "28.52",
        "201310": "38.19",
        "201311": "40.13",
        "201312": "40.97",
        "201401": "43.81",
        "201402": "50.55",
        "201403": "56.04",
        "201404": "56.39",
        "201405": "48.30",
        "201406": "51.90",
        "201407": "50.40",
        "201408": "53.55",
        "201409": "52.75",
        "201410": "45.97",
        "201411": "44.78",
        "201412": "50.42",
        "201501": "51.64",
        "201502": "51.54",
        "201503": "55.69",
        "201504": "54.84",
        "201505": "46.15",
        "201506": "45.65",
        "201507": "42.08",
        "201508": "32.20",
        "201509": "31.71",
        "201510": "34.96",
        "201511": "37.70",
        "201512": "36.85",
        "201601": "29.40",
        "201602": "29.56",
        "201603": "30.49",
        "201604": "26.59",
        "201605": "21.60",
        "201606": "22.35",
        "201607": "22.81",
        "201608": "22.55",
        "201609": "20.82",
        "201610": "18.72",
        "201611": "16.93",
        "201612": "17.28",
        "201701": "18.94",
        "201702": "22.80",
        "201703": "22.72",
        "201704": "21.32",
        "201705": "20.74",
        "201706": "22.18",
        "201707": "20.76",
        "201708": "19.24",
        "201709": "18.58",
        "201710": "18.41",
        "201711": "17.35",
        "201712": "17.33",
        "201801": "20.12",
        "201802": "20.07",
        "201803": "19.62",
        "201804": "18.77",
        "201805": "20.52",
        "201806": "21.14",
        "201807": "19.47",
        "201808": "21.73",
        "201809": "23.06",
        "201810": "22.01",
        "201811": "21.82",
        "201812": "20.09",
        "201901": "21.50",
        "201902": "22.38",
        "201903": "21.90",
        "201904": "22.03",
        "201905": "21.98",
        "201906": "21.06",
        "201907": "20.01",
        "201908": "18.64",
        "201909": "18.79",
        "201910": "18.88",
        "201911": "18.67",
        "201912": "18.60",
        "202001": "18.41",
        "202002": "17.99",
        "202003": "14.87",
        "202004": "14.78",
        "202005": "17.32",
        "202006": "17.20",
        "202007": "16.54",
        "202008": "15.75",
        "202009": "16.32",
        "202010": "21.30",
        "202011": "22.86",
        "202012": "22.12",
        "202101": "23.35",
        "202102": "25.47",
        "202103": "34.52",
        "202104": "36.32",
        "202105": "28.51",
        "202106": "25.20",
        "202107": "24.81",
        "202108": "23.58",
        "202109": "23.15",
        "202110": "21.01",
        "202111": "20.84",
        "202112": "21.17",
        "202201": "21.63",
        "202202": "21.18",
        "202203": "21.13",
        "202204": "21.95",
        "202205": "20.27",
        "202206": "19.41",
        "202207": "17.91",
        "202208": "21.22",
        "202209": "21.76",
        "202210": "19.24",
        "202211": "20.43",
        "202212": "22.26",
        "202301": "21.92",
        "202302": "25.10",
        "202303": "29.28",
        "202304": "28.55",
        "202305": "27.26"
    },
    "quarters": {
        "20011": {
            "year_quarter": 20011,
            "year": 2001,
            "quarter": 1,
            "eps": null,
            "eps_growth_year": null,
            "eps_4q": null,
            "eps_4q_growth_year": null,
            "roe": null,
            "roe_4q": 0,
            "gross_profit": null,
            "gross_margin": null,
            "gross_margin_4q_avg": 0,
            "net_income": null,
            "revenue": null,
            "common_shares": null,
            "book_valuer_per_share": null,
            "book_valuer_per_share_4q_avg": 0,
            "equity": null,
            "current_ratio": null,
            "debt_ratio": null,
            "inventory_turnover_ratio": null,
            "account_receivable_turnover_ratio": null,
            "reinvestment_rate": null,
            "research_to_sale_ratio": null,
            "price_fair": 0,
            "eps_avg_yearly": 0,
            "eps_latest_yearly": 0,
            "eps_growth_yearly": 0
        },
        "20012": {
            "year_quarter": 20012,
            "year": 2001,
            "quarter": 2,
            "eps": null,
            "eps_growth_year": null,
            "eps_4q": null,
            "eps_4q_growth_year": null,
            "roe": null,
            "roe_4q": 0,
            "gross_profit": null,
            "gross_margin": null,
            "gross_margin_4q_avg": 0,
            "net_income": null,
            "revenue": null,
            "common_shares": null,
            "book_valuer_per_share": null,
            "book_valuer_per_share_4q_avg": 0,
            "equity": null,
            "current_ratio": null,
            "debt_ratio": null,
            "inventory_turnover_ratio": null,
            "account_receivable_turnover_ratio": null,
            "reinvestment_rate": null,
            "research_to_sale_ratio": null,
            "price_fair": 0,
            "eps_avg_yearly": 0,
            "eps_latest_yearly": 0,
            "eps_growth_yearly": 0
        },
        "20013": {
            "year_quarter": 20013,
            "year": 2001,
            "quarter": 3,
            "eps": 1.03,
            "eps_growth_year": null,
            "eps_4q": null,
            "eps_4q_growth_year": null,
            "roe": 8.22,
            "roe_4q": 8.22,
            "gross_profit": 62421,
            "gross_margin": 35.92,
            "gross_margin_4q_avg": 11.97,
            "net_income": 32813,
            "revenue": 173758,
            "common_shares": 318000,
            "book_valuer_per_share": 12.55,
            "book_valuer_per_share_4q_avg": 4.18,
            "equity": 399189,
            "current_ratio": 148.52,
            "debt_ratio": 48.23,
            "inventory_turnover_ratio": 0.51,
            "account_receivable_turnover_ratio": null,
            "reinvestment_rate": null,
            "research_to_sale_ratio": null,
            "price_fair": 0,
            "eps_avg_yearly": 0,
            "eps_latest_yearly": 0,
            "eps_growth_yearly": 0
        },
        "20014": {
            "year_quarter": 20014,
            "year": 2001,
            "quarter": 4,
            "eps": 0.74,
            "eps_growth_year": null,
            "eps_4q": null,
            "eps_4q_growth_year": null,
            "roe": 5.69,
            "roe_4q": 13.91,
            "gross_profit": 53896,
            "gross_margin": 22.33,
            "gross_margin_4q_avg": 14.56,
            "net_income": 23439,
            "revenue": 241398,
            "common_shares": 318000,
            "book_valuer_per_share": 13.36,
            "book_valuer_per_share_4q_avg": 6.48,
            "equity": 424884,
            "current_ratio": 128.62,
            "debt_ratio": 45.76,
            "inventory_turnover_ratio": 1.29,
            "account_receivable_turnover_ratio": null,
            "reinvestment_rate": null,
            "research_to_sale_ratio": null,
            "price_fair": 0,
            "eps_avg_yearly": 0,
            "eps_latest_yearly": 0,
            "eps_growth_yearly": 0
        },
        "20021": {
            "year_quarter": 20021,
            "year": 2002,
            "quarter": 1,
            "eps": 0.75,
            "eps_growth_year": null,
            "eps_4q": null,
            "eps_4q_growth_year": null,
            "roe": 5.47,
            "roe_4q": 19.380000000000003,
            "gross_profit": 49742,
            "gross_margin": 30.19,
            "gross_margin_4q_avg": 22.11,
            "net_income": 23884,
            "revenue": 164741,
            "common_shares": 318000,
            "book_valuer_per_share": 14.12,
            "book_valuer_per_share_4q_avg": 10.01,
            "equity": 448936,
            "current_ratio": 129.58,
            "debt_ratio": 44.51,
            "inventory_turnover_ratio": 1.16,
            "account_receivable_turnover_ratio": null,
            "reinvestment_rate": null,
            "research_to_sale_ratio": null,
            "price_fair": 46.22,
            "eps_avg_yearly": 3,
            "eps_latest_yearly": 3,
            "eps_growth_yearly": 5.41
        },
        "20022": {
            "year_quarter": 20022,
            "year": 2002,
            "quarter": 2,
            "eps": 1.37,
            "eps_growth_year": null,
            "eps_4q": 3.65,
            "eps_4q_growth_year": null,
            "roe": 10.42,
            "roe_4q": 29.800000000000004,
            "gross_profit": 81548,
            "gross_margin": 23.31,
            "gross_margin_4q_avg": 27.94,
            "net_income": 48060,
            "revenue": 349835,
            "common_shares": 318000,
            "book_valuer_per_share": 14.9,
            "book_valuer_per_share_4q_avg": 13.73,
            "equity": 473709,
            "current_ratio": 139.28,
            "debt_ratio": 44.2,
            "inventory_turnover_ratio": 2.08,
            "account_receivable_turnover_ratio": null,
            "reinvestment_rate": null,
            "research_to_sale_ratio": null,
            "price_fair": 148.4,
            "eps_avg_yearly": 4.24,
            "eps_latest_yearly": 5.48,
            "eps_growth_yearly": 168.04
        },
        "20023": {
            "year_quarter": 20023,
            "year": 2002,
            "quarter": 3,
            "eps": 0.47,
            "eps_growth_year": -54.37,
            "eps_4q": 3.17,
            "eps_4q_growth_year": null,
            "roe": 3.42,
            "roe_4q": 25,
            "gross_profit": 43702,
            "gross_margin": 24.16,
            "gross_margin_4q_avg": 25,
            "net_income": 16591,
            "revenue": 180849,
            "common_shares": 349800,
            "book_valuer_per_share": 14.17,
            "book_valuer_per_share_4q_avg": 14.14,
            "equity": 495734,
            "current_ratio": 123.28,
            "debt_ratio": 49.53,
            "inventory_turnover_ratio": 0.85,
            "account_receivable_turnover_ratio": null,
            "reinvestment_rate": null,
            "research_to_sale_ratio": null,
            "price_fair": 118.91,
            "eps_avg_yearly": 3.45,
            "eps_latest_yearly": 1.88,
            "eps_growth_yearly": 24.43
        },
        "20024": {
            "year_quarter": 20024,
            "year": 2002,
            "quarter": 4,
            "eps": 1.4,
            "eps_growth_year": 89.19,
            "eps_4q": 3.93,
            "eps_4q_growth_year": null,
            "roe": 9.43,
            "roe_4q": 28.74,
            "gross_profit": 69745,
            "gross_margin": 25.86,
            "gross_margin_4q_avg": 25.88,
            "net_income": 48995,
            "revenue": 269681,
            "common_shares": 349800,
            "book_valuer_per_share": 15.53,
            "book_valuer_per_share_4q_avg": 14.68,
            "equity": 543381,
            "current_ratio": 140.38,
            "debt_ratio": 48.47,
            "inventory_turnover_ratio": 0.96,
            "account_receivable_turnover_ratio": null,
            "reinvestment_rate": null,
            "research_to_sale_ratio": null,
            "price_fair": 139.65,
            "eps_avg_yearly": 3.99,
            "eps_latest_yearly": 5.6,
            "eps_growth_yearly": 216.2
        },
        "20031": {
            "year_quarter": 20031,
            "year": 2003,
            "quarter": 1,
            "eps": 1.51,
            "eps_growth_year": 101.33,
            "eps_4q": 4.75,
            "eps_4q_growth_year": null,
            "roe": 9.29,
            "roe_4q": 32.56,
            "gross_profit": 98477,
            "gross_margin": 28.41,
            "gross_margin_4q_avg": 25.44,
            "net_income": 52955,
            "revenue": 346676,
            "common_shares": 349800,
            "book_valuer_per_share": 17.05,
            "book_valuer_per_share_4q_avg": 15.41,
            "equity": 596496,
            "current_ratio": 153.69,
            "debt_ratio": 45.23,
            "inventory_turnover_ratio": 0.89,
            "account_receivable_turnover_ratio": null,
            "reinvestment_rate": null,
            "research_to_sale_ratio": null,
            "price_fair": 154,
            "eps_avg_yearly": 4.4,
            "eps_latest_yearly": 6.04,
            "eps_growth_yearly": 179.24
        },
        "20032": {
            "year_quarter": 20032,
            "year": 2003,
            "quarter": 2,
            "eps": 1.22,
            "eps_growth_year": -10.95,
            "eps_4q": 3.86,
            "eps_4q_growth_year": 5.6,
            "roe": 8.97,
            "roe_4q": 31.11,
            "gross_profit": 74554,
            "gross_margin": 23.73,
            "gross_margin_4q_avg": 25.54,
            "net_income": 54801,
            "revenue": 314241,
            "common_shares": 349800,
            "book_valuer_per_share": 17.9,
            "book_valuer_per_share_4q_avg": 16.16,
            "equity": 626001,
            "current_ratio": 185.8,
            "debt_ratio": 36.01,
            "inventory_turnover_ratio": 0.81,
            "account_receivable_turnover_ratio": null,
            "reinvestment_rate": null,
            "research_to_sale_ratio": null,
            "price_fair": 156.8,
            "eps_avg_yearly": 4.48,
            "eps_latest_yearly": 4.88,
            "eps_growth_yearly": 136.57
        },
        "20033": {
            "year_quarter": 20033,
            "year": 2003,
            "quarter": 3,
            "eps": 0.72,
            "eps_growth_year": 53.19,
            "eps_4q": 4.22,
            "eps_4q_growth_year": 32.9,
            "roe": 5.04,
            "roe_4q": 32.730000000000004,
            "gross_profit": 43013,
            "gross_margin": 22.97,
            "gross_margin_4q_avg": 25.24,
            "net_income": 32286,
            "revenue": 187261,
            "common_shares": 449800,
            "book_valuer_per_share": 14.56,
            "book_valuer_per_share_4q_avg": 16.26,
            "equity": 654747,
            "current_ratio": 163.66,
            "debt_ratio": 38.62,
            "inventory_turnover_ratio": 0.64,
            "account_receivable_turnover_ratio": null,
            "reinvestment_rate": null,
            "research_to_sale_ratio": null,
            "price_fair": 148.8,
            "eps_avg_yearly": 4.25,
            "eps_latest_yearly": 2.88,
            "eps_growth_yearly": 93.64
        },
        "20034": {
            "year_quarter": 20034,
            "year": 2003,
            "quarter": 4,
            "eps": 1.77,
            "eps_growth_year": 26.43,
            "eps_4q": 4.89,
            "eps_4q_growth_year": 24.45,
            "roe": 11.39,
            "roe_4q": 34.69,
            "gross_profit": 106410,
            "gross_margin": 42.6,
            "gross_margin_4q_avg": 29.43,
            "net_income": 79428,
            "revenue": 249784,
            "common_shares": 449800,
            "book_valuer_per_share": 16.45,
            "book_valuer_per_share_4q_avg": 16.49,
            "equity": 739825,
            "current_ratio": 239.8,
            "debt_ratio": 26.65,
            "inventory_turnover_ratio": 1.06,
            "account_receivable_turnover_ratio": null,
            "reinvestment_rate": null,
            "research_to_sale_ratio": null,
            "price_fair": 161.18,
            "eps_avg_yearly": 4.61,
            "eps_latest_yearly": 7.08,
            "eps_growth_yearly": 154.85
        },
        "20041": {
            "year_quarter": 20041,
            "year": 2004,
            "quarter": 1,
            "eps": 0.52,
            "eps_growth_year": -65.56,
            "eps_4q": 4.24,
            "eps_4q_growth_year": -10.66,
            "roe": 3.18,
            "roe_4q": 28.58,
            "gross_profit": 47913,
            "gross_margin": 19.64,
            "gross_margin_4q_avg": 27.24,
            "net_income": 23251,
            "revenue": 243983,
            "common_shares": 449800,
            "book_valuer_per_share": 16.01,
            "book_valuer_per_share_4q_avg": 16.23,
            "equity": 720210,
            "current_ratio": 149.31,
            "debt_ratio": 47.58,
            "inventory_turnover_ratio": 0.74,
            "account_receivable_turnover_ratio": null,
            "reinvestment_rate": null,
            "research_to_sale_ratio": null,
            "price_fair": 151.36,
            "eps_avg_yearly": 4.32,
            "eps_latest_yearly": 2.08,
            "eps_growth_yearly": 106.26
        },
        "20042": {
            "year_quarter": 20042,
            "year": 2004,
            "quarter": 2,
            "eps": -0.25,
            "eps_growth_year": -120.49,
            "eps_4q": 2,
            "eps_4q_growth_year": -48.17,
            "roe": -2.1,
            "roe_4q": 17.51,
            "gross_profit": 10262,
            "gross_margin": 8.61,
            "gross_margin_4q_avg": 23.46,
            "net_income": -14964,
            "revenue": 119135,
            "common_shares": 600000,
            "book_valuer_per_share": 11.78,
            "book_valuer_per_share_4q_avg": 14.7,
            "equity": 706795,
            "current_ratio": 130.72,
            "debt_ratio": 49.82,
            "inventory_turnover_ratio": 0.23,
            "account_receivable_turnover_ratio": null,
            "reinvestment_rate": null,
            "research_to_sale_ratio": null,
            "price_fair": 151.36,
            "eps_avg_yearly": 4.32,
            "eps_latest_yearly": 2.08,
            "eps_growth_yearly": 106.26
        },
        "20043": {
            "year_quarter": 20043,
            "year": 2004,
            "quarter": 3,
            "eps": 0.09,
            "eps_growth_year": -87.5,
            "eps_4q": 1.5,
            "eps_4q_growth_year": -64.32,
            "roe": 0.79,
            "roe_4q": 13.260000000000002,
            "gross_profit": 12936,
            "gross_margin": 9.72,
            "gross_margin_4q_avg": 20.14,
            "net_income": 5582,
            "revenue": 133103,
            "common_shares": 600000,
            "book_valuer_per_share": 11.78,
            "book_valuer_per_share_4q_avg": 14.01,
            "equity": 706721,
            "current_ratio": 190.7,
            "debt_ratio": 64.49,
            "inventory_turnover_ratio": 0.22,
            "account_receivable_turnover_ratio": null,
            "reinvestment_rate": null,
            "research_to_sale_ratio": null,
            "price_fair": 151.36,
            "eps_avg_yearly": 4.32,
            "eps_latest_yearly": 2.08,
            "eps_growth_yearly": 106.26
        },
        "20044": {
            "year_quarter": 20044,
            "year": 2004,
            "quarter": 4,
            "eps": 0.52,
            "eps_growth_year": -70.62,
            "eps_4q": 0.75,
            "eps_4q_growth_year": -84.65,
            "roe": 4.33,
            "roe_4q": 6.2,
            "gross_profit": 64628,
            "gross_margin": 20.77,
            "gross_margin_4q_avg": 14.69,
            "net_income": 31247,
            "revenue": 311094,
            "common_shares": 600000,
            "book_valuer_per_share": 12.28,
            "book_valuer_per_share_4q_avg": 12.96,
            "equity": 737031,
            "current_ratio": 205.51,
            "debt_ratio": 62.43,
            "inventory_turnover_ratio": 0.39,
            "account_receivable_turnover_ratio": null,
            "reinvestment_rate": null,
            "research_to_sale_ratio": null,
            "price_fair": 143.5,
            "eps_avg_yearly": 4.1,
            "eps_latest_yearly": 2.08,
            "eps_growth_yearly": 286.74
        },
        "20051": {
            "year_quarter": 20051,
            "year": 2005,
            "quarter": 1,
            "eps": 0.48,
            "eps_growth_year": -7.69,
            "eps_4q": 0.85,
            "eps_4q_growth_year": -80,
            "roe": 3.78,
            "roe_4q": 6.799999999999999,
            "gross_profit": 67358,
            "gross_margin": 16.95,
            "gross_margin_4q_avg": 14.01,
            "net_income": 28454,
            "revenue": 397497,
            "common_shares": 602557,
            "book_valuer_per_share": 12.73,
            "book_valuer_per_share_4q_avg": 12.14,
            "equity": 766965,
            "current_ratio": 183.82,
            "debt_ratio": 63.65,
            "inventory_turnover_ratio": 0.47,
            "account_receivable_turnover_ratio": null,
            "reinvestment_rate": null,
            "research_to_sale_ratio": null,
            "price_fair": 136.56,
            "eps_avg_yearly": 3.9,
            "eps_latest_yearly": 1.92,
            "eps_growth_yearly": 257.88
        },
        "20052": {
            "year_quarter": 20052,
            "year": 2005,
            "quarter": 2,
            "eps": -0.12,
            "eps_growth_year": null,
            "eps_4q": 0.98,
            "eps_4q_growth_year": -51.16,
            "roe": -0.97,
            "roe_4q": 7.93,
            "gross_profit": 9657,
            "gross_margin": 6.42,
            "gross_margin_4q_avg": 13.47,
            "net_income": -7281,
            "revenue": 150404,
            "common_shares": 593842,
            "book_valuer_per_share": 12.26,
            "book_valuer_per_share_4q_avg": 12.26,
            "equity": 727778,
            "current_ratio": 175.01,
            "debt_ratio": 65.33,
            "inventory_turnover_ratio": 0.18,
            "account_receivable_turnover_ratio": null,
            "reinvestment_rate": 84.81,
            "research_to_sale_ratio": null,
            "price_fair": 136.56,
            "eps_avg_yearly": 3.9,
            "eps_latest_yearly": 1.92,
            "eps_growth_yearly": 257.88
        },
        "20053": {
            "year_quarter": 20053,
            "year": 2005,
            "quarter": 3,
            "eps": -1.19,
            "eps_growth_year": -1422.22,
            "eps_4q": -0.31,
            "eps_4q_growth_year": -120.5,
            "roe": -10.21,
            "roe_4q": -3.070000000000002,
            "gross_profit": 16503,
            "gross_margin": 8.22,
            "gross_margin_4q_avg": 13.09,
            "net_income": -70732,
            "revenue": 200795,
            "common_shares": 593842,
            "book_valuer_per_share": 11.08,
            "book_valuer_per_share_4q_avg": 12.09,
            "equity": 657848,
            "current_ratio": 189.68,
            "debt_ratio": 65.01,
            "inventory_turnover_ratio": 0.27,
            "account_receivable_turnover_ratio": null,
            "reinvestment_rate": 40.47,
            "research_to_sale_ratio": null,
            "price_fair": 136.56,
            "eps_avg_yearly": 3.9,
            "eps_latest_yearly": 1.92,
            "eps_growth_yearly": 257.88
        },
        "20054": {
            "year_quarter": 20054,
            "year": 2005,
            "quarter": 4,
            "eps": -0.42,
            "eps_growth_year": -180.77,
            "eps_4q": -1.96,
            "eps_4q_growth_year": -361.11,
            "roe": -3.13,
            "roe_4q": -10.530000000000001,
            "gross_profit": -17196,
            "gross_margin": -11.27,
            "gross_margin_4q_avg": 5.08,
            "net_income": -24815,
            "revenue": 152572,
            "common_shares": 598442,
            "book_valuer_per_share": 10.58,
            "book_valuer_per_share_4q_avg": 11.66,
            "equity": 929404,
            "current_ratio": 133.05,
            "debt_ratio": 66.84,
            "inventory_turnover_ratio": 0.3,
            "account_receivable_turnover_ratio": null,
            "reinvestment_rate": 180.83,
            "research_to_sale_ratio": null,
            "price_fair": 136.56,
            "eps_avg_yearly": 3.9,
            "eps_latest_yearly": 1.92,
            "eps_growth_yearly": 257.88
        },
        "20061": {
            "year_quarter": 20061,
            "year": 2006,
            "quarter": 1,
            "eps": 0.02,
            "eps_growth_year": -95.83,
            "eps_4q": -1.92,
            "eps_4q_growth_year": -325.78,
            "roe": 0.14,
            "roe_4q": -14.170000000000002,
            "gross_profit": 21628,
            "gross_margin": 7.63,
            "gross_margin_4q_avg": 2.75,
            "net_income": 1062,
            "revenue": 283607,
            "common_shares": 598442,
            "book_valuer_per_share": 10.58,
            "book_valuer_per_share_4q_avg": 11.13,
            "equity": 633246,
            "current_ratio": 167.74,
            "debt_ratio": 64.97,
            "inventory_turnover_ratio": 0.49,
            "account_receivable_turnover_ratio": null,
            "reinvestment_rate": 29.15,
            "research_to_sale_ratio": null,
            "price_fair": 139.72,
            "eps_avg_yearly": 3.99,
            "eps_latest_yearly": 1.92,
            "eps_growth_yearly": 283.12
        },
        "20062": {
            "year_quarter": 20062,
            "year": 2006,
            "quarter": 2,
            "eps": -0.56,
            "eps_growth_year": null,
            "eps_4q": -2.14,
            "eps_4q_growth_year": -318.78,
            "roe": -5.42,
            "roe_4q": -18.62,
            "gross_profit": -6776,
            "gross_margin": -3,
            "gross_margin_4q_avg": 0.4,
            "net_income": -33395,
            "revenue": 225753,
            "common_shares": 598442,
            "book_valuer_per_share": 10.03,
            "book_valuer_per_share_4q_avg": 10.57,
            "equity": 600115,
            "current_ratio": 179.12,
            "debt_ratio": 68.14,
            "inventory_turnover_ratio": 0.57,
            "account_receivable_turnover_ratio": null,
            "reinvestment_rate": 27.5,
            "research_to_sale_ratio": null,
            "price_fair": 133.93,
            "eps_avg_yearly": 3.83,
            "eps_latest_yearly": 1.92,
            "eps_growth_yearly": 277.84
        },
        "20063": {
            "year_quarter": 20063,
            "year": 2006,
            "quarter": 3,
            "eps": 0.14,
            "eps_growth_year": null,
            "eps_4q": -0.82,
            "eps_4q_growth_year": null,
            "roe": 1.37,
            "roe_4q": -7.039999999999999,
            "gross_profit": 18276,
            "gross_margin": 11.32,
            "gross_margin_4q_avg": 1.17,
            "net_income": 8293,
            "revenue": 161454,
            "common_shares": 598442,
            "book_valuer_per_share": 10.2,
            "book_valuer_per_share_4q_avg": 10.35,
            "equity": 610272,
            "current_ratio": 141.41,
            "debt_ratio": 60.49,
            "inventory_turnover_ratio": 0.38,
            "account_receivable_turnover_ratio": null,
            "reinvestment_rate": 23.07,
            "research_to_sale_ratio": null,
            "price_fair": 142.45,
            "eps_avg_yearly": 4.07,
            "eps_latest_yearly": 1.92,
            "eps_growth_yearly": 345.42
        },
        "20064": {
            "year_quarter": 20064,
            "year": 2006,
            "quarter": 4,
            "eps": 0.39,
            "eps_growth_year": null,
            "eps_4q": -0.02,
            "eps_4q_growth_year": null,
            "roe": 2.89,
            "roe_4q": -1.02,
            "gross_profit": -45668,
            "gross_margin": -26.38,
            "gross_margin_4q_avg": -2.61,
            "net_income": 23101,
            "revenue": 173126,
            "common_shares": 598442,
            "book_valuer_per_share": 10.58,
            "book_valuer_per_share_4q_avg": 10.35,
            "equity": 989832,
            "current_ratio": 89.19,
            "debt_ratio": 65.65,
            "inventory_turnover_ratio": 0.52,
            "account_receivable_turnover_ratio": null,
            "reinvestment_rate": 385.43,
            "research_to_sale_ratio": null,
            "price_fair": 124.78,
            "eps_avg_yearly": 3.57,
            "eps_latest_yearly": 1.56,
            "eps_growth_yearly": 335.77
        },
        "20071": {
            "year_quarter": 20071,
            "year": 2007,
            "quarter": 1,
            "eps": -0.02,
            "eps_growth_year": -200,
            "eps_4q": -0.05,
            "eps_4q_growth_year": null,
            "roe": -0.14,
            "roe_4q": -1.2999999999999998,
            "gross_profit": -4280,
            "gross_margin": -3.27,
            "gross_margin_4q_avg": -5.33,
            "net_income": -1161,
            "revenue": 130911,
            "common_shares": 598442,
            "book_valuer_per_share": 10.62,
            "book_valuer_per_share_4q_avg": 10.36,
            "equity": 635372,
            "current_ratio": 134.54,
            "debt_ratio": 60.17,
            "inventory_turnover_ratio": 0.38,
            "account_receivable_turnover_ratio": null,
            "reinvestment_rate": 28.79,
            "research_to_sale_ratio": null,
            "price_fair": 112.4,
            "eps_avg_yearly": 3.21,
            "eps_latest_yearly": 1.56,
            "eps_growth_yearly": 379.25
        },
        "20072": {
            "year_quarter": 20072,
            "year": 2007,
            "quarter": 2,
            "eps": 1.39,
            "eps_growth_year": null,
            "eps_4q": 1.88,
            "eps_4q_growth_year": null,
            "roe": 12.08,
            "roe_4q": 16.2,
            "gross_profit": -7845,
            "gross_margin": -4,
            "gross_margin_4q_avg": -5.58,
            "net_income": 86334,
            "revenue": 196277,
            "common_shares": 668442,
            "book_valuer_per_share": 11.88,
            "book_valuer_per_share_4q_avg": 10.82,
            "equity": 794211,
            "current_ratio": 159.1,
            "debt_ratio": 47.38,
            "inventory_turnover_ratio": 0.65,
            "account_receivable_turnover_ratio": null,
            "reinvestment_rate": 18.92,
            "research_to_sale_ratio": null,
            "price_fair": 102.67,
            "eps_avg_yearly": 2.93,
            "eps_latest_yearly": 1.56,
            "eps_growth_yearly": 455.26
        },
        "20073": {
            "year_quarter": 20073,
            "year": 2007,
            "quarter": 3,
            "eps": 0.96,
            "eps_growth_year": 585.71,
            "eps_4q": 2.66,
            "eps_4q_growth_year": null,
            "roe": 7.42,
            "roe_4q": 22.25,
            "gross_profit": 29635,
            "gross_margin": 13.4,
            "gross_margin_4q_avg": -5.06,
            "net_income": 61270,
            "revenue": 221183,
            "common_shares": 668564,
            "book_valuer_per_share": 12.81,
            "book_valuer_per_share_4q_avg": 11.47,
            "equity": 856509,
            "current_ratio": 165.07,
            "debt_ratio": 43.81,
            "inventory_turnover_ratio": 0.58,
            "account_receivable_turnover_ratio": null,
            "reinvestment_rate": 7.78,
            "research_to_sale_ratio": null,
            "price_fair": 108.27,
            "eps_avg_yearly": 3.09,
            "eps_latest_yearly": 3.84,
            "eps_growth_yearly": 461.96
        },
        "20074": {
            "year_quarter": 20074,
            "year": 2007,
            "quarter": 4,
            "eps": -0.57,
            "eps_growth_year": -246.15,
            "eps_4q": 0.82,
            "eps_4q_growth_year": null,
            "roe": -3.36,
            "roe_4q": 16,
            "gross_profit": 4600,
            "gross_margin": 3.3,
            "gross_margin_4q_avg": 2.36,
            "net_income": -36541,
            "revenue": 139222,
            "common_shares": 668564,
            "book_valuer_per_share": 12.3,
            "book_valuer_per_share_4q_avg": 11.9,
            "equity": 1315935,
            "current_ratio": 114.12,
            "debt_ratio": 62.91,
            "inventory_turnover_ratio": 0.28,
            "account_receivable_turnover_ratio": null,
            "reinvestment_rate": 913.51,
            "research_to_sale_ratio": null,
            "price_fair": 80.36,
            "eps_avg_yearly": 2.3,
            "eps_latest_yearly": 3.84,
            "eps_growth_yearly": 437.68
        },
        "20081": {
            "year_quarter": 20081,
            "year": 2008,
            "quarter": 1,
            "eps": 0.02,
            "eps_growth_year": null,
            "eps_4q": 1.58,
            "eps_4q_growth_year": null,
            "roe": 0.13,
            "roe_4q": 16.27,
            "gross_profit": 33479,
            "gross_margin": 23.26,
            "gross_margin_4q_avg": 8.99,
            "net_income": 1425,
            "revenue": 143921,
            "common_shares": 668564,
            "book_valuer_per_share": 13.41,
            "book_valuer_per_share_4q_avg": 12.6,
            "equity": 896249,
            "current_ratio": 153.08,
            "debt_ratio": 43.32,
            "inventory_turnover_ratio": 0.21,
            "account_receivable_turnover_ratio": null,
            "reinvestment_rate": -0.77,
            "research_to_sale_ratio": null,
            "price_fair": 82.25,
            "eps_avg_yearly": 2.35,
            "eps_latest_yearly": 3.84,
            "eps_growth_yearly": 617.72
        },
        "20082": {
            "year_quarter": 20082,
            "year": 2008,
            "quarter": 2,
            "eps": -0.4,
            "eps_growth_year": -128.78,
            "eps_4q": -0.01,
            "eps_4q_growth_year": -100.69,
            "roe": -3.16,
            "roe_4q": 1.0299999999999994,
            "gross_profit": 10411,
            "gross_margin": 8.02,
            "gross_margin_4q_avg": 12,
            "net_income": -27018,
            "revenue": 129815,
            "common_shares": 668564,
            "book_valuer_per_share": 12.2,
            "book_valuer_per_share_4q_avg": 12.68,
            "equity": 815519,
            "current_ratio": 129.11,
            "debt_ratio": 47.64,
            "inventory_turnover_ratio": 0.27,
            "account_receivable_turnover_ratio": null,
            "reinvestment_rate": -182.43,
            "research_to_sale_ratio": null,
            "price_fair": 82.25,
            "eps_avg_yearly": 2.35,
            "eps_latest_yearly": 3.84,
            "eps_growth_yearly": 617.72
        },
        "20083": {
            "year_quarter": 20083,
            "year": 2008,
            "quarter": 3,
            "eps": 0.14,
            "eps_growth_year": -85.42,
            "eps_4q": -0.82,
            "eps_4q_growth_year": -130.91,
            "roe": 1.08,
            "roe_4q": -5.3100000000000005,
            "gross_profit": 20275,
            "gross_margin": 16.4,
            "gross_margin_4q_avg": 12.75,
            "net_income": 9051,
            "revenue": 123616,
            "common_shares": 668564,
            "book_valuer_per_share": 12.84,
            "book_valuer_per_share_4q_avg": 12.69,
            "equity": 858557,
            "current_ratio": 130.41,
            "debt_ratio": 45.02,
            "inventory_turnover_ratio": 0.23,
            "account_receivable_turnover_ratio": null,
            "reinvestment_rate": -340.84,
            "research_to_sale_ratio": null,
            "price_fair": 82.25,
            "eps_avg_yearly": 2.35,
            "eps_latest_yearly": 3.84,
            "eps_growth_yearly": 617.72
        },
        "20084": {
            "year_quarter": 20084,
            "year": 2008,
            "quarter": 4,
            "eps": -0.3,
            "eps_growth_year": null,
            "eps_4q": -0.54,
            "eps_4q_growth_year": -165.62,
            "roe": -2.48,
            "roe_4q": -4.430000000000001,
            "gross_profit": 31550,
            "gross_margin": 24.02,
            "gross_margin_4q_avg": 17.93,
            "net_income": -21316,
            "revenue": 131366,
            "common_shares": 701992,
            "book_valuer_per_share": 12.26,
            "book_valuer_per_share_4q_avg": 12.68,
            "equity": 860673,
            "current_ratio": 139.76,
            "debt_ratio": 43.16,
            "inventory_turnover_ratio": 0.22,
            "account_receivable_turnover_ratio": 3.75,
            "reinvestment_rate": null,
            "research_to_sale_ratio": null,
            "price_fair": 85.4,
            "eps_avg_yearly": 2.44,
            "eps_latest_yearly": 3.84,
            "eps_growth_yearly": 186.59
        },
        "20091": {
            "year_quarter": 20091,
            "year": 2009,
            "quarter": 1,
            "eps": 0.04,
            "eps_growth_year": 100,
            "eps_4q": -0.59,
            "eps_4q_growth_year": -137.33,
            "roe": 0.25,
            "roe_4q": -4.3100000000000005,
            "gross_profit": 23336,
            "gross_margin": 15.44,
            "gross_margin_4q_avg": 15.97,
            "net_income": 2497,
            "revenue": 151171,
            "common_shares": 904792,
            "book_valuer_per_share": 11.86,
            "book_valuer_per_share_4q_avg": 12.29,
            "equity": 1152662,
            "current_ratio": 127.63,
            "debt_ratio": 41.24,
            "inventory_turnover_ratio": 0.31,
            "account_receivable_turnover_ratio": 2.3,
            "reinvestment_rate": null,
            "research_to_sale_ratio": null,
            "price_fair": 94.5,
            "eps_avg_yearly": 2.7,
            "eps_latest_yearly": 3.84,
            "eps_growth_yearly": 295.27
        },
        "20092": {
            "year_quarter": 20092,
            "year": 2009,
            "quarter": 2,
            "eps": 0.16,
            "eps_growth_year": null,
            "eps_4q": 0.04,
            "eps_4q_growth_year": null,
            "roe": 1.15,
            "roe_4q": 0,
            "gross_profit": 31494,
            "gross_margin": 22.23,
            "gross_margin_4q_avg": 19.52,
            "net_income": 13251,
            "revenue": 141651,
            "common_shares": 904792,
            "book_valuer_per_share": 11.87,
            "book_valuer_per_share_4q_avg": 12.21,
            "equity": 1153682,
            "current_ratio": 151.71,
            "debt_ratio": 36.7,
            "inventory_turnover_ratio": 0.27,
            "account_receivable_turnover_ratio": 1.85,
            "reinvestment_rate": null,
            "research_to_sale_ratio": null,
            "price_fair": 70.47,
            "eps_avg_yearly": 2.01,
            "eps_latest_yearly": 0.64,
            "eps_growth_yearly": 596.85
        },
        "20093": {
            "year_quarter": 20093,
            "year": 2009,
            "quarter": 3,
            "eps": 0.7,
            "eps_growth_year": 400,
            "eps_4q": 0.63,
            "eps_4q_growth_year": null,
            "roe": 4.93,
            "roe_4q": 3.85,
            "gross_profit": 70829,
            "gross_margin": 32.21,
            "gross_margin_4q_avg": 23.48,
            "net_income": 58238,
            "revenue": 219873,
            "common_shares": 904792,
            "book_valuer_per_share": 12.48,
            "book_valuer_per_share_4q_avg": 12.12,
            "equity": 1208926,
            "current_ratio": 142.92,
            "debt_ratio": 41.81,
            "inventory_turnover_ratio": 0.3,
            "account_receivable_turnover_ratio": 3.22,
            "reinvestment_rate": -49.16,
            "research_to_sale_ratio": null,
            "price_fair": 77.35,
            "eps_avg_yearly": 2.21,
            "eps_latest_yearly": 2.8,
            "eps_growth_yearly": 785.14
        },
        "20094": {
            "year_quarter": 20094,
            "year": 2009,
            "quarter": 4,
            "eps": 0.58,
            "eps_growth_year": null,
            "eps_4q": 1.37,
            "eps_4q_growth_year": null,
            "roe": 4.07,
            "roe_4q": 10.4,
            "gross_profit": 71332,
            "gross_margin": 22.66,
            "gross_margin_4q_avg": 23.14,
            "net_income": 50035,
            "revenue": 314734,
            "common_shares": 904792,
            "book_valuer_per_share": 12.95,
            "book_valuer_per_share_4q_avg": 12.29,
            "equity": 1252108,
            "current_ratio": 116.61,
            "debt_ratio": 45.6,
            "inventory_turnover_ratio": 0.7,
            "account_receivable_turnover_ratio": 7.25,
            "reinvestment_rate": -105.89,
            "research_to_sale_ratio": null,
            "price_fair": 78.12,
            "eps_avg_yearly": 2.23,
            "eps_latest_yearly": 2.32,
            "eps_growth_yearly": 614.39
        },
        "20101": {
            "year_quarter": 20101,
            "year": 2010,
            "quarter": 1,
            "eps": 0.59,
            "eps_growth_year": 1375,
            "eps_4q": 1.93,
            "eps_4q_growth_year": null,
            "roe": 4.15,
            "roe_4q": 14.3,
            "gross_profit": 94277,
            "gross_margin": 20.06,
            "gross_margin_4q_avg": 24.29,
            "net_income": 53010,
            "revenue": 469888,
            "common_shares": 904792,
            "book_valuer_per_share": 13.51,
            "book_valuer_per_share_4q_avg": 12.7,
            "equity": 1302491,
            "current_ratio": 118.92,
            "debt_ratio": 41.17,
            "inventory_turnover_ratio": 3.25,
            "account_receivable_turnover_ratio": 4.25,
            "reinvestment_rate": 121.36,
            "research_to_sale_ratio": 0.14,
            "price_fair": 78.87,
            "eps_avg_yearly": 2.25,
            "eps_latest_yearly": 2.36,
            "eps_growth_yearly": 513.14
        },
        "20102": {
            "year_quarter": 20102,
            "year": 2010,
            "quarter": 2,
            "eps": 0.51,
            "eps_growth_year": 215.68,
            "eps_4q": 2.12,
            "eps_4q_growth_year": 4963.71,
            "roe": 3.78,
            "roe_4q": 16.93,
            "gross_profit": 69523,
            "gross_margin": 18.83,
            "gross_margin_4q_avg": 23.44,
            "net_income": 50236,
            "revenue": 369308,
            "common_shares": 904792,
            "book_valuer_per_share": 14.06,
            "book_valuer_per_share_4q_avg": 13.25,
            "equity": 1352357,
            "current_ratio": 126.29,
            "debt_ratio": 41.56,
            "inventory_turnover_ratio": 2.35,
            "account_receivable_turnover_ratio": 2.55,
            "reinvestment_rate": 207.03,
            "research_to_sale_ratio": 0.34,
            "price_fair": 77.8,
            "eps_avg_yearly": 2.22,
            "eps_latest_yearly": 2.04,
            "eps_growth_yearly": 432.09
        },
        "20103": {
            "year_quarter": 20103,
            "year": 2010,
            "quarter": 3,
            "eps": 0.16,
            "eps_growth_year": -76.45,
            "eps_4q": 1.45,
            "eps_4q_growth_year": 128.86,
            "roe": 1.21,
            "roe_4q": 13.21,
            "gross_profit": 39575,
            "gross_margin": 16.12,
            "gross_margin_4q_avg": 19.42,
            "net_income": 19571,
            "revenue": 245500,
            "common_shares": 1104793,
            "book_valuer_per_share": 16.32,
            "book_valuer_per_share_4q_avg": 14.21,
            "equity": 1882941,
            "current_ratio": 232.23,
            "debt_ratio": 23.17,
            "inventory_turnover_ratio": 1.48,
            "account_receivable_turnover_ratio": 1.42,
            "reinvestment_rate": 227.06,
            "research_to_sale_ratio": 0.34,
            "price_fair": 70.88,
            "eps_avg_yearly": 2.03,
            "eps_latest_yearly": 0.64,
            "eps_growth_yearly": 343.77
        },
        "20104": {
            "year_quarter": 20104,
            "year": 2010,
            "quarter": 4,
            "eps": 0.59,
            "eps_growth_year": 2.43,
            "eps_4q": 1.62,
            "eps_4q_growth_year": 18.68,
            "roe": 3.45,
            "roe_4q": 12.59,
            "gross_profit": 65927,
            "gross_margin": 16.71,
            "gross_margin_4q_avg": 17.93,
            "net_income": 70790,
            "revenue": 394600,
            "common_shares": 1193176,
            "book_valuer_per_share": 17.87,
            "book_valuer_per_share_4q_avg": 15.44,
            "equity": 2226013,
            "current_ratio": 205.96,
            "debt_ratio": 23.13,
            "inventory_turnover_ratio": 2.5,
            "account_receivable_turnover_ratio": 2,
            "reinvestment_rate": 113.65,
            "research_to_sale_ratio": 0.34,
            "price_fair": 74.38,
            "eps_avg_yearly": 2.13,
            "eps_latest_yearly": 2.36,
            "eps_growth_yearly": 388.85
        },
        "20111": {
            "year_quarter": 20111,
            "year": 2011,
            "quarter": 1,
            "eps": 11.01,
            "eps_growth_year": 1766.1,
            "eps_4q": 12.04,
            "eps_4q_growth_year": 524.94,
            "roe": 43.87,
            "roe_4q": 52.31,
            "gross_profit": 78168,
            "gross_margin": 31.16,
            "gross_margin_4q_avg": 20.71,
            "net_income": 1312383,
            "revenue": 250871,
            "common_shares": 1193176,
            "book_valuer_per_share": 30.71,
            "book_valuer_per_share_4q_avg": 19.74,
            "equity": 3757222,
            "current_ratio": 487.74,
            "debt_ratio": 26.92,
            "inventory_turnover_ratio": 1.2,
            "account_receivable_turnover_ratio": 1.18,
            "reinvestment_rate": 33.04,
            "research_to_sale_ratio": 1.03,
            "price_fair": 237.38,
            "eps_avg_yearly": 6.78,
            "eps_latest_yearly": 44.04,
            "eps_growth_yearly": 1130.58
        },
        "20112": {
            "year_quarter": 20112,
            "year": 2011,
            "quarter": 2,
            "eps": 0.04,
            "eps_growth_year": -92.53,
            "eps_4q": 10.44,
            "eps_4q_growth_year": 391.72,
            "roe": 0.1,
            "roe_4q": 48.63,
            "gross_profit": 43104,
            "gross_margin": 37.29,
            "gross_margin_4q_avg": 25.32,
            "net_income": 3658,
            "revenue": 115580,
            "common_shares": 1207466,
            "book_valuer_per_share": 30.13,
            "book_valuer_per_share_4q_avg": 23.76,
            "equity": 3731241,
            "current_ratio": 497.66,
            "debt_ratio": 24.11,
            "inventory_turnover_ratio": 0.4,
            "account_receivable_turnover_ratio": 0.55,
            "reinvestment_rate": 49.19,
            "research_to_sale_ratio": 3.44,
            "price_fair": 214.2,
            "eps_avg_yearly": 6.12,
            "eps_latest_yearly": 0.16,
            "eps_growth_yearly": 977.67
        },
        "20113": {
            "year_quarter": 20113,
            "year": 2011,
            "quarter": 3,
            "eps": 0.58,
            "eps_growth_year": 250.64,
            "eps_4q": 10.84,
            "eps_4q_growth_year": 648.21,
            "roe": 2.09,
            "roe_4q": 49.51,
            "gross_profit": 44744,
            "gross_margin": 37.2,
            "gross_margin_4q_avg": 30.59,
            "net_income": 78043,
            "revenue": 120276,
            "common_shares": 1234532,
            "book_valuer_per_share": 29.57,
            "book_valuer_per_share_4q_avg": 27.07,
            "equity": 3743305,
            "current_ratio": 538.49,
            "debt_ratio": 22.49,
            "inventory_turnover_ratio": 0.4,
            "account_receivable_turnover_ratio": 0.58,
            "reinvestment_rate": 59.19,
            "research_to_sale_ratio": 3.3,
            "price_fair": 208.88,
            "eps_avg_yearly": 5.97,
            "eps_latest_yearly": 2.32,
            "eps_growth_yearly": 1530.04
        },
        "20114": {
            "year_quarter": 20114,
            "year": 2011,
            "quarter": 4,
            "eps": 0.36,
            "eps_growth_year": -39.48,
            "eps_4q": 10.67,
            "eps_4q_growth_year": 557.04,
            "roe": 1.31,
            "roe_4q": 47.37,
            "gross_profit": 115730,
            "gross_margin": 15.12,
            "gross_margin_4q_avg": 30.19,
            "net_income": 48570,
            "revenue": 765413,
            "common_shares": 1354235,
            "book_valuer_per_share": 26.62,
            "book_valuer_per_share_4q_avg": 29.26,
            "equity": 3697768,
            "current_ratio": 602.7,
            "debt_ratio": 23.04,
            "inventory_turnover_ratio": 3.3,
            "account_receivable_turnover_ratio": 2.92,
            "reinvestment_rate": -20.78,
            "research_to_sale_ratio": 1.21,
            "price_fair": 194.47,
            "eps_avg_yearly": 5.56,
            "eps_latest_yearly": 1.44,
            "eps_growth_yearly": 1377.16
        },
        "20121": {
            "year_quarter": 20121,
            "year": 2012,
            "quarter": 1,
            "eps": 0.36,
            "eps_growth_year": -96.73,
            "eps_4q": 1.33,
            "eps_4q_growth_year": -88.94,
            "roe": 1.3,
            "roe_4q": 4.8,
            "gross_profit": 58540,
            "gross_margin": 19.22,
            "gross_margin_4q_avg": 27.21,
            "net_income": 48904,
            "revenue": 304531,
            "common_shares": 1357455,
            "book_valuer_per_share": 27.29,
            "book_valuer_per_share_4q_avg": 28.4,
            "equity": 3796898,
            "current_ratio": 441.28,
            "debt_ratio": 20.88,
            "inventory_turnover_ratio": 1.26,
            "account_receivable_turnover_ratio": 0.85,
            "reinvestment_rate": 112.67,
            "research_to_sale_ratio": 1.34,
            "price_fair": 182.47,
            "eps_avg_yearly": 5.21,
            "eps_latest_yearly": 1.44,
            "eps_growth_yearly": 1262.39
        },
        "20122": {
            "year_quarter": 20122,
            "year": 2012,
            "quarter": 2,
            "eps": -0.2,
            "eps_growth_year": -635.69,
            "eps_4q": 0.81,
            "eps_4q_growth_year": -92.23,
            "roe": -0.96,
            "roe_4q": 3.74,
            "gross_profit": 64260,
            "gross_margin": 21.55,
            "gross_margin_4q_avg": 23.27,
            "net_income": -35368,
            "revenue": 298244,
            "common_shares": 1357455,
            "book_valuer_per_share": 25.48,
            "book_valuer_per_share_4q_avg": 27.24,
            "equity": 3551824,
            "current_ratio": 333.07,
            "debt_ratio": 26.24,
            "inventory_turnover_ratio": 1.25,
            "account_receivable_turnover_ratio": 0.61,
            "reinvestment_rate": 117.13,
            "research_to_sale_ratio": 1.22,
            "price_fair": 182.47,
            "eps_avg_yearly": 5.21,
            "eps_latest_yearly": 1.44,
            "eps_growth_yearly": 1262.39
        },
        "20123": {
            "year_quarter": 20123,
            "year": 2012,
            "quarter": 3,
            "eps": 0.09,
            "eps_growth_year": -85.18,
            "eps_4q": 0.45,
            "eps_4q_growth_year": -95.88,
            "roe": 0.39,
            "roe_4q": 2.04,
            "gross_profit": 51593,
            "gross_margin": 14.98,
            "gross_margin_4q_avg": 17.72,
            "net_income": 14197,
            "revenue": 344300,
            "common_shares": 1736121,
            "book_valuer_per_share": 19.89,
            "book_valuer_per_share_4q_avg": 24.82,
            "equity": 3638328,
            "current_ratio": 314.54,
            "debt_ratio": 27.3,
            "inventory_turnover_ratio": 1.55,
            "account_receivable_turnover_ratio": 0.57,
            "reinvestment_rate": 125.96,
            "research_to_sale_ratio": 1.16,
            "price_fair": 182.47,
            "eps_avg_yearly": 5.21,
            "eps_latest_yearly": 1.44,
            "eps_growth_yearly": 1262.39
        },
        "20124": {
            "year_quarter": 20124,
            "year": 2012,
            "quarter": 4,
            "eps": 0.31,
            "eps_growth_year": -12.86,
            "eps_4q": 0.48,
            "eps_4q_growth_year": -95.51,
            "roe": 1.47,
            "roe_4q": 2.2,
            "gross_profit": 84955,
            "gross_margin": 12.2,
            "gross_margin_4q_avg": 16.99,
            "net_income": 53731,
            "revenue": 696494,
            "common_shares": 1736121,
            "book_valuer_per_share": 19.96,
            "book_valuer_per_share_4q_avg": 23.16,
            "equity": 3649337,
            "current_ratio": 262.54,
            "debt_ratio": 28.54,
            "inventory_turnover_ratio": 3.54,
            "account_receivable_turnover_ratio": 0.73,
            "reinvestment_rate": 134.44,
            "research_to_sale_ratio": 0.5,
            "price_fair": 171.77,
            "eps_avg_yearly": 4.91,
            "eps_latest_yearly": 1.24,
            "eps_growth_yearly": 1240.5
        },
        "20131": {
            "year_quarter": 20131,
            "year": 2013,
            "quarter": 1,
            "eps": 0.36,
            "eps_growth_year": 0,
            "eps_4q": 0.56,
            "eps_4q_growth_year": -57.95,
            "roe": 1.65,
            "roe_4q": 2.5500000000000003,
            "gross_profit": 103198,
            "gross_margin": 26.33,
            "gross_margin_4q_avg": 18.77,
            "net_income": 60996,
            "revenue": 391925,
            "common_shares": 1737344,
            "book_valuer_per_share": 20.57,
            "book_valuer_per_share_4q_avg": 21.48,
            "equity": 3749444,
            "current_ratio": 261.04,
            "debt_ratio": 30.59,
            "inventory_turnover_ratio": 1.47,
            "account_receivable_turnover_ratio": 0.5,
            "reinvestment_rate": 27.86,
            "research_to_sale_ratio": 1.99,
            "price_fair": 163.1,
            "eps_avg_yearly": 4.66,
            "eps_latest_yearly": 1.44,
            "eps_growth_yearly": 1156.5
        },
        "20132": {
            "year_quarter": 20132,
            "year": 2013,
            "quarter": 2,
            "eps": 0.59,
            "eps_growth_year": null,
            "eps_4q": 1.36,
            "eps_4q_growth_year": 67.11,
            "roe": 2.83,
            "roe_4q": 6.34,
            "gross_profit": 158627,
            "gross_margin": 27.89,
            "gross_margin_4q_avg": 20.35,
            "net_income": 104334,
            "revenue": 568838,
            "common_shares": 1737344,
            "book_valuer_per_share": 19.78,
            "book_valuer_per_share_4q_avg": 20.05,
            "equity": 3617219,
            "current_ratio": 221.15,
            "debt_ratio": 36.07,
            "inventory_turnover_ratio": 1.93,
            "account_receivable_turnover_ratio": 2.29,
            "reinvestment_rate": 24.64,
            "research_to_sale_ratio": 1.46,
            "price_fair": 167.4,
            "eps_avg_yearly": 4.78,
            "eps_latest_yearly": 2.36,
            "eps_growth_yearly": 1089.04
        },
        "20133": {
            "year_quarter": 20133,
            "year": 2013,
            "quarter": 3,
            "eps": 0.61,
            "eps_growth_year": 612.38,
            "eps_4q": 1.82,
            "eps_4q_growth_year": 306.87,
            "roe": 2.76,
            "roe_4q": 8.71,
            "gross_profit": 167140,
            "gross_margin": 25.14,
            "gross_margin_4q_avg": 22.89,
            "net_income": 104271,
            "revenue": 664952,
            "common_shares": 1806141,
            "book_valuer_per_share": 20.69,
            "book_valuer_per_share_4q_avg": 20.25,
            "equity": 3927312,
            "current_ratio": 238.47,
            "debt_ratio": 32.47,
            "inventory_turnover_ratio": 2.44,
            "account_receivable_turnover_ratio": 3.35,
            "reinvestment_rate": 22.89,
            "research_to_sale_ratio": 1.23,
            "price_fair": 166.5,
            "eps_avg_yearly": 4.76,
            "eps_latest_yearly": 2.44,
            "eps_growth_yearly": 993.58
        },
        "20134": {
            "year_quarter": 20134,
            "year": 2013,
            "quarter": 4,
            "eps": 0.53,
            "eps_growth_year": 68.41,
            "eps_4q": 1.99,
            "eps_4q_growth_year": 315,
            "roe": 2.42,
            "roe_4q": 9.66,
            "gross_profit": 160635,
            "gross_margin": 23.06,
            "gross_margin_4q_avg": 25.61,
            "net_income": 98448,
            "revenue": 696471,
            "common_shares": 1868208,
            "book_valuer_per_share": 21.59,
            "book_valuer_per_share_4q_avg": 20.66,
            "equity": 4223304,
            "current_ratio": 190.43,
            "debt_ratio": 38.98,
            "inventory_turnover_ratio": 2.49,
            "account_receivable_turnover_ratio": 3,
            "reinvestment_rate": 9.62,
            "research_to_sale_ratio": 1.43,
            "price_fair": 166,
            "eps_avg_yearly": 4.74,
            "eps_latest_yearly": 2.12,
            "eps_growth_yearly": 994.73
        },
        "20141": {
            "year_quarter": 20141,
            "year": 2014,
            "quarter": 1,
            "eps": 0.51,
            "eps_growth_year": 41.67,
            "eps_4q": 2.15,
            "eps_4q_growth_year": 283.23,
            "roe": 2.21,
            "roe_4q": 10.219999999999999,
            "gross_profit": 160564,
            "gross_margin": 19.97,
            "gross_margin_4q_avg": 24.02,
            "net_income": 94782,
            "revenue": 804168,
            "common_shares": 1869575,
            "book_valuer_per_share": 22.17,
            "book_valuer_per_share_4q_avg": 21.06,
            "equity": 4372136,
            "current_ratio": 198.39,
            "debt_ratio": 38.1,
            "inventory_turnover_ratio": 2.76,
            "account_receivable_turnover_ratio": 3.09,
            "reinvestment_rate": 10.03,
            "research_to_sale_ratio": 1.25,
            "price_fair": 165.2,
            "eps_avg_yearly": 4.72,
            "eps_latest_yearly": 2.04,
            "eps_growth_yearly": 993.16
        },
        "20142": {
            "year_quarter": 20142,
            "year": 2014,
            "quarter": 2,
            "eps": 1.36,
            "eps_growth_year": 130.51,
            "eps_4q": 2.96,
            "eps_4q_growth_year": 118.47,
            "roe": 5.94,
            "roe_4q": 13.33,
            "gross_profit": 215812,
            "gross_margin": 23.69,
            "gross_margin_4q_avg": 22.97,
            "net_income": 254145,
            "revenue": 910912,
            "common_shares": 1869575,
            "book_valuer_per_share": 21.17,
            "book_valuer_per_share_4q_avg": 21.41,
            "equity": 4185330,
            "current_ratio": 203.56,
            "debt_ratio": 46.83,
            "inventory_turnover_ratio": 2.75,
            "account_receivable_turnover_ratio": 3.51,
            "reinvestment_rate": -6.08,
            "research_to_sale_ratio": 1.25,
            "price_fair": 173.7,
            "eps_avg_yearly": 4.96,
            "eps_latest_yearly": 5.44,
            "eps_growth_yearly": 1044.65
        },
        "20143": {
            "year_quarter": 20143,
            "year": 2014,
            "quarter": 3,
            "eps": 0.95,
            "eps_growth_year": 55.74,
            "eps_4q": 3.34,
            "eps_4q_growth_year": 84.02,
            "roe": 4.05,
            "roe_4q": 14.62,
            "gross_profit": 249783,
            "gross_margin": 23.42,
            "gross_margin_4q_avg": 22.54,
            "net_income": 176494,
            "revenue": 1066514,
            "common_shares": 1869575,
            "book_valuer_per_share": 22.23,
            "book_valuer_per_share_4q_avg": 21.79,
            "equity": 4520140,
            "current_ratio": 192.67,
            "debt_ratio": 46.66,
            "inventory_turnover_ratio": 2.95,
            "account_receivable_turnover_ratio": 4.33,
            "reinvestment_rate": -6.36,
            "research_to_sale_ratio": 0.78,
            "price_fair": 181.6,
            "eps_avg_yearly": 5.19,
            "eps_latest_yearly": 3.8,
            "eps_growth_yearly": 1055.65
        },
        "20144": {
            "year_quarter": 20144,
            "year": 2014,
            "quarter": 4,
            "eps": 0.48,
            "eps_growth_year": -8.13,
            "eps_4q": 3.31,
            "eps_4q_growth_year": 66.15,
            "roe": 1.93,
            "roe_4q": 14.129999999999999,
            "gross_profit": 166504,
            "gross_margin": 14.14,
            "gross_margin_4q_avg": 20.31,
            "net_income": 88948,
            "revenue": 1177871,
            "common_shares": 1869575,
            "book_valuer_per_share": 22.93,
            "book_valuer_per_share_4q_avg": 22.13,
            "equity": 4711312,
            "current_ratio": 189.53,
            "debt_ratio": 45.39,
            "inventory_turnover_ratio": 3.48,
            "account_receivable_turnover_ratio": 5.21,
            "reinvestment_rate": -14.96,
            "research_to_sale_ratio": 0.51,
            "price_fair": 180.5,
            "eps_avg_yearly": 5.16,
            "eps_latest_yearly": 1.92,
            "eps_growth_yearly": 964.73
        },
        "20151": {
            "year_quarter": 20151,
            "year": 2015,
            "quarter": 1,
            "eps": 0.75,
            "eps_growth_year": 47.06,
            "eps_4q": 3.55,
            "eps_4q_growth_year": 65.41,
            "roe": 2.9,
            "roe_4q": 14.82,
            "gross_profit": 211555,
            "gross_margin": 17.55,
            "gross_margin_4q_avg": 19.7,
            "net_income": 138141,
            "revenue": 1205558,
            "common_shares": 1869575,
            "book_valuer_per_share": 23.57,
            "book_valuer_per_share_4q_avg": 22.48,
            "equity": 4825737,
            "current_ratio": 210.4,
            "debt_ratio": 46.63,
            "inventory_turnover_ratio": 3.52,
            "account_receivable_turnover_ratio": 4.88,
            "reinvestment_rate": 17.6,
            "research_to_sale_ratio": 0.57,
            "price_fair": 77.9,
            "eps_avg_yearly": 2.23,
            "eps_latest_yearly": 3,
            "eps_growth_yearly": 476.2
        },
        "20152": {
            "year_quarter": 20152,
            "year": 2015,
            "quarter": 2,
            "eps": 0.77,
            "eps_growth_year": -43.38,
            "eps_4q": 2.95,
            "eps_4q_growth_year": -0.31,
            "roe": 2.91,
            "roe_4q": 11.79,
            "gross_profit": 255185,
            "gross_margin": 19.17,
            "gross_margin_4q_avg": 18.57,
            "net_income": 136299,
            "revenue": 1331100,
            "common_shares": 1869575,
            "book_valuer_per_share": 22.15,
            "book_valuer_per_share_4q_avg": 22.72,
            "equity": 4550936,
            "current_ratio": 173.93,
            "debt_ratio": 54.9,
            "inventory_turnover_ratio": 3.81,
            "account_receivable_turnover_ratio": 4.11,
            "reinvestment_rate": 4.72,
            "research_to_sale_ratio": 0.55,
            "price_fair": 85.2,
            "eps_avg_yearly": 2.43,
            "eps_latest_yearly": 3.08,
            "eps_growth_yearly": 505.43
        },
        "20153": {
            "year_quarter": 20153,
            "year": 2015,
            "quarter": 3,
            "eps": 0.63,
            "eps_growth_year": -33.68,
            "eps_4q": 2.64,
            "eps_4q_growth_year": -21.13,
            "roe": 2.36,
            "roe_4q": 10.1,
            "gross_profit": 200143,
            "gross_margin": 20.07,
            "gross_margin_4q_avg": 17.73,
            "net_income": 111283,
            "revenue": 997310,
            "common_shares": 1869575,
            "book_valuer_per_share": 23.08,
            "book_valuer_per_share_4q_avg": 22.93,
            "equity": 4866038,
            "current_ratio": 172.36,
            "debt_ratio": 54.75,
            "inventory_turnover_ratio": 2.96,
            "account_receivable_turnover_ratio": 2.65,
            "reinvestment_rate": 9.2,
            "research_to_sale_ratio": 0.74,
            "price_fair": 85.7,
            "eps_avg_yearly": 2.45,
            "eps_latest_yearly": 2.52,
            "eps_growth_yearly": 114.52
        },
        "20154": {
            "year_quarter": 20154,
            "year": 2015,
            "quarter": 4,
            "eps": -0.86,
            "eps_growth_year": -278.32,
            "eps_4q": 1.01,
            "eps_4q_growth_year": -69.56,
            "roe": -3.71,
            "roe_4q": 4.46,
            "gross_profit": -146720,
            "gross_margin": -21.13,
            "gross_margin_4q_avg": 8.92,
            "net_income": -191725,
            "revenue": 694427,
            "common_shares": 2150825,
            "book_valuer_per_share": 22.94,
            "book_valuer_per_share_4q_avg": 22.94,
            "equity": 5464497,
            "current_ratio": 182.96,
            "debt_ratio": 51.63,
            "inventory_turnover_ratio": 2.7,
            "account_receivable_turnover_ratio": 1.72,
            "reinvestment_rate": 38.71,
            "research_to_sale_ratio": 2.32,
            "price_fair": 88.42,
            "eps_avg_yearly": 2.53,
            "eps_latest_yearly": 2.52,
            "eps_growth_yearly": 135
        },
        "20161": {
            "year_quarter": 20161,
            "year": 2016,
            "quarter": 1,
            "eps": 0.19,
            "eps_growth_year": -74.67,
            "eps_4q": 0.54,
            "eps_4q_growth_year": -84.83,
            "roe": 0.68,
            "roe_4q": 2.24,
            "gross_profit": 103227,
            "gross_margin": 11.59,
            "gross_margin_4q_avg": 7.43,
            "net_income": 37052,
            "revenue": 890566,
            "common_shares": 2150825,
            "book_valuer_per_share": 23.11,
            "book_valuer_per_share_4q_avg": 22.82,
            "equity": 5474868,
            "current_ratio": 153.65,
            "debt_ratio": 53.18,
            "inventory_turnover_ratio": 2.04,
            "account_receivable_turnover_ratio": 2.15,
            "reinvestment_rate": -45.12,
            "research_to_sale_ratio": 1.13,
            "price_fair": 91.58,
            "eps_avg_yearly": 2.62,
            "eps_latest_yearly": 2.52,
            "eps_growth_yearly": 146.25
        },
        "20162": {
            "year_quarter": 20162,
            "year": 2016,
            "quarter": 2,
            "eps": 0.1,
            "eps_growth_year": -87.01,
            "eps_4q": -0.21,
            "eps_4q_growth_year": -107.26,
            "roe": -0.59,
            "roe_4q": -1.2600000000000002,
            "gross_profit": 20569,
            "gross_margin": 2.59,
            "gross_margin_4q_avg": 3.28,
            "net_income": -33285,
            "revenue": 794149,
            "common_shares": 2150825,
            "book_valuer_per_share": 22.35,
            "book_valuer_per_share_4q_avg": 22.87,
            "equity": 5768038,
            "current_ratio": 160.36,
            "debt_ratio": 52.09,
            "inventory_turnover_ratio": 1.71,
            "account_receivable_turnover_ratio": 1.6,
            "reinvestment_rate": -52.46,
            "research_to_sale_ratio": 1.51,
            "price_fair": 85.62,
            "eps_avg_yearly": 2.45,
            "eps_latest_yearly": 0.4,
            "eps_growth_yearly": 120.42
        },
        "20163": {
            "year_quarter": 20163,
            "year": 2016,
            "quarter": 3,
            "eps": -0.84,
            "eps_growth_year": -233.33,
            "eps_4q": -1.58,
            "eps_4q_growth_year": -159.96,
            "roe": -3.58,
            "roe_4q": -7.199999999999999,
            "gross_profit": -171677,
            "gross_margin": -25.65,
            "gross_margin_4q_avg": -8.15,
            "net_income": -202050,
            "revenue": 669386,
            "common_shares": 2150825,
            "book_valuer_per_share": 21.31,
            "book_valuer_per_share_4q_avg": 22.43,
            "equity": 5522565,
            "current_ratio": 150.98,
            "debt_ratio": 53.07,
            "inventory_turnover_ratio": 1.6,
            "account_receivable_turnover_ratio": 1.07,
            "reinvestment_rate": -81.35,
            "research_to_sale_ratio": 1.61,
            "price_fair": 85.62,
            "eps_avg_yearly": 2.45,
            "eps_latest_yearly": 0.4,
            "eps_growth_yearly": 120.42
        },
        "20164": {
            "year_quarter": 20164,
            "year": 2016,
            "quarter": 4,
            "eps": -2.01,
            "eps_growth_year": null,
            "eps_4q": -2.77,
            "eps_4q_growth_year": -375.26,
            "roe": -9.92,
            "roe_4q": -13.41,
            "gross_profit": -449533,
            "gross_margin": -88.78,
            "gross_margin_4q_avg": -25.06,
            "net_income": -524036,
            "revenue": 506366,
            "common_shares": 2258366,
            "book_valuer_per_share": 18.37,
            "book_valuer_per_share_4q_avg": 21.29,
            "equity": 5041669,
            "current_ratio": 135.93,
            "debt_ratio": 56.51,
            "inventory_turnover_ratio": 1.63,
            "account_receivable_turnover_ratio": 0.69,
            "reinvestment_rate": -212.66,
            "research_to_sale_ratio": -2.17,
            "price_fair": 89.13,
            "eps_avg_yearly": 2.55,
            "eps_latest_yearly": 0.4,
            "eps_growth_yearly": 48.98
        },
        "20171": {
            "year_quarter": 20171,
            "year": 2017,
            "quarter": 1,
            "eps": 0.06,
            "eps_growth_year": -68.42,
            "eps_4q": -2.89,
            "eps_4q_growth_year": -636.56,
            "roe": 0.09,
            "roe_4q": -14,
            "gross_profit": 98720,
            "gross_margin": 13.82,
            "gross_margin_4q_avg": -24.51,
            "net_income": 4674,
            "revenue": 714159,
            "common_shares": 2258366,
            "book_valuer_per_share": 17.98,
            "book_valuer_per_share_4q_avg": 20,
            "equity": 5077767,
            "current_ratio": 130.28,
            "debt_ratio": 56.35,
            "inventory_turnover_ratio": 0.87,
            "account_receivable_turnover_ratio": 0.83,
            "reinvestment_rate": 124.53,
            "research_to_sale_ratio": 0.75,
            "price_fair": 92.65,
            "eps_avg_yearly": 2.65,
            "eps_latest_yearly": 0.4,
            "eps_growth_yearly": 47.56
        },
        "20172": {
            "year_quarter": 20172,
            "year": 2017,
            "quarter": 2,
            "eps": -0.34,
            "eps_growth_year": -440,
            "eps_4q": -3.13,
            "eps_4q_growth_year": null,
            "roe": -1.54,
            "roe_4q": -14.95,
            "gross_profit": 24966,
            "gross_margin": 3.18,
            "gross_margin_4q_avg": -24.36,
            "net_income": -79005,
            "revenue": 785916,
            "common_shares": 2258366,
            "book_valuer_per_share": 17.81,
            "book_valuer_per_share_4q_avg": 18.87,
            "equity": 5166919,
            "current_ratio": 93.61,
            "debt_ratio": 55.01,
            "inventory_turnover_ratio": 0.94,
            "account_receivable_turnover_ratio": 0.8,
            "reinvestment_rate": 226.56,
            "research_to_sale_ratio": 0.69,
            "price_fair": 93.66,
            "eps_avg_yearly": 2.68,
            "eps_latest_yearly": 0.4,
            "eps_growth_yearly": 26.77
        },
        "20173": {
            "year_quarter": 20173,
            "year": 2017,
            "quarter": 3,
            "eps": -0.51,
            "eps_growth_year": null,
            "eps_4q": -2.8,
            "eps_4q_growth_year": null,
            "roe": -2.02,
            "roe_4q": -13.39,
            "gross_profit": -85760,
            "gross_margin": -11.4,
            "gross_margin_4q_avg": -20.8,
            "net_income": -103747,
            "revenue": 752326,
            "common_shares": 2258366,
            "book_valuer_per_share": 17.38,
            "book_valuer_per_share_4q_avg": 17.89,
            "equity": 5086175,
            "current_ratio": 100.11,
            "debt_ratio": 54.39,
            "inventory_turnover_ratio": 1.02,
            "account_receivable_turnover_ratio": 0.79,
            "reinvestment_rate": 622.15,
            "research_to_sale_ratio": 0.68,
            "price_fair": 94.58,
            "eps_avg_yearly": 2.7,
            "eps_latest_yearly": 0.4,
            "eps_growth_yearly": 28.23
        },
        "20174": {
            "year_quarter": 20174,
            "year": 2017,
            "quarter": 4,
            "eps": -0.73,
            "eps_growth_year": null,
            "eps_4q": -1.52,
            "eps_4q_growth_year": null,
            "roe": -3.09,
            "roe_4q": -6.56,
            "gross_profit": 13459,
            "gross_margin": 1.42,
            "gross_margin_4q_avg": 1.76,
            "net_income": -159227,
            "revenue": 948673,
            "common_shares": 2258366,
            "book_valuer_per_share": 16.69,
            "book_valuer_per_share_4q_avg": 17.47,
            "equity": 5221592,
            "current_ratio": 97.24,
            "debt_ratio": 55.62,
            "inventory_turnover_ratio": 1.11,
            "account_receivable_turnover_ratio": 1.2,
            "reinvestment_rate": null,
            "research_to_sale_ratio": 0.7,
            "price_fair": 97.13,
            "eps_avg_yearly": 2.78,
            "eps_latest_yearly": 0.4,
            "eps_growth_yearly": 38.32
        },
        "20181": {
            "year_quarter": 20181,
            "year": 2018,
            "quarter": 1,
            "eps": 0.1,
            "eps_growth_year": 66.67,
            "eps_4q": -1.48,
            "eps_4q_growth_year": null,
            "roe": 0.52,
            "roe_4q": -6.13,
            "gross_profit": 87103,
            "gross_margin": 9.89,
            "gross_margin_4q_avg": 0.77,
            "net_income": 27443,
            "revenue": 880687,
            "common_shares": 2258366,
            "book_valuer_per_share": 16.9,
            "book_valuer_per_share_4q_avg": 17.2,
            "equity": 5264222,
            "current_ratio": 99.83,
            "debt_ratio": 53.28,
            "inventory_turnover_ratio": 0.89,
            "account_receivable_turnover_ratio": 1.36,
            "reinvestment_rate": null,
            "research_to_sale_ratio": 0.42,
            "price_fair": 100.8,
            "eps_avg_yearly": 2.88,
            "eps_latest_yearly": 0.4,
            "eps_growth_yearly": 45.95
        },
        "20182": {
            "year_quarter": 20182,
            "year": 2018,
            "quarter": 2,
            "eps": 0.76,
            "eps_growth_year": null,
            "eps_4q": -0.38,
            "eps_4q_growth_year": null,
            "roe": 3.19,
            "roe_4q": -1.4,
            "gross_profit": 351557,
            "gross_margin": 26.22,
            "gross_margin_4q_avg": 6.53,
            "net_income": 175400,
            "revenue": 1340944,
            "common_shares": 2258366,
            "book_valuer_per_share": 17.57,
            "book_valuer_per_share_4q_avg": 17.14,
            "equity": 5725935,
            "current_ratio": 114.79,
            "debt_ratio": 51.05,
            "inventory_turnover_ratio": 1.03,
            "account_receivable_turnover_ratio": 1.96,
            "reinvestment_rate": null,
            "research_to_sale_ratio": 0.21,
            "price_fair": 88.8,
            "eps_avg_yearly": 2.54,
            "eps_latest_yearly": 3.04,
            "eps_growth_yearly": 327.85
        },
        "20183": {
            "year_quarter": 20183,
            "year": 2018,
            "quarter": 3,
            "eps": 0.14,
            "eps_growth_year": null,
            "eps_4q": 0.26,
            "eps_4q_growth_year": null,
            "roe": 0.52,
            "roe_4q": 1.1400000000000006,
            "gross_profit": 184325,
            "gross_margin": 15.2,
            "gross_margin_4q_avg": 13.18,
            "net_income": 29792,
            "revenue": 1212503,
            "common_shares": 2258366,
            "book_valuer_per_share": 17.48,
            "book_valuer_per_share_4q_avg": 17.16,
            "equity": 5682465,
            "current_ratio": 112.53,
            "debt_ratio": 50.38,
            "inventory_turnover_ratio": 1.02,
            "account_receivable_turnover_ratio": 1.66,
            "reinvestment_rate": null,
            "research_to_sale_ratio": 0.24,
            "price_fair": 72.6,
            "eps_avg_yearly": 2.07,
            "eps_latest_yearly": 0.56,
            "eps_growth_yearly": 298.47
        },
        "20184": {
            "year_quarter": 20184,
            "year": 2018,
            "quarter": 4,
            "eps": 0.02,
            "eps_growth_year": null,
            "eps_4q": 1.01,
            "eps_4q_growth_year": null,
            "roe": 0.31,
            "roe_4q": 4.539999999999999,
            "gross_profit": 223971,
            "gross_margin": 15.56,
            "gross_margin_4q_avg": 16.72,
            "net_income": 18292,
            "revenue": 1439545,
            "common_shares": 2258366,
            "book_valuer_per_share": 17.52,
            "book_valuer_per_share_4q_avg": 17.37,
            "equity": 6031779,
            "current_ratio": 120.11,
            "debt_ratio": 50.63,
            "inventory_turnover_ratio": 1.2,
            "account_receivable_turnover_ratio": 1.77,
            "reinvestment_rate": null,
            "research_to_sale_ratio": 0.32,
            "price_fair": 63.4,
            "eps_avg_yearly": 1.81,
            "eps_latest_yearly": 0.08,
            "eps_growth_yearly": 277.76
        },
        "20191": {
            "year_quarter": 20191,
            "year": 2019,
            "quarter": 1,
            "eps": 0.27,
            "eps_growth_year": 170,
            "eps_4q": 1.18,
            "eps_4q_growth_year": null,
            "roe": 1.11,
            "roe_4q": 5.13,
            "gross_profit": 185479,
            "gross_margin": 18.35,
            "gross_margin_4q_avg": 18.83,
            "net_income": 67356,
            "revenue": 1010576,
            "common_shares": 2258366,
            "book_valuer_per_share": 17.96,
            "book_valuer_per_share_4q_avg": 17.63,
            "equity": 6151527,
            "current_ratio": 123.33,
            "debt_ratio": 49.72,
            "inventory_turnover_ratio": 0.79,
            "account_receivable_turnover_ratio": 1.16,
            "reinvestment_rate": null,
            "research_to_sale_ratio": 0.31,
            "price_fair": 53.8,
            "eps_avg_yearly": 1.54,
            "eps_latest_yearly": 1.08,
            "eps_growth_yearly": 959.9
        },
        "20192": {
            "year_quarter": 20192,
            "year": 2019,
            "quarter": 2,
            "eps": 0.29,
            "eps_growth_year": -61.84,
            "eps_4q": 0.7,
            "eps_4q_growth_year": null,
            "roe": 1.42,
            "roe_4q": 3.3600000000000003,
            "gross_profit": 200706,
            "gross_margin": 20.56,
            "gross_margin_4q_avg": 17.42,
            "net_income": 86935,
            "revenue": 976260,
            "common_shares": 2258366,
            "book_valuer_per_share": 17.95,
            "book_valuer_per_share_4q_avg": 17.73,
            "equity": 6118031,
            "current_ratio": 125.38,
            "debt_ratio": 51.03,
            "inventory_turnover_ratio": 0.73,
            "account_receivable_turnover_ratio": 1.15,
            "reinvestment_rate": null,
            "research_to_sale_ratio": 0.39,
            "price_fair": 44.2,
            "eps_avg_yearly": 1.26,
            "eps_latest_yearly": 1.16,
            "eps_growth_yearly": 962.61
        },
        "20193": {
            "year_quarter": 20193,
            "year": 2019,
            "quarter": 3,
            "eps": 0.34,
            "eps_growth_year": 142.86,
            "eps_4q": 0.84,
            "eps_4q_growth_year": 228.05,
            "roe": 1.25,
            "roe_4q": 4.09,
            "gross_profit": 153009,
            "gross_margin": 18.49,
            "gross_margin_4q_avg": 18.24,
            "net_income": 78698,
            "revenue": 827597,
            "common_shares": 2458366,
            "book_valuer_per_share": 18.11,
            "book_valuer_per_share_4q_avg": 17.89,
            "equity": 6491102,
            "current_ratio": 133.7,
            "debt_ratio": 47.61,
            "inventory_turnover_ratio": 0.66,
            "account_receivable_turnover_ratio": 0.91,
            "reinvestment_rate": null,
            "research_to_sale_ratio": 0.44,
            "price_fair": 38.4,
            "eps_avg_yearly": 1.1,
            "eps_latest_yearly": 1.36,
            "eps_growth_yearly": 982.85
        },
        "20194": {
            "year_quarter": 20194,
            "year": 2019,
            "quarter": 4,
            "eps": -0.06,
            "eps_growth_year": -473.49,
            "eps_4q": 0.77,
            "eps_4q_growth_year": -23.36,
            "roe": 0.33,
            "roe_4q": 4.11,
            "gross_profit": 162839,
            "gross_margin": 16.1,
            "gross_margin_4q_avg": 18.38,
            "net_income": 21051,
            "revenue": 1011132,
            "common_shares": 2492242,
            "book_valuer_per_share": 17.56,
            "book_valuer_per_share_4q_avg": 17.9,
            "equity": 6442870,
            "current_ratio": 114.46,
            "debt_ratio": 46.99,
            "inventory_turnover_ratio": 0.96,
            "account_receivable_turnover_ratio": 1.11,
            "reinvestment_rate": null,
            "research_to_sale_ratio": 0.4,
            "price_fair": 38.4,
            "eps_avg_yearly": 1.1,
            "eps_latest_yearly": 1.36,
            "eps_growth_yearly": 982.85
        },
        "20201": {
            "year_quarter": 20201,
            "year": 2020,
            "quarter": 1,
            "eps": 0.09,
            "eps_growth_year": -66.67,
            "eps_4q": 0.61,
            "eps_4q_growth_year": -48.17,
            "roe": 0.03,
            "roe_4q": 3.03,
            "gross_profit": 128586,
            "gross_margin": 25.02,
            "gross_margin_4q_avg": 20.04,
            "net_income": 1747,
            "revenue": 513873,
            "common_shares": 2492242,
            "book_valuer_per_share": 17.59,
            "book_valuer_per_share_4q_avg": 17.8,
            "equity": 6424825,
            "current_ratio": 119.73,
            "debt_ratio": 46.3,
            "inventory_turnover_ratio": 0.46,
            "account_receivable_turnover_ratio": 0.63,
            "reinvestment_rate": null,
            "research_to_sale_ratio": 0.7,
            "price_fair": 38.4,
            "eps_avg_yearly": 1.1,
            "eps_latest_yearly": 1.36,
            "eps_growth_yearly": 982.85
        },
        "20202": {
            "year_quarter": 20202,
            "year": 2020,
            "quarter": 2,
            "eps": 0.17,
            "eps_growth_year": -41.38,
            "eps_4q": 0.52,
            "eps_4q_growth_year": -25.65,
            "roe": 0.99,
            "roe_4q": 2.6,
            "gross_profit": 215244,
            "gross_margin": 23.2,
            "gross_margin_4q_avg": 20.7,
            "net_income": 63562,
            "revenue": 927972,
            "common_shares": 2492242,
            "book_valuer_per_share": 17.48,
            "book_valuer_per_share_4q_avg": 17.69,
            "equity": 6394569,
            "current_ratio": 116.99,
            "debt_ratio": 46.79,
            "inventory_turnover_ratio": 0.82,
            "account_receivable_turnover_ratio": 1.25,
            "reinvestment_rate": null,
            "research_to_sale_ratio": 0.52,
            "price_fair": 39.8,
            "eps_avg_yearly": 1.14,
            "eps_latest_yearly": 0.68,
            "eps_growth_yearly": 1060.71
        },
        "20203": {
            "year_quarter": 20203,
            "year": 2020,
            "quarter": 3,
            "eps": -0.12,
            "eps_growth_year": -135.29,
            "eps_4q": 0.08,
            "eps_4q_growth_year": -90.16,
            "roe": -0.53,
            "roe_4q": 0.8200000000000001,
            "gross_profit": 150935,
            "gross_margin": 15.97,
            "gross_margin_4q_avg": 20.07,
            "net_income": -33890,
            "revenue": 945331,
            "common_shares": 2480782,
            "book_valuer_per_share": 17.45,
            "book_valuer_per_share_4q_avg": 17.52,
            "equity": 6392287,
            "current_ratio": 116.1,
            "debt_ratio": 46.31,
            "inventory_turnover_ratio": 0.92,
            "account_receivable_turnover_ratio": 1.22,
            "reinvestment_rate": null,
            "research_to_sale_ratio": 0.43,
            "price_fair": 39.8,
            "eps_avg_yearly": 1.14,
            "eps_latest_yearly": 0.68,
            "eps_growth_yearly": 1060.71
        },
        "20204": {
            "year_quarter": 20204,
            "year": 2020,
            "quarter": 4,
            "eps": 0.36,
            "eps_growth_year": null,
            "eps_4q": 0.5,
            "eps_4q_growth_year": -34.72,
            "roe": 1.29,
            "roe_4q": 1.78,
            "gross_profit": 346886,
            "gross_margin": 26.26,
            "gross_margin_4q_avg": 22.61,
            "net_income": 83406,
            "revenue": 1321135,
            "common_shares": 2480782,
            "book_valuer_per_share": 17.83,
            "book_valuer_per_share_4q_avg": 17.59,
            "equity": 6490218,
            "current_ratio": 127.73,
            "debt_ratio": 48.76,
            "inventory_turnover_ratio": 1.09,
            "account_receivable_turnover_ratio": 1.52,
            "reinvestment_rate": 2.05,
            "research_to_sale_ratio": 0.37,
            "price_fair": 39.8,
            "eps_avg_yearly": 1.14,
            "eps_latest_yearly": 0.68,
            "eps_growth_yearly": 1060.71
        },
        "20211": {
            "year_quarter": 20211,
            "year": 2021,
            "quarter": 1,
            "eps": 0.42,
            "eps_growth_year": 366.67,
            "eps_4q": 0.84,
            "eps_4q_growth_year": 36.81,
            "roe": 1.28,
            "roe_4q": 3.0300000000000002,
            "gross_profit": 252096,
            "gross_margin": 24.25,
            "gross_margin_4q_avg": 22.42,
            "net_income": 83428,
            "revenue": 1039584,
            "common_shares": 2480782,
            "book_valuer_per_share": 18.22,
            "book_valuer_per_share_4q_avg": 17.75,
            "equity": 6561519,
            "current_ratio": 130.87,
            "debt_ratio": 48.45,
            "inventory_turnover_ratio": 0.86,
            "account_receivable_turnover_ratio": 1.22,
            "reinvestment_rate": 3,
            "research_to_sale_ratio": 0.58,
            "price_fair": 42.18,
            "eps_avg_yearly": 1.21,
            "eps_latest_yearly": 1.68,
            "eps_growth_yearly": 936.46
        },
        "20212": {
            "year_quarter": 20212,
            "year": 2021,
            "quarter": 2,
            "eps": 0.49,
            "eps_growth_year": 188.24,
            "eps_4q": 1.15,
            "eps_4q_growth_year": 120.83,
            "roe": 1.41,
            "roe_4q": 3.45,
            "gross_profit": 266581,
            "gross_margin": 23.12,
            "gross_margin_4q_avg": 22.4,
            "net_income": 93315,
            "revenue": 1152854,
            "common_shares": 2480782,
            "book_valuer_per_share": 18.67,
            "book_valuer_per_share_4q_avg": 18.04,
            "equity": 6642455,
            "current_ratio": 123.99,
            "debt_ratio": 48.25,
            "inventory_turnover_ratio": 0.94,
            "account_receivable_turnover_ratio": 1.57,
            "reinvestment_rate": -31.56,
            "research_to_sale_ratio": 0.39,
            "price_fair": 45.11,
            "eps_avg_yearly": 1.29,
            "eps_latest_yearly": 1.96,
            "eps_growth_yearly": 839.81
        },
        "20213": {
            "year_quarter": 20213,
            "year": 2021,
            "quarter": 3,
            "eps": 0.35,
            "eps_growth_year": null,
            "eps_4q": 1.62,
            "eps_4q_growth_year": 1846.8,
            "roe": 0.88,
            "roe_4q": 4.86,
            "gross_profit": 282239,
            "gross_margin": 23.94,
            "gross_margin_4q_avg": 24.39,
            "net_income": 58615,
            "revenue": 1179051,
            "common_shares": 2480782,
            "book_valuer_per_share": 18.77,
            "book_valuer_per_share_4q_avg": 18.37,
            "equity": 6638599,
            "current_ratio": 127.32,
            "debt_ratio": 48.53,
            "inventory_turnover_ratio": 0.91,
            "account_receivable_turnover_ratio": 1.67,
            "reinvestment_rate": -28.1,
            "research_to_sale_ratio": 0.44,
            "price_fair": 45.5,
            "eps_avg_yearly": 1.3,
            "eps_latest_yearly": 1.4,
            "eps_growth_yearly": 744.4
        },
        "20214": {
            "year_quarter": 20214,
            "year": 2021,
            "quarter": 4,
            "eps": 0.55,
            "eps_growth_year": 52.37,
            "eps_4q": 1.81,
            "eps_4q_growth_year": 258.49,
            "roe": 1.37,
            "roe_4q": 4.94,
            "gross_profit": 267548,
            "gross_margin": 21.41,
            "gross_margin_4q_avg": 23.18,
            "net_income": 91679,
            "revenue": 1249546,
            "common_shares": 2480782,
            "book_valuer_per_share": 19.35,
            "book_valuer_per_share_4q_avg": 18.75,
            "equity": 6742991,
            "current_ratio": 142.11,
            "debt_ratio": 49.24,
            "inventory_turnover_ratio": 0.93,
            "account_receivable_turnover_ratio": 1.65,
            "reinvestment_rate": -26.87,
            "research_to_sale_ratio": 0.42,
            "price_fair": 48.36,
            "eps_avg_yearly": 1.38,
            "eps_latest_yearly": 2.2,
            "eps_growth_yearly": 697.51
        },
        "20221": {
            "year_quarter": 20221,
            "year": 2022,
            "quarter": 1,
            "eps": 0.04,
            "eps_growth_year": -90.48,
            "eps_4q": 1.43,
            "eps_4q_growth_year": 70.56,
            "roe": -0.82,
            "roe_4q": 2.84,
            "gross_profit": 173872,
            "gross_margin": 18.02,
            "gross_margin_4q_avg": 21.62,
            "net_income": -55199,
            "revenue": 964790,
            "common_shares": 2480782,
            "book_valuer_per_share": 19.59,
            "book_valuer_per_share_4q_avg": 19.1,
            "equity": 6749480,
            "current_ratio": 145.13,
            "debt_ratio": 49.72,
            "inventory_turnover_ratio": 0.71,
            "account_receivable_turnover_ratio": 1.28,
            "reinvestment_rate": -6.28,
            "research_to_sale_ratio": 0.89,
            "price_fair": 44.8,
            "eps_avg_yearly": 1.28,
            "eps_latest_yearly": 0.16,
            "eps_growth_yearly": 608.47
        },
        "20222": {
            "year_quarter": 20222,
            "year": 2022,
            "quarter": 2,
            "eps": 1.17,
            "eps_growth_year": 138.78,
            "eps_4q": 2.12,
            "eps_4q_growth_year": 83.78,
            "roe": 4.73,
            "roe_4q": 6.160000000000001,
            "gross_profit": 313610,
            "gross_margin": 30.84,
            "gross_margin_4q_avg": 23.55,
            "net_income": 317764,
            "revenue": 1016884,
            "common_shares": 2480782,
            "book_valuer_per_share": 20.4,
            "book_valuer_per_share_4q_avg": 19.53,
            "equity": 6697129,
            "current_ratio": 209.71,
            "debt_ratio": 36.02,
            "inventory_turnover_ratio": 0.96,
            "account_receivable_turnover_ratio": 1.67,
            "reinvestment_rate": -52.29,
            "research_to_sale_ratio": 0.98,
            "price_fair": 49.58,
            "eps_avg_yearly": 1.42,
            "eps_latest_yearly": 4.68,
            "eps_growth_yearly": 1330.14
        },
        "20223": {
            "year_quarter": 20223,
            "year": 2022,
            "quarter": 3,
            "eps": 0.56,
            "eps_growth_year": 60,
            "eps_4q": 2.32,
            "eps_4q_growth_year": 43.37,
            "roe": 2.38,
            "roe_4q": 7.66,
            "gross_profit": 281486,
            "gross_margin": 30.37,
            "gross_margin_4q_avg": 25.16,
            "net_income": 161393,
            "revenue": 926782,
            "common_shares": 2480782,
            "book_valuer_per_share": 21.02,
            "book_valuer_per_share_4q_avg": 20.09,
            "equity": 6873838,
            "current_ratio": 233.31,
            "debt_ratio": 35.13,
            "inventory_turnover_ratio": 2.05,
            "account_receivable_turnover_ratio": 1.75,
            "reinvestment_rate": -47.41,
            "research_to_sale_ratio": 0.63,
            "price_fair": 54.48,
            "eps_avg_yearly": 1.56,
            "eps_latest_yearly": 2.24,
            "eps_growth_yearly": 1339.95
        },
        "20224": {
            "year_quarter": 20224,
            "year": 2022,
            "quarter": 4,
            "eps": 0.75,
            "eps_growth_year": 36.4,
            "eps_4q": 2.52,
            "eps_4q_growth_year": 39.43,
            "roe": 2.85,
            "roe_4q": 9.14,
            "gross_profit": 335116,
            "gross_margin": 37.94,
            "gross_margin_4q_avg": 29.29,
            "net_income": 198044,
            "revenue": 883267,
            "common_shares": 2480782,
            "book_valuer_per_share": 21.6,
            "book_valuer_per_share_4q_avg": 20.65,
            "equity": 7000257,
            "current_ratio": 269.76,
            "debt_ratio": 37.81,
            "inventory_turnover_ratio": 1.88,
            "account_receivable_turnover_ratio": 1.75,
            "reinvestment_rate": -76.23,
            "research_to_sale_ratio": 0.62,
            "price_fair": 63,
            "eps_avg_yearly": 1.8,
            "eps_latest_yearly": 3,
            "eps_growth_yearly": 1379.84
        },
        "20231": {
            "year_quarter": 20231,
            "year": 2023,
            "quarter": 1,
            "eps": 0.69,
            "eps_growth_year": 1625,
            "eps_4q": 3.17,
            "eps_4q_growth_year": 122.39,
            "roe": 2.58,
            "roe_4q": 12.54,
            "gross_profit": 291465,
            "gross_margin": 38.16,
            "gross_margin_4q_avg": 34.33,
            "net_income": 183259,
            "revenue": 763838,
            "common_shares": 2480782,
            "book_valuer_per_share": 22.31,
            "book_valuer_per_share_4q_avg": 21.33,
            "equity": 7186996,
            "current_ratio": 276.64,
            "debt_ratio": 36.58,
            "inventory_turnover_ratio": 1.67,
            "account_receivable_turnover_ratio": 1.53,
            "reinvestment_rate": -70,
            "research_to_sale_ratio": 1.09,
            "price_fair": 67.9,
            "eps_avg_yearly": 1.94,
            "eps_latest_yearly": 2.76,
            "eps_growth_yearly": 960.5
        }
    },
    "months": {
        "2002-09": {
            "month": "2002-09",
            "price": "29.08",
            "revenue": 67593
        },
        "2002-10": {
            "month": "2002-10",
            "price": "27.87",
            "revenue": 80589
        },
        "2002-11": {
            "month": "2002-11",
            "price": "29.20",
            "revenue": 90919
        },
        "2002-12": {
            "month": "2002-12",
            "price": "35.11",
            "revenue": 98173
        },
        "2003-01": {
            "month": "2003-01",
            "price": "36.71",
            "revenue": 109751
        },
        "2003-02": {
            "month": "2003-02",
            "price": "36.91",
            "revenue": 151634
        },
        "2003-03": {
            "month": "2003-03",
            "price": "38.35",
            "revenue": 82051
        },
        "2003-04": {
            "month": "2003-04",
            "price": "36.87",
            "revenue": 120385
        },
        "2003-05": {
            "month": "2003-05",
            "price": "35.50",
            "revenue": 81678
        },
        "2003-06": {
            "month": "2003-06",
            "price": "37.10",
            "revenue": 112178
        },
        "2003-07": {
            "month": "2003-07",
            "price": "34.08",
            "revenue": 65447
        },
        "2003-08": {
            "month": "2003-08",
            "price": "33.36",
            "revenue": 51720
        },
        "2003-09": {
            "month": "2003-09",
            "price": "31.81",
            "revenue": 64698
        },
        "2003-10": {
            "month": "2003-10",
            "price": "31.20",
            "revenue": 52857
        },
        "2003-11": {
            "month": "2003-11",
            "price": "32.23",
            "revenue": 61711
        },
        "2003-12": {
            "month": "2003-12",
            "price": "33.48",
            "revenue": 135217
        },
        "2004-01": {
            "month": "2004-01",
            "price": "37.89",
            "revenue": 33234
        },
        "2004-02": {
            "month": "2004-02",
            "price": "41.80",
            "revenue": 58306
        },
        "2004-03": {
            "month": "2004-03",
            "price": "42.20",
            "revenue": 152443
        },
        "2004-04": {
            "month": "2004-04",
            "price": "39.05",
            "revenue": 42754
        },
        "2004-05": {
            "month": "2004-05",
            "price": "32.99",
            "revenue": 25988
        },
        "2004-06": {
            "month": "2004-06",
            "price": "28.32",
            "revenue": 50392
        },
        "2004-07": {
            "month": "2004-07",
            "price": "18.78",
            "revenue": 40477
        },
        "2004-08": {
            "month": "2004-08",
            "price": "15.53",
            "revenue": 39643
        },
        "2004-09": {
            "month": "2004-09",
            "price": "13.10",
            "revenue": 118093
        },
        "2004-10": {
            "month": "2004-10",
            "price": "13.31",
            "revenue": 125477
        },
        "2004-11": {
            "month": "2004-11",
            "price": "13.82",
            "revenue": 75092
        },
        "2004-12": {
            "month": "2004-12",
            "price": "12.73",
            "revenue": 111567
        },
        "2005-01": {
            "month": "2005-01",
            "price": "14.08",
            "revenue": 26723
        },
        "2005-02": {
            "month": "2005-02",
            "price": "14.89",
            "revenue": 94811
        },
        "2005-03": {
            "month": "2005-03",
            "price": "15.58",
            "revenue": 275963
        },
        "2005-04": {
            "month": "2005-04",
            "price": "16.71",
            "revenue": 39337
        },
        "2005-05": {
            "month": "2005-05",
            "price": "14.58",
            "revenue": 54400
        },
        "2005-06": {
            "month": "2005-06",
            "price": "13.87",
            "revenue": 56667
        },
        "2005-07": {
            "month": "2005-07",
            "price": "12.18",
            "revenue": 35153
        },
        "2005-08": {
            "month": "2005-08",
            "price": "10.44",
            "revenue": 55385
        },
        "2005-09": {
            "month": "2005-09",
            "price": "9.19",
            "revenue": 110133
        },
        "2005-10": {
            "month": "2005-10",
            "price": "8.60",
            "revenue": 51787
        },
        "2005-11": {
            "month": "2005-11",
            "price": "7.69",
            "revenue": 55206
        },
        "2005-12": {
            "month": "2005-12",
            "price": "7.87",
            "revenue": 54457
        },
        "2006-01": {
            "month": "2006-01",
            "price": "7.14",
            "revenue": 171836
        },
        "2006-02": {
            "month": "2006-02",
            "price": "8.10",
            "revenue": 49910
        },
        "2006-03": {
            "month": "2006-03",
            "price": "7.96",
            "revenue": 52310
        },
        "2006-04": {
            "month": "2006-04",
            "price": "7.93",
            "revenue": 54798
        },
        "2006-05": {
            "month": "2006-05",
            "price": "8.09",
            "revenue": 49184
        },
        "2006-06": {
            "month": "2006-06",
            "price": "7.76",
            "revenue": 121770
        },
        "2006-07": {
            "month": "2006-07",
            "price": "7.69",
            "revenue": 45288
        },
        "2006-08": {
            "month": "2006-08",
            "price": "7.47",
            "revenue": 58286
        },
        "2006-09": {
            "month": "2006-09",
            "price": "6.31",
            "revenue": 57881
        },
        "2006-10": {
            "month": "2006-10",
            "price": "6.86",
            "revenue": 88992
        },
        "2006-11": {
            "month": "2006-11",
            "price": "7.23",
            "revenue": 32386
        },
        "2006-12": {
            "month": "2006-12",
            "price": "7.93",
            "revenue": 40244
        },
        "2007-01": {
            "month": "2007-01",
            "price": "10.93",
            "revenue": 41904
        },
        "2007-02": {
            "month": "2007-02",
            "price": "10.68",
            "revenue": 51567
        },
        "2007-03": {
            "month": "2007-03",
            "price": "10.87",
            "revenue": 37440
        },
        "2007-04": {
            "month": "2007-04",
            "price": "18.94",
            "revenue": 97264
        },
        "2007-05": {
            "month": "2007-05",
            "price": "29.61",
            "revenue": 39501
        },
        "2007-06": {
            "month": "2007-06",
            "price": "30.01",
            "revenue": 51921
        },
        "2007-07": {
            "month": "2007-07",
            "price": "34.85",
            "revenue": 47289
        },
        "2007-08": {
            "month": "2007-08",
            "price": "33.48",
            "revenue": 46339
        },
        "2007-09": {
            "month": "2007-09",
            "price": "38.70",
            "revenue": 126639
        },
        "2007-10": {
            "month": "2007-10",
            "price": "44.22",
            "revenue": 40852
        },
        "2007-11": {
            "month": "2007-11",
            "price": "36.97",
            "revenue": 52328
        },
        "2007-12": {
            "month": "2007-12",
            "price": "38.39",
            "revenue": 62908
        },
        "2008-01": {
            "month": "2008-01",
            "price": "37.82",
            "revenue": 59132
        },
        "2008-02": {
            "month": "2008-02",
            "price": "34.13",
            "revenue": 22177
        },
        "2008-03": {
            "month": "2008-03",
            "price": "32.60",
            "revenue": 62612
        },
        "2008-04": {
            "month": "2008-04",
            "price": "31.81",
            "revenue": 37129
        },
        "2008-05": {
            "month": "2008-05",
            "price": "30.66",
            "revenue": 48235
        },
        "2008-06": {
            "month": "2008-06",
            "price": "23.24",
            "revenue": 50933
        },
        "2008-07": {
            "month": "2008-07",
            "price": "17.31",
            "revenue": 35407
        },
        "2008-08": {
            "month": "2008-08",
            "price": "15.86",
            "revenue": 39763
        },
        "2008-09": {
            "month": "2008-09",
            "price": "10.61",
            "revenue": 48447
        },
        "2008-10": {
            "month": "2008-10",
            "price": "10.32",
            "revenue": 39717
        },
        "2008-11": {
            "month": "2008-11",
            "price": "10.96",
            "revenue": 35824
        },
        "2008-12": {
            "month": "2008-12",
            "price": "11.01",
            "revenue": 67822
        },
        "2009-01": {
            "month": "2009-01",
            "price": "10.57",
            "revenue": 47476
        },
        "2009-02": {
            "month": "2009-02",
            "price": "12.50",
            "revenue": 52440
        },
        "2009-03": {
            "month": "2009-03",
            "price": "15.67",
            "revenue": 52326
        },
        "2009-04": {
            "month": "2009-04",
            "price": "17.98",
            "revenue": 23151
        },
        "2009-05": {
            "month": "2009-05",
            "price": "17.08",
            "revenue": 68872
        },
        "2009-06": {
            "month": "2009-06",
            "price": "16.29",
            "revenue": 43791
        },
        "2009-07": {
            "month": "2009-07",
            "price": "16.38",
            "revenue": 40517
        },
        "2009-08": {
            "month": "2009-08",
            "price": "17.60",
            "revenue": 72987
        },
        "2009-09": {
            "month": "2009-09",
            "price": "17.84",
            "revenue": 128619
        },
        "2009-10": {
            "month": "2009-10",
            "price": "19.16",
            "revenue": 120281
        },
        "2009-11": {
            "month": "2009-11",
            "price": "20.46",
            "revenue": 123714
        },
        "2009-12": {
            "month": "2009-12",
            "price": "28.08",
            "revenue": 119796
        },
        "2010-01": {
            "month": "2010-01",
            "price": "35.47",
            "revenue": 193431
        },
        "2010-02": {
            "month": "2010-02",
            "price": "33.59",
            "revenue": 111712
        },
        "2010-03": {
            "month": "2010-03",
            "price": "36.86",
            "revenue": 164745
        },
        "2010-04": {
            "month": "2010-04",
            "price": "38.23",
            "revenue": 132399
        },
        "2010-05": {
            "month": "2010-05",
            "price": "31.05",
            "revenue": 99511
        },
        "2010-06": {
            "month": "2010-06",
            "price": "30.72",
            "revenue": 95906
        },
        "2010-07": {
            "month": "2010-07",
            "price": "29.10",
            "revenue": 140097
        },
        "2010-08": {
            "month": "2010-08",
            "price": "31.09",
            "revenue": 78189
        },
        "2010-09": {
            "month": "2010-09",
            "price": "30.29",
            "revenue": 68349
        },
        "2010-10": {
            "month": "2010-10",
            "price": "29.06",
            "revenue": 78623
        },
        "2010-11": {
            "month": "2010-11",
            "price": "25.28",
            "revenue": 63983
        },
        "2010-12": {
            "month": "2010-12",
            "price": "28.18",
            "revenue": 116792
        },
        "2011-01": {
            "month": "2011-01",
            "price": "35.00",
            "revenue": 60232
        },
        "2011-02": {
            "month": "2011-02",
            "price": "38.43",
            "revenue": 98648
        },
        "2011-03": {
            "month": "2011-03",
            "price": "42.03",
            "revenue": 92045
        },
        "2011-04": {
            "month": "2011-04",
            "price": "47.66",
            "revenue": 61580
        },
        "2011-05": {
            "month": "2011-05",
            "price": "44.07",
            "revenue": 26929
        },
        "2011-06": {
            "month": "2011-06",
            "price": "38.99",
            "revenue": 32785
        },
        "2011-07": {
            "month": "2011-07",
            "price": "39.25",
            "revenue": 32189
        },
        "2011-08": {
            "month": "2011-08",
            "price": "39.13",
            "revenue": 36951
        },
        "2011-09": {
            "month": "2011-09",
            "price": "36.65",
            "revenue": 55539
        },
        "2011-10": {
            "month": "2011-10",
            "price": "29.95",
            "revenue": 31777
        },
        "2011-11": {
            "month": "2011-11",
            "price": "30.25",
            "revenue": 149906
        },
        "2011-12": {
            "month": "2011-12",
            "price": "29.24",
            "revenue": 94663
        },
        "2012-01": {
            "month": "2012-01",
            "price": "30.00",
            "revenue": 87722
        },
        "2012-02": {
            "month": "2012-02",
            "price": "33.95",
            "revenue": 86964
        },
        "2012-03": {
            "month": "2012-03",
            "price": "35.96",
            "revenue": 101448
        },
        "2012-04": {
            "month": "2012-04",
            "price": "32.76",
            "revenue": 99847
        },
        "2012-05": {
            "month": "2012-05",
            "price": "30.88",
            "revenue": 94440
        },
        "2012-06": {
            "month": "2012-06",
            "price": "29.80",
            "revenue": 88340
        },
        "2012-07": {
            "month": "2012-07",
            "price": "30.42",
            "revenue": 72386
        },
        "2012-08": {
            "month": "2012-08",
            "price": "24.43",
            "revenue": 77382
        },
        "2012-09": {
            "month": "2012-09",
            "price": "21.37",
            "revenue": 85259
        },
        "2012-10": {
            "month": "2012-10",
            "price": "18.98",
            "revenue": 86395
        },
        "2012-11": {
            "month": "2012-11",
            "price": "18.80",
            "revenue": 117565
        },
        "2012-12": {
            "month": "2012-12",
            "price": "18.78",
            "revenue": 72348
        },
        "2013-01": {
            "month": "2013-01",
            "price": "19.91",
            "revenue": 119912
        },
        "2013-02": {
            "month": "2013-02",
            "price": "20.35",
            "revenue": 113379
        },
        "2013-03": {
            "month": "2013-03",
            "price": "23.39",
            "revenue": 164465
        },
        "2013-04": {
            "month": "2013-04",
            "price": "21.04",
            "revenue": 168580
        },
        "2013-05": {
            "month": "2013-05",
            "price": "22.84",
            "revenue": 172650
        },
        "2013-06": {
            "month": "2013-06",
            "price": "22.70",
            "revenue": 176832
        },
        "2013-07": {
            "month": "2013-07",
            "price": "25.62",
            "revenue": 191656
        },
        "2013-08": {
            "month": "2013-08",
            "price": "28.35",
            "revenue": 201327
        },
        "2013-09": {
            "month": "2013-09",
            "price": "28.52",
            "revenue": 216583
        },
        "2013-10": {
            "month": "2013-10",
            "price": "38.19",
            "revenue": 223716
        },
        "2013-11": {
            "month": "2013-11",
            "price": "40.13",
            "revenue": 235097
        },
        "2013-12": {
            "month": "2013-12",
            "price": "40.97",
            "revenue": 252647
        },
        "2014-01": {
            "month": "2014-01",
            "price": "43.81",
            "revenue": 261422
        },
        "2014-02": {
            "month": "2014-02",
            "price": "50.55",
            "revenue": 254261
        },
        "2014-03": {
            "month": "2014-03",
            "price": "56.04",
            "revenue": 293746
        },
        "2014-04": {
            "month": "2014-04",
            "price": "56.39",
            "revenue": 297658
        },
        "2014-05": {
            "month": "2014-05",
            "price": "48.30",
            "revenue": 295792
        },
        "2014-06": {
            "month": "2014-06",
            "price": "51.90",
            "revenue": 317462
        },
        "2014-07": {
            "month": "2014-07",
            "price": "50.40",
            "revenue": 343935
        },
        "2014-08": {
            "month": "2014-08",
            "price": "53.55",
            "revenue": 350579
        },
        "2014-09": {
            "month": "2014-09",
            "price": "52.75",
            "revenue": 367457
        },
        "2014-10": {
            "month": "2014-10",
            "price": "45.97",
            "revenue": 369237
        },
        "2014-11": {
            "month": "2014-11",
            "price": "44.78",
            "revenue": 385269
        },
        "2014-12": {
            "month": "2014-12",
            "price": "50.42",
            "revenue": 385312
        },
        "2015-01": {
            "month": "2015-01",
            "price": "51.64",
            "revenue": 413277
        },
        "2015-02": {
            "month": "2015-02",
            "price": "51.54",
            "revenue": 361026
        },
        "2015-03": {
            "month": "2015-03",
            "price": "55.69",
            "revenue": 423657
        },
        "2015-04": {
            "month": "2015-04",
            "price": "54.84",
            "revenue": 418449
        },
        "2015-05": {
            "month": "2015-05",
            "price": "46.15",
            "revenue": 453612
        },
        "2015-06": {
            "month": "2015-06",
            "price": "45.65",
            "revenue": 456298
        },
        "2015-07": {
            "month": "2015-07",
            "price": "42.08",
            "revenue": 382296
        },
        "2015-08": {
            "month": "2015-08",
            "price": "32.20",
            "revenue": 304245
        },
        "2015-09": {
            "month": "2015-09",
            "price": "31.71",
            "revenue": 311850
        },
        "2015-10": {
            "month": "2015-10",
            "price": "34.96",
            "revenue": 252365
        },
        "2015-11": {
            "month": "2015-11",
            "price": "37.70",
            "revenue": 253751
        },
        "2015-12": {
            "month": "2015-12",
            "price": "36.85",
            "revenue": 325846
        },
        "2016-01": {
            "month": "2016-01",
            "price": "29.40",
            "revenue": 300325
        },
        "2016-02": {
            "month": "2016-02",
            "price": "29.56",
            "revenue": 248286
        },
        "2016-03": {
            "month": "2016-03",
            "price": "30.49",
            "revenue": 341542
        },
        "2016-04": {
            "month": "2016-04",
            "price": "26.59",
            "revenue": 257635
        },
        "2016-05": {
            "month": "2016-05",
            "price": "21.60",
            "revenue": 326286
        },
        "2016-06": {
            "month": "2016-06",
            "price": "22.35",
            "revenue": 210228
        },
        "2016-07": {
            "month": "2016-07",
            "price": "22.81",
            "revenue": 246423
        },
        "2016-08": {
            "month": "2016-08",
            "price": "22.55",
            "revenue": 234224
        },
        "2016-09": {
            "month": "2016-09",
            "price": "20.82",
            "revenue": 156673
        },
        "2016-10": {
            "month": "2016-10",
            "price": "18.72",
            "revenue": 186527
        },
        "2016-11": {
            "month": "2016-11",
            "price": "16.93",
            "revenue": 170721
        },
        "2016-12": {
            "month": "2016-12",
            "price": "17.28",
            "revenue": 142740
        },
        "2017-01": {
            "month": "2017-01",
            "price": "18.94",
            "revenue": 213982
        },
        "2017-02": {
            "month": "2017-02",
            "price": "22.80",
            "revenue": 197283
        },
        "2017-03": {
            "month": "2017-03",
            "price": "22.72",
            "revenue": 302263
        },
        "2017-04": {
            "month": "2017-04",
            "price": "21.32",
            "revenue": 309243
        },
        "2017-05": {
            "month": "2017-05",
            "price": "20.74",
            "revenue": 316385
        },
        "2017-06": {
            "month": "2017-06",
            "price": "22.18",
            "revenue": 236055
        },
        "2017-07": {
            "month": "2017-07",
            "price": "20.76",
            "revenue": 256265
        },
        "2017-08": {
            "month": "2017-08",
            "price": "19.24",
            "revenue": 270399
        },
        "2017-09": {
            "month": "2017-09",
            "price": "18.58",
            "revenue": 238685
        },
        "2017-10": {
            "month": "2017-10",
            "price": "18.41",
            "revenue": 298493
        },
        "2017-11": {
            "month": "2017-11",
            "price": "17.35",
            "revenue": 339687
        },
        "2017-12": {
            "month": "2017-12",
            "price": "17.33",
            "revenue": 345964
        },
        "2018-01": {
            "month": "2018-01",
            "price": "20.12",
            "revenue": 347423
        },
        "2018-02": {
            "month": "2018-02",
            "price": "20.07",
            "revenue": 209205
        },
        "2018-03": {
            "month": "2018-03",
            "price": "19.62",
            "revenue": 329139
        },
        "2018-04": {
            "month": "2018-04",
            "price": "18.77",
            "revenue": 339716
        },
        "2018-05": {
            "month": "2018-05",
            "price": "20.52",
            "revenue": 392752
        },
        "2018-06": {
            "month": "2018-06",
            "price": "21.14",
            "revenue": 394722
        },
        "2018-07": {
            "month": "2018-07",
            "price": "19.47",
            "revenue": 396160
        },
        "2018-08": {
            "month": "2018-08",
            "price": "21.73",
            "revenue": 398882
        },
        "2018-09": {
            "month": "2018-09",
            "price": "23.06",
            "revenue": 403031
        },
        "2018-10": {
            "month": "2018-10",
            "price": "22.01",
            "revenue": 402488
        },
        "2018-11": {
            "month": "2018-11",
            "price": "21.82",
            "revenue": 443817
        },
        "2018-12": {
            "month": "2018-12",
            "price": "20.09",
            "revenue": 595342
        },
        "2019-01": {
            "month": "2019-01",
            "price": "21.50",
            "revenue": 375094
        },
        "2019-02": {
            "month": "2019-02",
            "price": "22.38",
            "revenue": 212112
        },
        "2019-03": {
            "month": "2019-03",
            "price": "21.90",
            "revenue": 408196
        },
        "2019-04": {
            "month": "2019-04",
            "price": "22.03",
            "revenue": 343003
        },
        "2019-05": {
            "month": "2019-05",
            "price": "21.98",
            "revenue": 323779
        },
        "2019-06": {
            "month": "2019-06",
            "price": "21.06",
            "revenue": 318364
        },
        "2019-07": {
            "month": "2019-07",
            "price": "20.01",
            "revenue": 309265
        },
        "2019-08": {
            "month": "2019-08",
            "price": "18.64",
            "revenue": 269168
        },
        "2019-09": {
            "month": "2019-09",
            "price": "18.79",
            "revenue": 230297
        },
        "2019-10": {
            "month": "2019-10",
            "price": "18.88",
            "revenue": 259082
        },
        "2019-11": {
            "month": "2019-11",
            "price": "18.67",
            "revenue": 288818
        },
        "2019-12": {
            "month": "2019-12",
            "price": "18.60",
            "revenue": 469831
        },
        "2020-01": {
            "month": "2020-01",
            "price": "18.41",
            "revenue": 153792
        },
        "2020-02": {
            "month": "2020-02",
            "price": "17.99",
            "revenue": 161678
        },
        "2020-03": {
            "month": "2020-03",
            "price": "14.87",
            "revenue": 186053
        },
        "2020-04": {
            "month": "2020-04",
            "price": "14.78",
            "revenue": 256147
        },
        "2020-05": {
            "month": "2020-05",
            "price": "17.32",
            "revenue": 335596
        },
        "2020-06": {
            "month": "2020-06",
            "price": "17.20",
            "revenue": 343836
        },
        "2020-07": {
            "month": "2020-07",
            "price": "16.54",
            "revenue": 305829
        },
        "2020-08": {
            "month": "2020-08",
            "price": "15.75",
            "revenue": 321063
        },
        "2020-09": {
            "month": "2020-09",
            "price": "16.32",
            "revenue": 316804
        },
        "2020-10": {
            "month": "2020-10",
            "price": "21.30",
            "revenue": 331558
        },
        "2020-11": {
            "month": "2020-11",
            "price": "22.86",
            "revenue": 369067
        },
        "2020-12": {
            "month": "2020-12",
            "price": "22.12",
            "revenue": 633089
        },
        "2021-01": {
            "month": "2021-01",
            "price": "23.35",
            "revenue": 481901
        },
        "2021-02": {
            "month": "2021-02",
            "price": "25.47",
            "revenue": 253792
        },
        "2021-03": {
            "month": "2021-03",
            "price": "34.52",
            "revenue": 304165
        },
        "2021-04": {
            "month": "2021-04",
            "price": "36.32",
            "revenue": 338098
        },
        "2021-05": {
            "month": "2021-05",
            "price": "28.51",
            "revenue": 442813
        },
        "2021-06": {
            "month": "2021-06",
            "price": "25.20",
            "revenue": 375337
        },
        "2021-07": {
            "month": "2021-07",
            "price": "24.81",
            "revenue": 423606
        },
        "2021-08": {
            "month": "2021-08",
            "price": "23.58",
            "revenue": 409201
        },
        "2021-09": {
            "month": "2021-09",
            "price": "23.15",
            "revenue": 342160
        },
        "2021-10": {
            "month": "2021-10",
            "price": "21.01",
            "revenue": 230950
        },
        "2021-11": {
            "month": "2021-11",
            "price": "20.84",
            "revenue": 472264
        },
        "2021-12": {
            "month": "2021-12",
            "price": "21.17",
            "revenue": 489404
        },
        "2022-01": {
            "month": "2022-01",
            "price": "21.63",
            "revenue": 342217
        },
        "2022-02": {
            "month": "2022-02",
            "price": "21.18",
            "revenue": 291600
        },
        "2022-03": {
            "month": "2022-03",
            "price": "21.13",
            "revenue": 332244
        },
        "2022-04": {
            "month": "2022-04",
            "price": "21.95",
            "revenue": 401799
        },
        "2022-05": {
            "month": "2022-05",
            "price": "20.27",
            "revenue": 284227
        },
        "2022-06": {
            "month": "2022-06",
            "price": "19.41",
            "revenue": 298435
        },
        "2022-07": {
            "month": "2022-07",
            "price": "17.91",
            "revenue": 306916
        },
        "2022-08": {
            "month": "2022-08",
            "price": "21.22",
            "revenue": 348605
        },
        "2022-09": {
            "month": "2022-09",
            "price": "21.76",
            "revenue": 249683
        },
        "2022-10": {
            "month": "2022-10",
            "price": "19.24",
            "revenue": 268484
        },
        "2022-11": {
            "month": "2022-11",
            "price": "20.43",
            "revenue": 335638
        },
        "2022-12": {
            "month": "2022-12",
            "price": "22.26",
            "revenue": 332185
        },
        "2023-01": {
            "month": "2023-01",
            "price": "21.92",
            "revenue": 251500
        },
        "2023-02": {
            "month": "2023-02",
            "price": "25.10",
            "revenue": 162123
        },
        "2023-03": {
            "month": "2023-03",
            "price": "29.28",
            "revenue": 347945
        },
        "2023-04": {
            "month": "2023-04",
            "price": "28.55",
            "revenue": 316520
        }
    }
}
