{
    "summary": {
        "stock_name": "合騏",
        "stock_id": "8937",
        "category": "其他",
        "main_business": "生產機車(多功能休閒車)及其零件等買賣業務<br>生產電動機車(電動代步車)及其零件等買賣業務<br>生產其他交通運輸工具及其零件等買賣業務(沙灘車、殘障代步車)",
        "website_url": "http://www.hercheemoto.com.tw",
        "ceo": "陳忠森",
        "pe_ratio": 0,
        "report_year_from": 2001,
        "report_year_to": 2023,
        "age": 22,
        "eps_negative_percentage": 43,
        "eps_growth_avg": {
            "last_all": -39.29,
            "last_2y": null,
            "last_4y": -100,
            "last_8y": -64.09,
            "last_12y": -64.09,
            "last_16y": -65.11,
            "last_20y": -39.29,
            "at_2006_last_3y": -25.11,
            "at_2007_last_3y": -30.53,
            "at_2008_last_3y": -51.08,
            "at_2009_last_3y": -66.14,
            "at_2010_last_3y": -58.55,
            "at_2011_last_3y": -66.67,
            "at_2012_last_3y": -100,
            "at_2013_last_3y": null,
            "at_2014_last_3y": -4.17,
            "at_2015_last_3y": -28.17,
            "at_2016_last_3y": -52.11,
            "at_2017_last_3y": -52.11,
            "at_2018_last_3y": -76.09,
            "at_2019_last_3y": -100,
            "at_2020_last_3y": -100,
            "at_2021_last_3y": -100,
            "at_2022_last_3y": -100,
            "at_2023_last_3y": -100,
            "at_2006_last_all": -7.89,
            "at_2007_last_all": -13.63,
            "at_2008_last_all": -16.44,
            "at_2009_last_all": -26.89,
            "at_2010_last_all": -26.89,
            "at_2011_last_all": -26.89,
            "at_2012_last_all": -26.89,
            "at_2013_last_all": -26.89,
            "at_2014_last_all": -24.36,
            "at_2015_last_all": -27.14,
            "at_2016_last_all": -33.77,
            "at_2017_last_all": -33.77,
            "at_2018_last_all": -33.77,
            "at_2019_last_all": -39.29,
            "at_2020_last_all": -39.29,
            "at_2021_last_all": -39.29,
            "at_2022_last_all": -39.29,
            "at_2023_last_all": -39.29
        },
        "latest_eps": 0,
        "latest_price": 21.6,
        "latest_roe": 0,
        "latest_gross_margin": 19.95,
        "latest_equity": 745268,
        "latest_revenue": 67138,
        "latest_gross_profit": 13397,
        "latest_net_income": -7010,
        "latest_debt_ratio": 45.05,
        "latest_current_ratio": 224.12,
        "latest_account_receivable_turnover_ratio": 34.9,
        "latest_inventory_turnover_ratio": 0.4,
        "latest_reinvestment_rate": null,
        "latest_research_to_sale_ratio": 3.89
    },
    "eps_dividends": {
        "2000": {
            "cash": 2,
            "stock": 0,
            "eps": 0
        },
        "2001": {
            "cash": 1,
            "stock": 0,
            "eps": 2.05
        },
        "2002": {
            "cash": 1.25,
            "stock": 1.25,
            "eps": 3.3
        },
        "2003": {
            "cash": 2.2,
            "stock": 0.8,
            "eps": 2.62
        },
        "2004": {
            "cash": 2,
            "stock": 0.4,
            "eps": 3.9
        },
        "2005": {
            "cash": 2.7,
            "stock": 0.5,
            "eps": 2.35
        },
        "2006": {
            "cash": 1.5,
            "stock": 0.5,
            "eps": 0.26
        },
        "2007": {
            "cash": 0.25,
            "stock": 0,
            "eps": 0.15
        },
        "2008": {
            "cash": 0.15,
            "stock": 0,
            "eps": 0.1
        },
        "2009": {
            "cash": 0.1,
            "stock": 0,
            "eps": -0.35
        },
        "2010": {
            "cash": 0,
            "stock": 0,
            "eps": -0.95
        },
        "2011": {
            "cash": 0,
            "stock": 0,
            "eps": -0.2
        },
        "2012": {
            "cash": 0,
            "stock": 0,
            "eps": -0.06
        },
        "2013": {
            "cash": 0,
            "stock": 0,
            "eps": 0.24
        },
        "2014": {
            "cash": 0.11,
            "stock": 0,
            "eps": 0.23
        },
        "2015": {
            "cash": 0.24,
            "stock": 0,
            "eps": 0.11
        },
        "2016": {
            "cash": 0.11,
            "stock": 0,
            "eps": -0.06
        },
        "2017": {
            "cash": 0,
            "stock": 0,
            "eps": -0.24
        },
        "2018": {
            "cash": 0,
            "stock": 0,
            "eps": 0.11
        },
        "2019": {
            "cash": 0.11,
            "stock": 0,
            "eps": -0.19
        },
        "2020": {
            "cash": 0.19,
            "stock": 0,
            "eps": -0.05
        },
        "2021": {
            "cash": 0,
            "stock": 0,
            "eps": -0.78
        },
        "2022": {
            "cash": 0,
            "stock": 0,
            "eps": 0.06
        },
        "2023": {
            "cash": 0,
            "stock": 0,
            "eps": -0.08
        }
    },
    "dividends": {
        "2000-06-03": {
            "cash": 2,
            "stock": 0
        },
        "2001-04-30": {
            "cash": 1,
            "stock": 0
        },
        "2002-05-06": {
            "cash": 1.25,
            "stock": 1.25
        },
        "2003-06-02": {
            "cash": 2.2,
            "stock": 0.8
        },
        "2004-03-12": {
            "cash": 2,
            "stock": 0.4
        },
        "2005-03-15": {
            "cash": 2.7,
            "stock": 0.5
        },
        "2006-03-20": {
            "cash": 1.5,
            "stock": 0.5
        },
        "2007-04-11": {
            "cash": 0.25,
            "stock": 0
        },
        "2008-03-20": {
            "cash": 0.15,
            "stock": 0
        },
        "2009-04-03": {
            "cash": 0.1,
            "stock": 0
        },
        "2014-09-10": {
            "cash": 0.11,
            "stock": 0
        },
        "2015-09-22": {
            "cash": 0.24,
            "stock": 0
        },
        "2016-10-19": {
            "cash": 0.11,
            "stock": 0
        },
        "2019-08-21": {
            "cash": 0.11,
            "stock": 0
        },
        "2020-08-17": {
            "cash": 0.19,
            "stock": 0
        }
    },
    "prices": {
        "200101": "無",
        "200102": "無",
        "200103": "無",
        "200104": "無",
        "200105": "無",
        "200106": "無",
        "200107": "無",
        "200108": "無",
        "200109": "無",
        "200110": "無",
        "200111": "無",
        "200112": "無",
        "200201": "無",
        "200202": "無",
        "200203": "無",
        "200204": "無",
        "200205": "無",
        "200206": "無",
        "200207": "無",
        "200208": "無",
        "200209": "無",
        "200210": "39.97",
        "200211": "40.02",
        "200212": "39.59",
        "200301": "38.15",
        "200302": "36.71",
        "200303": "35.69",
        "200304": "32.70",
        "200305": "33.34",
        "200306": "36.61",
        "200307": "35.49",
        "200308": "35.13",
        "200309": "31.42",
        "200310": "30.59",
        "200311": "30.70",
        "200312": "30.74",
        "200401": "33.76",
        "200402": "36.73",
        "200403": "35.86",
        "200404": "39.40",
        "200405": "41.67",
        "200406": "39.13",
        "200407": "35.65",
        "200408": "34.95",
        "200409": "37.20",
        "200410": "37.18",
        "200411": "37.39",
        "200412": "38.50",
        "200501": "39.24",
        "200502": "39.84",
        "200503": "42.69",
        "200504": "40.93",
        "200505": "39.21",
        "200506": "38.21",
        "200507": "37.72",
        "200508": "34.52",
        "200509": "33.15",
        "200510": "30.58",
        "200511": "30.52",
        "200512": "30.76",
        "200601": "29.66",
        "200602": "28.35",
        "200603": "26.74",
        "200604": "26.06",
        "200605": "25.00",
        "200606": "24.95",
        "200607": "25.03",
        "200608": "22.60",
        "200609": "20.35",
        "200610": "18.60",
        "200611": "18.19",
        "200612": "17.50",
        "200701": "17.62",
        "200702": "18.90",
        "200703": "18.48",
        "200704": "20.37",
        "200705": "20.29",
        "200706": "20.52",
        "200707": "22.80",
        "200708": "20.58",
        "200709": "15.84",
        "200710": "17.61",
        "200711": "14.76",
        "200712": "12.58",
        "200801": "13.83",
        "200802": "12.72",
        "200803": "13.20",
        "200804": "12.64",
        "200805": "12.39",
        "200806": "12.70",
        "200807": "10.70",
        "200808": "11.47",
        "200809": "10.16",
        "200810": "10.10",
        "200811": "9.51",
        "200812": "8.79",
        "200901": "8.24",
        "200902": "7.68",
        "200903": "8.11",
        "200904": "8.86",
        "200905": "8.87",
        "200906": "8.91",
        "200907": "8.78",
        "200908": "9.32",
        "200909": "9.52",
        "200910": "10.67",
        "200911": "10.97",
        "200912": "11.52",
        "201001": "12.48",
        "201002": "11.38",
        "201003": "12.92",
        "201004": "14.41",
        "201005": "13.09",
        "201006": "12.43",
        "201007": "12.34",
        "201008": "18.91",
        "201009": "21.05",
        "201010": "22.20",
        "201011": "21.72",
        "201012": "20.67",
        "201101": "17.55",
        "201102": "13.86",
        "201103": "14.44",
        "201104": "14.19",
        "201105": "13.33",
        "201106": "11.47",
        "201107": "13.71",
        "201108": "17.01",
        "201109": "15.38",
        "201110": "13.94",
        "201111": "13.02",
        "201112": "10.67",
        "201201": "11.14",
        "201202": "12.28",
        "201203": "11.27",
        "201204": "10.60",
        "201205": "10.06",
        "201206": "10.00",
        "201207": "9.88",
        "201208": "9.73",
        "201209": "10.18",
        "201210": "9.80",
        "201211": "9.40",
        "201212": "9.62",
        "201301": "9.78",
        "201302": "9.36",
        "201303": "12.98",
        "201304": "15.89",
        "201305": "15.26",
        "201306": "15.91",
        "201307": "18.27",
        "201308": "18.27",
        "201309": "14.92",
        "201310": "15.05",
        "201311": "15.00",
        "201312": "15.77",
        "201401": "15.60",
        "201402": "15.57",
        "201403": "18.70",
        "201404": "17.23",
        "201405": "15.45",
        "201406": "16.36",
        "201407": "15.57",
        "201408": "14.94",
        "201409": "13.90",
        "201410": "12.91",
        "201411": "12.67",
        "201412": "12.75",
        "201501": "12.69",
        "201502": "12.20",
        "201503": "13.47",
        "201504": "16.74",
        "201505": "14.87",
        "201506": "14.02",
        "201507": "13.91",
        "201508": "11.97",
        "201509": "11.50",
        "201510": "12.63",
        "201511": "12.47",
        "201512": "12.16",
        "201601": "11.79",
        "201602": "11.86",
        "201603": "12.43",
        "201604": "12.07",
        "201605": "11.68",
        "201606": "11.46",
        "201607": "12.16",
        "201608": "12.04",
        "201609": "11.68",
        "201610": "10.54",
        "201611": "10.49",
        "201612": "10.30",
        "201701": "10.30",
        "201702": "12.05",
        "201703": "12.01",
        "201704": "11.02",
        "201705": "11.43",
        "201706": "11.55",
        "201707": "11.62",
        "201708": "11.67",
        "201709": "12.15",
        "201710": "13.13",
        "201711": "13.81",
        "201712": "14.38",
        "201801": "14.97",
        "201802": "14.00",
        "201803": "13.97",
        "201804": "13.76",
        "201805": "14.02",
        "201806": "14.52",
        "201807": "14.61",
        "201808": "14.28",
        "201809": "14.22",
        "201810": "14.29",
        "201811": "14.65",
        "201812": "14.58",
        "201901": "15.69",
        "201902": "16.14",
        "201903": "17.12",
        "201904": "16.16",
        "201905": "16.48",
        "201906": "16.34",
        "201907": "15.90",
        "201908": "15.20",
        "201909": "14.94",
        "201910": "14.87",
        "201911": "14.50",
        "201912": "14.50",
        "202001": "14.67",
        "202002": "14.48",
        "202003": "13.09",
        "202004": "13.52",
        "202005": "14.44",
        "202006": "14.36",
        "202007": "15.61",
        "202008": "15.36",
        "202009": "15.72",
        "202010": "16.96",
        "202011": "16.58",
        "202012": "16.29",
        "202101": "15.96",
        "202102": "15.27",
        "202103": "14.85",
        "202104": "14.58",
        "202105": "12.92",
        "202106": "12.00",
        "202107": "12.30",
        "202108": "11.92",
        "202109": "11.62",
        "202110": "12.20",
        "202111": "12.44",
        "202112": "13.12",
        "202201": "13.25",
        "202202": "12.86",
        "202203": "12.47",
        "202204": "13.32",
        "202205": "13.25",
        "202206": "14.34",
        "202207": "13.32",
        "202208": "13.20",
        "202209": "14.88",
        "202210": "14.49",
        "202211": "14.34",
        "202212": "14.67",
        "202301": "14.96",
        "202302": "14.75",
        "202303": "15.43",
        "202304": "15.31",
        "202305": "18.47",
        "202306": "21.12",
        "202307": "23.80",
        "202308": "22.06",
        "202309": "21.65"
    },
    "quarters": {
        "20011": {
            "year_quarter": 20011,
            "year": 2001,
            "quarter": 1,
            "eps": null,
            "eps_growth_year": null,
            "eps_4q": null,
            "eps_4q_growth_year": null,
            "roe": null,
            "roe_4q": 0,
            "gross_profit": null,
            "gross_margin": null,
            "gross_margin_4q_avg": 0,
            "net_income": null,
            "revenue": null,
            "common_shares": null,
            "book_valuer_per_share": null,
            "book_valuer_per_share_4q_avg": 0,
            "equity": null,
            "current_ratio": null,
            "debt_ratio": null,
            "inventory_turnover_ratio": null,
            "account_receivable_turnover_ratio": null,
            "reinvestment_rate": null,
            "research_to_sale_ratio": null,
            "price_fair": 0,
            "eps_avg_yearly": 0,
            "eps_latest_yearly": 0,
            "eps_growth_yearly": 0
        },
        "20012": {
            "year_quarter": 20012,
            "year": 2001,
            "quarter": 2,
            "eps": null,
            "eps_growth_year": null,
            "eps_4q": null,
            "eps_4q_growth_year": null,
            "roe": null,
            "roe_4q": 0,
            "gross_profit": null,
            "gross_margin": null,
            "gross_margin_4q_avg": 0,
            "net_income": null,
            "revenue": null,
            "common_shares": null,
            "book_valuer_per_share": null,
            "book_valuer_per_share_4q_avg": 0,
            "equity": null,
            "current_ratio": null,
            "debt_ratio": null,
            "inventory_turnover_ratio": null,
            "account_receivable_turnover_ratio": null,
            "reinvestment_rate": null,
            "research_to_sale_ratio": null,
            "price_fair": 0,
            "eps_avg_yearly": 0,
            "eps_latest_yearly": 0,
            "eps_growth_yearly": 0
        },
        "20013": {
            "year_quarter": 20013,
            "year": 2001,
            "quarter": 3,
            "eps": 0.96,
            "eps_growth_year": null,
            "eps_4q": null,
            "eps_4q_growth_year": null,
            "roe": 6.77,
            "roe_4q": 6.77,
            "gross_profit": 83909,
            "gross_margin": 34.66,
            "gross_margin_4q_avg": 11.55,
            "net_income": 52487,
            "revenue": 242059,
            "common_shares": 548675,
            "book_valuer_per_share": 14.12,
            "book_valuer_per_share_4q_avg": 4.71,
            "equity": 774941,
            "current_ratio": 238.72,
            "debt_ratio": 23.99,
            "inventory_turnover_ratio": 1.19,
            "account_receivable_turnover_ratio": null,
            "reinvestment_rate": null,
            "research_to_sale_ratio": null,
            "price_fair": 0,
            "eps_avg_yearly": 0,
            "eps_latest_yearly": 0,
            "eps_growth_yearly": 0
        },
        "20014": {
            "year_quarter": 20014,
            "year": 2001,
            "quarter": 4,
            "eps": 1.09,
            "eps_growth_year": null,
            "eps_4q": null,
            "eps_4q_growth_year": null,
            "roe": 7.41,
            "roe_4q": 14.18,
            "gross_profit": 133197,
            "gross_margin": 37.24,
            "gross_margin_4q_avg": 17.98,
            "net_income": 59608,
            "revenue": 357674,
            "common_shares": 548675,
            "book_valuer_per_share": 15.18,
            "book_valuer_per_share_4q_avg": 7.33,
            "equity": 833130,
            "current_ratio": 382.74,
            "debt_ratio": 18.18,
            "inventory_turnover_ratio": 2.26,
            "account_receivable_turnover_ratio": null,
            "reinvestment_rate": null,
            "research_to_sale_ratio": null,
            "price_fair": 0,
            "eps_avg_yearly": 0,
            "eps_latest_yearly": 0,
            "eps_growth_yearly": 0
        },
        "20021": {
            "year_quarter": 20021,
            "year": 2002,
            "quarter": 1,
            "eps": 0.89,
            "eps_growth_year": null,
            "eps_4q": null,
            "eps_4q_growth_year": null,
            "roe": 5.68,
            "roe_4q": 19.86,
            "gross_profit": 85701,
            "gross_margin": 34.45,
            "gross_margin_4q_avg": 26.59,
            "net_income": 48722,
            "revenue": 248793,
            "common_shares": 548675,
            "book_valuer_per_share": 16.08,
            "book_valuer_per_share_4q_avg": 11.35,
            "equity": 882430,
            "current_ratio": 322.46,
            "debt_ratio": 19.53,
            "inventory_turnover_ratio": 2.17,
            "account_receivable_turnover_ratio": null,
            "reinvestment_rate": null,
            "research_to_sale_ratio": null,
            "price_fair": 10.68,
            "eps_avg_yearly": 3.56,
            "eps_latest_yearly": 3.56,
            "eps_growth_yearly": -73.39
        },
        "20022": {
            "year_quarter": 20022,
            "year": 2002,
            "quarter": 2,
            "eps": 0.58,
            "eps_growth_year": null,
            "eps_4q": 3.16,
            "eps_4q_growth_year": null,
            "roe": 4.19,
            "roe_4q": 24.05,
            "gross_profit": 78567,
            "gross_margin": 30.74,
            "gross_margin_4q_avg": 34.27,
            "net_income": 36125,
            "revenue": 255553,
            "common_shares": 622168,
            "book_valuer_per_share": 13.56,
            "book_valuer_per_share_4q_avg": 14.74,
            "equity": 843511,
            "current_ratio": 254.82,
            "debt_ratio": 25.21,
            "inventory_turnover_ratio": 2,
            "account_receivable_turnover_ratio": null,
            "reinvestment_rate": null,
            "research_to_sale_ratio": null,
            "price_fair": 8.82,
            "eps_avg_yearly": 2.94,
            "eps_latest_yearly": 2.32,
            "eps_growth_yearly": -106.36
        },
        "20023": {
            "year_quarter": 20023,
            "year": 2002,
            "quarter": 3,
            "eps": 1.36,
            "eps_growth_year": 41.67,
            "eps_4q": 3.68,
            "eps_4q_growth_year": null,
            "roe": 9.54,
            "roe_4q": 26.82,
            "gross_profit": 121898,
            "gross_margin": 35.3,
            "gross_margin_4q_avg": 34.43,
            "net_income": 84634,
            "revenue": 345347,
            "common_shares": 622168,
            "book_valuer_per_share": 14.95,
            "book_valuer_per_share_4q_avg": 14.94,
            "equity": 930075,
            "current_ratio": 329.54,
            "debt_ratio": 19.94,
            "inventory_turnover_ratio": 2.57,
            "account_receivable_turnover_ratio": null,
            "reinvestment_rate": null,
            "research_to_sale_ratio": null,
            "price_fair": 132.07,
            "eps_avg_yearly": 3.77,
            "eps_latest_yearly": 5.44,
            "eps_growth_yearly": 108.4
        },
        "20024": {
            "year_quarter": 20024,
            "year": 2002,
            "quarter": 4,
            "eps": 0.47,
            "eps_growth_year": -56.88,
            "eps_4q": 3.21,
            "eps_4q_growth_year": null,
            "roe": 3.08,
            "roe_4q": 22.49,
            "gross_profit": 54065,
            "gross_margin": 33.41,
            "gross_margin_4q_avg": 33.48,
            "net_income": 29117,
            "revenue": 161820,
            "common_shares": 622168,
            "book_valuer_per_share": 15.4,
            "book_valuer_per_share_4q_avg": 15,
            "equity": 957964,
            "current_ratio": 457.88,
            "debt_ratio": 15.7,
            "inventory_turnover_ratio": 1.23,
            "account_receivable_turnover_ratio": null,
            "reinvestment_rate": null,
            "research_to_sale_ratio": null,
            "price_fair": 85.34,
            "eps_avg_yearly": 3.3,
            "eps_latest_yearly": 1.88,
            "eps_growth_yearly": 15.86
        },
        "20031": {
            "year_quarter": 20031,
            "year": 2003,
            "quarter": 1,
            "eps": 0.46,
            "eps_growth_year": -48.31,
            "eps_4q": 2.86,
            "eps_4q_growth_year": null,
            "roe": 2.95,
            "roe_4q": 19.76,
            "gross_profit": 56812,
            "gross_margin": 29.42,
            "gross_margin_4q_avg": 32.22,
            "net_income": 28674,
            "revenue": 193099,
            "common_shares": 622168,
            "book_valuer_per_share": 15.86,
            "book_valuer_per_share_4q_avg": 14.94,
            "equity": 986582,
            "current_ratio": 435.48,
            "debt_ratio": 15.48,
            "inventory_turnover_ratio": 1.59,
            "account_receivable_turnover_ratio": null,
            "reinvestment_rate": null,
            "research_to_sale_ratio": null,
            "price_fair": 63.13,
            "eps_avg_yearly": 3.01,
            "eps_latest_yearly": 1.84,
            "eps_growth_yearly": 10.99
        },
        "20032": {
            "year_quarter": 20032,
            "year": 2003,
            "quarter": 2,
            "eps": 0.55,
            "eps_growth_year": -5.17,
            "eps_4q": 2.83,
            "eps_4q_growth_year": -10.51,
            "roe": 3.68,
            "roe_4q": 19.25,
            "gross_profit": 73933,
            "gross_margin": 32.26,
            "gross_margin_4q_avg": 32.6,
            "net_income": 34364,
            "revenue": 229152,
            "common_shares": 622168,
            "book_valuer_per_share": 14.12,
            "book_valuer_per_share_4q_avg": 15.08,
            "equity": 878524,
            "current_ratio": 253.26,
            "debt_ratio": 27.33,
            "inventory_turnover_ratio": 1.97,
            "account_receivable_turnover_ratio": null,
            "reinvestment_rate": null,
            "research_to_sale_ratio": null,
            "price_fair": 92.52,
            "eps_avg_yearly": 2.87,
            "eps_latest_yearly": 2.2,
            "eps_growth_yearly": 22.2
        },
        "20033": {
            "year_quarter": 20033,
            "year": 2003,
            "quarter": 3,
            "eps": 0.59,
            "eps_growth_year": -56.62,
            "eps_4q": 1.95,
            "eps_4q_growth_year": -47.13,
            "roe": 4.46,
            "roe_4q": 14.17,
            "gross_profit": 90117,
            "gross_margin": 33.32,
            "gross_margin_4q_avg": 32.1,
            "net_income": 40091,
            "revenue": 270461,
            "common_shares": 677168,
            "book_valuer_per_share": 13.55,
            "book_valuer_per_share_4q_avg": 14.73,
            "equity": 917435,
            "current_ratio": 336.4,
            "debt_ratio": 19.17,
            "inventory_turnover_ratio": 1.89,
            "account_receivable_turnover_ratio": null,
            "reinvestment_rate": null,
            "research_to_sale_ratio": null,
            "price_fair": 92.91,
            "eps_avg_yearly": 2.8,
            "eps_latest_yearly": 2.36,
            "eps_growth_yearly": 23.18
        },
        "20034": {
            "year_quarter": 20034,
            "year": 2003,
            "quarter": 4,
            "eps": 1.02,
            "eps_growth_year": 117.02,
            "eps_4q": 2.54,
            "eps_4q_growth_year": -20.67,
            "roe": 7.25,
            "roe_4q": 18.34,
            "gross_profit": 82542,
            "gross_margin": 30.17,
            "gross_margin_4q_avg": 31.29,
            "net_income": 69067,
            "revenue": 273595,
            "common_shares": 677168,
            "book_valuer_per_share": 14.57,
            "book_valuer_per_share_4q_avg": 14.53,
            "equity": 986625,
            "current_ratio": 446.01,
            "debt_ratio": 16.41,
            "inventory_turnover_ratio": 1.91,
            "account_receivable_turnover_ratio": null,
            "reinvestment_rate": null,
            "research_to_sale_ratio": null,
            "price_fair": 103.6,
            "eps_avg_yearly": 2.96,
            "eps_latest_yearly": 4.08,
            "eps_growth_yearly": 56.73
        },
        "20041": {
            "year_quarter": 20041,
            "year": 2004,
            "quarter": 1,
            "eps": 0.64,
            "eps_growth_year": 39.13,
            "eps_4q": 2.74,
            "eps_4q_growth_year": -4.24,
            "roe": 4.33,
            "roe_4q": 19.72,
            "gross_profit": 72887,
            "gross_margin": 28.34,
            "gross_margin_4q_avg": 31.02,
            "net_income": 43677,
            "revenue": 257211,
            "common_shares": 677168,
            "book_valuer_per_share": 15.2,
            "book_valuer_per_share_4q_avg": 14.36,
            "equity": 1028965,
            "current_ratio": 451.88,
            "debt_ratio": 36.93,
            "inventory_turnover_ratio": 1.6,
            "account_receivable_turnover_ratio": null,
            "reinvestment_rate": null,
            "research_to_sale_ratio": null,
            "price_fair": 102.04,
            "eps_avg_yearly": 2.92,
            "eps_latest_yearly": 2.56,
            "eps_growth_yearly": 33.87
        },
        "20042": {
            "year_quarter": 20042,
            "year": 2004,
            "quarter": 2,
            "eps": 1.34,
            "eps_growth_year": 143.64,
            "eps_4q": 3.61,
            "eps_4q_growth_year": 27.41,
            "roe": 9.02,
            "roe_4q": 25.060000000000002,
            "gross_profit": 141099,
            "gross_margin": 29.8,
            "gross_margin_4q_avg": 30.41,
            "net_income": 90411,
            "revenue": 473545,
            "common_shares": 677168,
            "book_valuer_per_share": 14.42,
            "book_valuer_per_share_4q_avg": 14.44,
            "equity": 976624,
            "current_ratio": 240.43,
            "debt_ratio": 49.32,
            "inventory_turnover_ratio": 1.73,
            "account_receivable_turnover_ratio": null,
            "reinvestment_rate": null,
            "research_to_sale_ratio": null,
            "price_fair": 110.6,
            "eps_avg_yearly": 3.16,
            "eps_latest_yearly": 5.36,
            "eps_growth_yearly": 74.23
        },
        "20043": {
            "year_quarter": 20043,
            "year": 2004,
            "quarter": 3,
            "eps": 1.44,
            "eps_growth_year": 144.07,
            "eps_4q": 4.31,
            "eps_4q_growth_year": 121.61,
            "roe": 9.91,
            "roe_4q": 30.509999999999998,
            "gross_profit": 172518,
            "gross_margin": 28.72,
            "gross_margin_4q_avg": 29.26,
            "net_income": 101823,
            "revenue": 600710,
            "common_shares": 707168,
            "book_valuer_per_share": 15.25,
            "book_valuer_per_share_4q_avg": 14.86,
            "equity": 1078752,
            "current_ratio": 328.18,
            "debt_ratio": 41.62,
            "inventory_turnover_ratio": 1.73,
            "account_receivable_turnover_ratio": null,
            "reinvestment_rate": null,
            "research_to_sale_ratio": null,
            "price_fair": 118.87,
            "eps_avg_yearly": 3.4,
            "eps_latest_yearly": 5.76,
            "eps_growth_yearly": 70.19
        },
        "20044": {
            "year_quarter": 20044,
            "year": 2004,
            "quarter": 4,
            "eps": 0.48,
            "eps_growth_year": -52.94,
            "eps_4q": 3.78,
            "eps_4q_growth_year": 48.74,
            "roe": 3.13,
            "roe_4q": 26.39,
            "gross_profit": 95364,
            "gross_margin": 23.93,
            "gross_margin_4q_avg": 27.7,
            "net_income": 34287,
            "revenue": 398496,
            "common_shares": 707168,
            "book_valuer_per_share": 15.7,
            "book_valuer_per_share_4q_avg": 15.14,
            "equity": 1110028,
            "current_ratio": 531.2,
            "debt_ratio": 34.37,
            "inventory_turnover_ratio": 1.34,
            "account_receivable_turnover_ratio": null,
            "reinvestment_rate": null,
            "research_to_sale_ratio": null,
            "price_fair": 114.57,
            "eps_avg_yearly": 3.27,
            "eps_latest_yearly": 1.92,
            "eps_growth_yearly": 42.12
        },
        "20051": {
            "year_quarter": 20051,
            "year": 2005,
            "quarter": 1,
            "eps": 0.38,
            "eps_growth_year": -40.62,
            "eps_4q": 3.55,
            "eps_4q_growth_year": 29.52,
            "roe": 2.39,
            "roe_4q": 24.45,
            "gross_profit": 66231,
            "gross_margin": 20.02,
            "gross_margin_4q_avg": 25.62,
            "net_income": 27131,
            "revenue": 330866,
            "common_shares": 716650,
            "book_valuer_per_share": 16.22,
            "book_valuer_per_share_4q_avg": 15.4,
            "equity": 1162051,
            "current_ratio": 324.63,
            "debt_ratio": 21.88,
            "inventory_turnover_ratio": 1.21,
            "account_receivable_turnover_ratio": null,
            "reinvestment_rate": null,
            "research_to_sale_ratio": null,
            "price_fair": 109.85,
            "eps_avg_yearly": 3.14,
            "eps_latest_yearly": 1.52,
            "eps_growth_yearly": 32.47
        },
        "20052": {
            "year_quarter": 20052,
            "year": 2005,
            "quarter": 2,
            "eps": 0.63,
            "eps_growth_year": -52.99,
            "eps_4q": 2.9,
            "eps_4q_growth_year": -19.63,
            "roe": 4.18,
            "roe_4q": 19.61,
            "gross_profit": 96832,
            "gross_margin": 21.41,
            "gross_margin_4q_avg": 23.52,
            "net_income": 45356,
            "revenue": 452307,
            "common_shares": 716650,
            "book_valuer_per_share": 14.04,
            "book_valuer_per_share_4q_avg": 15.3,
            "equity": 1006386,
            "current_ratio": 209.22,
            "debt_ratio": 34.32,
            "inventory_turnover_ratio": 1.57,
            "account_receivable_turnover_ratio": null,
            "reinvestment_rate": 26.74,
            "research_to_sale_ratio": null,
            "price_fair": 108.3,
            "eps_avg_yearly": 3.09,
            "eps_latest_yearly": 2.52,
            "eps_growth_yearly": 48.95
        },
        "20053": {
            "year_quarter": 20053,
            "year": 2005,
            "quarter": 3,
            "eps": 1.15,
            "eps_growth_year": -20.14,
            "eps_4q": 2.56,
            "eps_4q_growth_year": -40.61,
            "roe": 8.28,
            "roe_4q": 17.98,
            "gross_profit": 67625,
            "gross_margin": 21.37,
            "gross_margin_4q_avg": 21.68,
            "net_income": 86991,
            "revenue": 316518,
            "common_shares": 760168,
            "book_valuer_per_share": 14.41,
            "book_valuer_per_share_4q_avg": 15.09,
            "equity": 1095592,
            "current_ratio": 396.35,
            "debt_ratio": 17.63,
            "inventory_turnover_ratio": 1.17,
            "account_receivable_turnover_ratio": null,
            "reinvestment_rate": 1.21,
            "research_to_sale_ratio": null,
            "price_fair": 111.81,
            "eps_avg_yearly": 3.19,
            "eps_latest_yearly": 4.6,
            "eps_growth_yearly": 67.7
        },
        "20054": {
            "year_quarter": 20054,
            "year": 2005,
            "quarter": 4,
            "eps": 0.19,
            "eps_growth_year": -60.42,
            "eps_4q": 2.29,
            "eps_4q_growth_year": -39.54,
            "roe": 1.31,
            "roe_4q": 16.16,
            "gross_profit": 37472,
            "gross_margin": 16.65,
            "gross_margin_4q_avg": 19.86,
            "net_income": 14449,
            "revenue": 225112,
            "common_shares": 760168,
            "book_valuer_per_share": 14.6,
            "book_valuer_per_share_4q_avg": 14.82,
            "equity": 1110101,
            "current_ratio": 580.13,
            "debt_ratio": 12.92,
            "inventory_turnover_ratio": 0.98,
            "account_receivable_turnover_ratio": null,
            "reinvestment_rate": 1.94,
            "research_to_sale_ratio": null,
            "price_fair": 106.49,
            "eps_avg_yearly": 3.04,
            "eps_latest_yearly": 0.76,
            "eps_growth_yearly": 42.6
        },
        "20061": {
            "year_quarter": 20061,
            "year": 2006,
            "quarter": 1,
            "eps": 0.05,
            "eps_growth_year": -86.84,
            "eps_4q": 1.85,
            "eps_4q_growth_year": -47.92,
            "roe": 0.37,
            "roe_4q": 14.139999999999999,
            "gross_profit": 14502,
            "gross_margin": 9.46,
            "gross_margin_4q_avg": 17.22,
            "net_income": 4077,
            "revenue": 153330,
            "common_shares": 760168,
            "book_valuer_per_share": 14.65,
            "book_valuer_per_share_4q_avg": 14.43,
            "equity": 1113687,
            "current_ratio": 546.31,
            "debt_ratio": 12.47,
            "inventory_turnover_ratio": 0.81,
            "account_receivable_turnover_ratio": null,
            "reinvestment_rate": 2.92,
            "research_to_sale_ratio": null,
            "price_fair": 99.14,
            "eps_avg_yearly": 2.83,
            "eps_latest_yearly": 0.2,
            "eps_growth_yearly": 28.76
        },
        "20062": {
            "year_quarter": 20062,
            "year": 2006,
            "quarter": 2,
            "eps": 0.15,
            "eps_growth_year": -76.19,
            "eps_4q": 1.57,
            "eps_4q_growth_year": -45.79,
            "roe": 1.05,
            "roe_4q": 11.01,
            "gross_profit": 33869,
            "gross_margin": 15.66,
            "gross_margin_4q_avg": 15.79,
            "net_income": 11141,
            "revenue": 216230,
            "common_shares": 760168,
            "book_valuer_per_share": 13.19,
            "book_valuer_per_share_4q_avg": 14.21,
            "equity": 1002725,
            "current_ratio": 288.69,
            "debt_ratio": 23.01,
            "inventory_turnover_ratio": 1.14,
            "account_receivable_turnover_ratio": null,
            "reinvestment_rate": 2.02,
            "research_to_sale_ratio": null,
            "price_fair": 95.38,
            "eps_avg_yearly": 2.73,
            "eps_latest_yearly": 0.6,
            "eps_growth_yearly": 87.47
        },
        "20063": {
            "year_quarter": 20063,
            "year": 2006,
            "quarter": 3,
            "eps": 0.23,
            "eps_growth_year": -80,
            "eps_4q": 0.6,
            "eps_4q_growth_year": -76.73,
            "roe": 1.84,
            "roe_4q": 4.57,
            "gross_profit": 33682,
            "gross_margin": 17.49,
            "gross_margin_4q_avg": 14.82,
            "net_income": 18635,
            "revenue": 192551,
            "common_shares": 800168,
            "book_valuer_per_share": 12.78,
            "book_valuer_per_share_4q_avg": 13.81,
            "equity": 1022658,
            "current_ratio": 409.03,
            "debt_ratio": 16.31,
            "inventory_turnover_ratio": 1.05,
            "account_receivable_turnover_ratio": null,
            "reinvestment_rate": 2.39,
            "research_to_sale_ratio": null,
            "price_fair": 85.49,
            "eps_avg_yearly": 2.44,
            "eps_latest_yearly": 0.92,
            "eps_growth_yearly": 67.18
        },
        "20064": {
            "year_quarter": 20064,
            "year": 2006,
            "quarter": 4,
            "eps": -0.17,
            "eps_growth_year": -189.47,
            "eps_4q": 0.25,
            "eps_4q_growth_year": -89.07,
            "roe": -1.35,
            "roe_4q": 1.9100000000000001,
            "gross_profit": 12096,
            "gross_margin": 10.17,
            "gross_margin_4q_avg": 13.2,
            "net_income": -13763,
            "revenue": 118971,
            "common_shares": 800168,
            "book_valuer_per_share": 12.61,
            "book_valuer_per_share_4q_avg": 13.31,
            "equity": 1008928,
            "current_ratio": 679.25,
            "debt_ratio": 12.24,
            "inventory_turnover_ratio": 0.68,
            "account_receivable_turnover_ratio": null,
            "reinvestment_rate": 2.97,
            "research_to_sale_ratio": null,
            "price_fair": 86.8,
            "eps_avg_yearly": 2.48,
            "eps_latest_yearly": 0.92,
            "eps_growth_yearly": 89.11
        },
        "20071": {
            "year_quarter": 20071,
            "year": 2007,
            "quarter": 1,
            "eps": 0.06,
            "eps_growth_year": 20,
            "eps_4q": 0.26,
            "eps_4q_growth_year": -85.7,
            "roe": 0.47,
            "roe_4q": 2.01,
            "gross_profit": 15694,
            "gross_margin": 11.03,
            "gross_margin_4q_avg": 13.59,
            "net_income": 4696,
            "revenue": 142294,
            "common_shares": 800168,
            "book_valuer_per_share": 12.54,
            "book_valuer_per_share_4q_avg": 12.78,
            "equity": 1003150,
            "current_ratio": 524.42,
            "debt_ratio": 12.18,
            "inventory_turnover_ratio": 0.84,
            "account_receivable_turnover_ratio": null,
            "reinvestment_rate": 2.95,
            "research_to_sale_ratio": null,
            "price_fair": 88.4,
            "eps_avg_yearly": 2.53,
            "eps_latest_yearly": 0.92,
            "eps_growth_yearly": 96.09
        },
        "20072": {
            "year_quarter": 20072,
            "year": 2007,
            "quarter": 2,
            "eps": 0.2,
            "eps_growth_year": 33.33,
            "eps_4q": 0.32,
            "eps_4q_growth_year": -79.64,
            "roe": 1.6,
            "roe_4q": 2.5600000000000005,
            "gross_profit": 37735,
            "gross_margin": 18.86,
            "gross_margin_4q_avg": 14.39,
            "net_income": 15972,
            "revenue": 200085,
            "common_shares": 800168,
            "book_valuer_per_share": 12.46,
            "book_valuer_per_share_4q_avg": 12.6,
            "equity": 997099,
            "current_ratio": 350.07,
            "debt_ratio": 18.58,
            "inventory_turnover_ratio": 0.99,
            "account_receivable_turnover_ratio": null,
            "reinvestment_rate": 3.18,
            "research_to_sale_ratio": null,
            "price_fair": 84.9,
            "eps_avg_yearly": 2.43,
            "eps_latest_yearly": 0.8,
            "eps_growth_yearly": 157.16
        },
        "20073": {
            "year_quarter": 20073,
            "year": 2007,
            "quarter": 3,
            "eps": 0.07,
            "eps_growth_year": -69.57,
            "eps_4q": 0.15,
            "eps_4q_growth_year": -74.39,
            "roe": 0.58,
            "roe_4q": 1.3000000000000003,
            "gross_profit": 35793,
            "gross_margin": 19.63,
            "gross_margin_4q_avg": 14.92,
            "net_income": 5846,
            "revenue": 182295,
            "common_shares": 800168,
            "book_valuer_per_share": 12.53,
            "book_valuer_per_share_4q_avg": 12.54,
            "equity": 1002385,
            "current_ratio": 586.61,
            "debt_ratio": 11.11,
            "inventory_turnover_ratio": 0.85,
            "account_receivable_turnover_ratio": null,
            "reinvestment_rate": -6.41,
            "research_to_sale_ratio": null,
            "price_fair": 79.7,
            "eps_avg_yearly": 2.28,
            "eps_latest_yearly": 0.28,
            "eps_growth_yearly": 136.51
        },
        "20074": {
            "year_quarter": 20074,
            "year": 2007,
            "quarter": 4,
            "eps": -0.18,
            "eps_growth_year": null,
            "eps_4q": 0.15,
            "eps_4q_growth_year": -40,
            "roe": -1.48,
            "roe_4q": 1.17,
            "gross_profit": 16338,
            "gross_margin": 14.12,
            "gross_margin_4q_avg": 15.91,
            "net_income": -14651,
            "revenue": 115724,
            "common_shares": 800168,
            "book_valuer_per_share": 12.2,
            "book_valuer_per_share_4q_avg": 12.43,
            "equity": 976236,
            "current_ratio": 709.86,
            "debt_ratio": 10.73,
            "inventory_turnover_ratio": 0.62,
            "account_receivable_turnover_ratio": null,
            "reinvestment_rate": -6.87,
            "research_to_sale_ratio": null,
            "price_fair": 74.85,
            "eps_avg_yearly": 2.14,
            "eps_latest_yearly": 0.28,
            "eps_growth_yearly": 124.59
        },
        "20081": {
            "year_quarter": 20081,
            "year": 2008,
            "quarter": 1,
            "eps": -0.12,
            "eps_growth_year": -300,
            "eps_4q": -0.03,
            "eps_4q_growth_year": -112.29,
            "roe": -1.02,
            "roe_4q": -0.31999999999999984,
            "gross_profit": 24490,
            "gross_margin": 15.42,
            "gross_margin_4q_avg": 17.01,
            "net_income": -9831,
            "revenue": 158803,
            "common_shares": 780168,
            "book_valuer_per_share": 12.15,
            "book_valuer_per_share_4q_avg": 12.34,
            "equity": 948141,
            "current_ratio": 550.67,
            "debt_ratio": 13.62,
            "inventory_turnover_ratio": 0.79,
            "account_receivable_turnover_ratio": null,
            "reinvestment_rate": -5.88,
            "research_to_sale_ratio": null,
            "price_fair": 73.62,
            "eps_avg_yearly": 2.1,
            "eps_latest_yearly": 0.28,
            "eps_growth_yearly": 147.39
        },
        "20082": {
            "year_quarter": 20082,
            "year": 2008,
            "quarter": 2,
            "eps": 0.24,
            "eps_growth_year": 20,
            "eps_4q": -0,
            "eps_4q_growth_year": -100.29,
            "roe": 1.95,
            "roe_4q": 0.029999999999999916,
            "gross_profit": 40372,
            "gross_margin": 15.25,
            "gross_margin_4q_avg": 16.11,
            "net_income": 18565,
            "revenue": 264798,
            "common_shares": 780168,
            "book_valuer_per_share": 12.23,
            "book_valuer_per_share_4q_avg": 12.28,
            "equity": 954170,
            "current_ratio": 371.81,
            "debt_ratio": 20.28,
            "inventory_turnover_ratio": 1.12,
            "account_receivable_turnover_ratio": null,
            "reinvestment_rate": -6.48,
            "research_to_sale_ratio": null,
            "price_fair": 63.25,
            "eps_avg_yearly": 1.81,
            "eps_latest_yearly": 0.28,
            "eps_growth_yearly": 121.02
        },
        "20083": {
            "year_quarter": 20083,
            "year": 2008,
            "quarter": 3,
            "eps": 0.19,
            "eps_growth_year": 171.43,
            "eps_4q": 0.11,
            "eps_4q_growth_year": -25.08,
            "roe": 1.57,
            "roe_4q": 1.02,
            "gross_profit": 30213,
            "gross_margin": 12.63,
            "gross_margin_4q_avg": 14.36,
            "net_income": 14867,
            "revenue": 239164,
            "common_shares": 780168,
            "book_valuer_per_share": 12.04,
            "book_valuer_per_share_4q_avg": 12.16,
            "equity": 939335,
            "current_ratio": 452.99,
            "debt_ratio": 16.57,
            "inventory_turnover_ratio": 0.91,
            "account_receivable_turnover_ratio": null,
            "reinvestment_rate": -8.65,
            "research_to_sale_ratio": null,
            "price_fair": 47.35,
            "eps_avg_yearly": 1.35,
            "eps_latest_yearly": 0.76,
            "eps_growth_yearly": 110.73
        },
        "20084": {
            "year_quarter": 20084,
            "year": 2008,
            "quarter": 4,
            "eps": -0.21,
            "eps_growth_year": null,
            "eps_4q": 0.13,
            "eps_4q_growth_year": -13.33,
            "roe": -1.58,
            "roe_4q": 0.9199999999999999,
            "gross_profit": 2976,
            "gross_margin": 2.2,
            "gross_margin_4q_avg": 11.38,
            "net_income": -14625,
            "revenue": 135401,
            "common_shares": 750168,
            "book_valuer_per_share": 12.1,
            "book_valuer_per_share_4q_avg": 12.13,
            "equity": 907714,
            "current_ratio": 755.1,
            "debt_ratio": 9.89,
            "inventory_turnover_ratio": 0.58,
            "account_receivable_turnover_ratio": 6.06,
            "reinvestment_rate": -11.42,
            "research_to_sale_ratio": null,
            "price_fair": 45.36,
            "eps_avg_yearly": 1.3,
            "eps_latest_yearly": 0.76,
            "eps_growth_yearly": 148.47
        },
        "20091": {
            "year_quarter": 20091,
            "year": 2009,
            "quarter": 1,
            "eps": -0.01,
            "eps_growth_year": null,
            "eps_4q": 0.24,
            "eps_4q_growth_year": null,
            "roe": -0.13,
            "roe_4q": 1.81,
            "gross_profit": 7403,
            "gross_margin": 7.22,
            "gross_margin_4q_avg": 9.33,
            "net_income": -1150,
            "revenue": 102559,
            "common_shares": 750168,
            "book_valuer_per_share": 12.11,
            "book_valuer_per_share_4q_avg": 12.12,
            "equity": 908644,
            "current_ratio": 780.64,
            "debt_ratio": 9.74,
            "inventory_turnover_ratio": 0.45,
            "account_receivable_turnover_ratio": 1.89,
            "reinvestment_rate": -12.07,
            "research_to_sale_ratio": null,
            "price_fair": 44.49,
            "eps_avg_yearly": 1.27,
            "eps_latest_yearly": 0.76,
            "eps_growth_yearly": 174.22
        },
        "20092": {
            "year_quarter": 20092,
            "year": 2009,
            "quarter": 2,
            "eps": -0.21,
            "eps_growth_year": -187.5,
            "eps_4q": -0.22,
            "eps_4q_growth_year": null,
            "roe": -1.68,
            "roe_4q": -1.82,
            "gross_profit": 10822,
            "gross_margin": 8.39,
            "gross_margin_4q_avg": 7.61,
            "net_income": -15070,
            "revenue": 128940,
            "common_shares": 731168,
            "book_valuer_per_share": 12.1,
            "book_valuer_per_share_4q_avg": 12.09,
            "equity": 884555,
            "current_ratio": 686.61,
            "debt_ratio": 11.11,
            "inventory_turnover_ratio": 0.65,
            "account_receivable_turnover_ratio": 1.63,
            "reinvestment_rate": -17.77,
            "research_to_sale_ratio": null,
            "price_fair": 39.03,
            "eps_avg_yearly": 1.12,
            "eps_latest_yearly": 0.76,
            "eps_growth_yearly": 163.11
        },
        "20093": {
            "year_quarter": 20093,
            "year": 2009,
            "quarter": 3,
            "eps": 0,
            "eps_growth_year": -100,
            "eps_4q": -0.42,
            "eps_4q_growth_year": -468.95,
            "roe": -0,
            "roe_4q": -3.39,
            "gross_profit": 14997,
            "gross_margin": 11.78,
            "gross_margin_4q_avg": 7.4,
            "net_income": -11,
            "revenue": 127263,
            "common_shares": 731168,
            "book_valuer_per_share": 12.08,
            "book_valuer_per_share_4q_avg": 12.1,
            "equity": 883519,
            "current_ratio": 683.35,
            "debt_ratio": 11.25,
            "inventory_turnover_ratio": 0.69,
            "account_receivable_turnover_ratio": 1.43,
            "reinvestment_rate": -58.29,
            "research_to_sale_ratio": null,
            "price_fair": 21.6,
            "eps_avg_yearly": 0.62,
            "eps_latest_yearly": 0.76,
            "eps_growth_yearly": 139.24
        },
        "20094": {
            "year_quarter": 20094,
            "year": 2009,
            "quarter": 4,
            "eps": -0.13,
            "eps_growth_year": null,
            "eps_4q": -0.36,
            "eps_4q_growth_year": -373.92,
            "roe": -1.09,
            "roe_4q": -2.9,
            "gross_profit": 9508,
            "gross_margin": 11.36,
            "gross_margin_4q_avg": 9.69,
            "net_income": -9578,
            "revenue": 83710,
            "common_shares": 731168,
            "book_valuer_per_share": 12.05,
            "book_valuer_per_share_4q_avg": 12.09,
            "equity": 873723,
            "current_ratio": 790.61,
            "debt_ratio": 9.38,
            "inventory_turnover_ratio": 0.48,
            "account_receivable_turnover_ratio": 2.89,
            "reinvestment_rate": 1102.59,
            "research_to_sale_ratio": null,
            "price_fair": 20.77,
            "eps_avg_yearly": 0.59,
            "eps_latest_yearly": 0.76,
            "eps_growth_yearly": 218.1
        },
        "20101": {
            "year_quarter": 20101,
            "year": 2010,
            "quarter": 1,
            "eps": -0.11,
            "eps_growth_year": null,
            "eps_4q": -0.45,
            "eps_4q_growth_year": -289.31,
            "roe": -0.88,
            "roe_4q": -3.6500000000000004,
            "gross_profit": 12599,
            "gross_margin": 9.53,
            "gross_margin_4q_avg": 10.27,
            "net_income": -7636,
            "revenue": 132226,
            "common_shares": 724788,
            "book_valuer_per_share": 11.95,
            "book_valuer_per_share_4q_avg": 12.05,
            "equity": 865812,
            "current_ratio": 521.58,
            "debt_ratio": 13.85,
            "inventory_turnover_ratio": 0.72,
            "account_receivable_turnover_ratio": 1.6,
            "reinvestment_rate": 4913.82,
            "research_to_sale_ratio": 2.35,
            "price_fair": 23.52,
            "eps_avg_yearly": 0.67,
            "eps_latest_yearly": 0.76,
            "eps_growth_yearly": 320.67
        },
        "20102": {
            "year_quarter": 20102,
            "year": 2010,
            "quarter": 2,
            "eps": -0.33,
            "eps_growth_year": null,
            "eps_4q": -0.57,
            "eps_4q_growth_year": null,
            "roe": -2.84,
            "roe_4q": -4.81,
            "gross_profit": 3450,
            "gross_margin": 2.28,
            "gross_margin_4q_avg": 8.74,
            "net_income": -24249,
            "revenue": 151457,
            "common_shares": 724788,
            "book_valuer_per_share": 11.62,
            "book_valuer_per_share_4q_avg": 11.93,
            "equity": 842070,
            "current_ratio": 572.95,
            "debt_ratio": 12.66,
            "inventory_turnover_ratio": 0.89,
            "account_receivable_turnover_ratio": 1.43,
            "reinvestment_rate": null,
            "research_to_sale_ratio": 2.24,
            "price_fair": 24.15,
            "eps_avg_yearly": 0.69,
            "eps_latest_yearly": 0.76,
            "eps_growth_yearly": 200.83
        },
        "20103": {
            "year_quarter": 20103,
            "year": 2010,
            "quarter": 3,
            "eps": -0.02,
            "eps_growth_year": null,
            "eps_4q": -0.59,
            "eps_4q_growth_year": null,
            "roe": -0.13,
            "roe_4q": -4.9399999999999995,
            "gross_profit": 7022,
            "gross_margin": 5.48,
            "gross_margin_4q_avg": 7.16,
            "net_income": -1101,
            "revenue": 128189,
            "common_shares": 724788,
            "book_valuer_per_share": 11.59,
            "book_valuer_per_share_4q_avg": 11.8,
            "equity": 839740,
            "current_ratio": 626.04,
            "debt_ratio": 11.35,
            "inventory_turnover_ratio": 0.84,
            "account_receivable_turnover_ratio": 1.53,
            "reinvestment_rate": null,
            "research_to_sale_ratio": 2.13,
            "price_fair": 21.47,
            "eps_avg_yearly": 0.61,
            "eps_latest_yearly": 0.76,
            "eps_growth_yearly": 196.67
        },
        "20104": {
            "year_quarter": 20104,
            "year": 2010,
            "quarter": 4,
            "eps": -0.49,
            "eps_growth_year": null,
            "eps_4q": -0.95,
            "eps_4q_growth_year": null,
            "roe": -4.34,
            "roe_4q": -8.19,
            "gross_profit": 345,
            "gross_margin": 0.64,
            "gross_margin_4q_avg": 4.48,
            "net_income": -35650,
            "revenue": 54163,
            "common_shares": 724788,
            "book_valuer_per_share": 11.06,
            "book_valuer_per_share_4q_avg": 11.56,
            "equity": 801401,
            "current_ratio": 672.44,
            "debt_ratio": 10.52,
            "inventory_turnover_ratio": 0.39,
            "account_receivable_turnover_ratio": 1.42,
            "reinvestment_rate": null,
            "research_to_sale_ratio": 5.63,
            "price_fair": 21.47,
            "eps_avg_yearly": 0.61,
            "eps_latest_yearly": 0.76,
            "eps_growth_yearly": 196.67
        },
        "20111": {
            "year_quarter": 20111,
            "year": 2011,
            "quarter": 1,
            "eps": 0.01,
            "eps_growth_year": null,
            "eps_4q": -0.83,
            "eps_4q_growth_year": null,
            "roe": 0.06,
            "roe_4q": -7.25,
            "gross_profit": 4917,
            "gross_margin": 5.24,
            "gross_margin_4q_avg": 3.41,
            "net_income": 499,
            "revenue": 93833,
            "common_shares": 724788,
            "book_valuer_per_share": 11.07,
            "book_valuer_per_share_4q_avg": 11.34,
            "equity": 802243,
            "current_ratio": 561.49,
            "debt_ratio": 12.43,
            "inventory_turnover_ratio": 0.62,
            "account_receivable_turnover_ratio": 2.15,
            "reinvestment_rate": null,
            "research_to_sale_ratio": 3.04,
            "price_fair": 21.47,
            "eps_avg_yearly": 0.61,
            "eps_latest_yearly": 0.76,
            "eps_growth_yearly": 196.67
        },
        "20112": {
            "year_quarter": 20112,
            "year": 2011,
            "quarter": 2,
            "eps": -0.28,
            "eps_growth_year": null,
            "eps_4q": -0.78,
            "eps_4q_growth_year": null,
            "roe": -2.54,
            "roe_4q": -6.95,
            "gross_profit": -4154,
            "gross_margin": -3.69,
            "gross_margin_4q_avg": 1.92,
            "net_income": -20107,
            "revenue": 112442,
            "common_shares": 724788,
            "book_valuer_per_share": 10.78,
            "book_valuer_per_share_4q_avg": 11.13,
            "equity": 781345,
            "current_ratio": 494.14,
            "debt_ratio": 14.07,
            "inventory_turnover_ratio": 0.76,
            "account_receivable_turnover_ratio": 1.54,
            "reinvestment_rate": null,
            "research_to_sale_ratio": 2.45,
            "price_fair": 1.56,
            "eps_avg_yearly": 0.52,
            "eps_latest_yearly": 0.76,
            "eps_growth_yearly": -171.67
        },
        "20113": {
            "year_quarter": 20113,
            "year": 2011,
            "quarter": 3,
            "eps": 0.13,
            "eps_growth_year": null,
            "eps_4q": -0.63,
            "eps_4q_growth_year": null,
            "roe": 1.21,
            "roe_4q": -5.609999999999999,
            "gross_profit": 17804,
            "gross_margin": 13.89,
            "gross_margin_4q_avg": 4.02,
            "net_income": 9553,
            "revenue": 128197,
            "common_shares": 724788,
            "book_valuer_per_share": 10.94,
            "book_valuer_per_share_4q_avg": 10.96,
            "equity": 793119,
            "current_ratio": 523,
            "debt_ratio": 13.57,
            "inventory_turnover_ratio": 0.69,
            "account_receivable_turnover_ratio": 1.5,
            "reinvestment_rate": null,
            "research_to_sale_ratio": 1.95,
            "price_fair": 2.28,
            "eps_avg_yearly": 0.76,
            "eps_latest_yearly": 0.76,
            "eps_growth_yearly": -83.33
        },
        "20114": {
            "year_quarter": 20114,
            "year": 2011,
            "quarter": 4,
            "eps": -0.06,
            "eps_growth_year": null,
            "eps_4q": -0.2,
            "eps_4q_growth_year": null,
            "roe": -0.57,
            "roe_4q": -1.8399999999999999,
            "gross_profit": 19146,
            "gross_margin": 16.61,
            "gross_margin_4q_avg": 8.01,
            "net_income": -4501,
            "revenue": 115279,
            "common_shares": 724788,
            "book_valuer_per_share": 10.88,
            "book_valuer_per_share_4q_avg": 10.92,
            "equity": 788358,
            "current_ratio": 632.26,
            "debt_ratio": 11.76,
            "inventory_turnover_ratio": 0.63,
            "account_receivable_turnover_ratio": 1.78,
            "reinvestment_rate": null,
            "research_to_sale_ratio": 2.06,
            "price_fair": 2.28,
            "eps_avg_yearly": 0.76,
            "eps_latest_yearly": 0.76,
            "eps_growth_yearly": -83.33
        },
        "20121": {
            "year_quarter": 20121,
            "year": 2012,
            "quarter": 1,
            "eps": -0.06,
            "eps_growth_year": -700,
            "eps_4q": -0.27,
            "eps_4q_growth_year": null,
            "roe": -0.6,
            "roe_4q": -2.5,
            "gross_profit": 6243,
            "gross_margin": 8.07,
            "gross_margin_4q_avg": 8.72,
            "net_income": -4703,
            "revenue": 77342,
            "common_shares": 724788,
            "book_valuer_per_share": 10.8,
            "book_valuer_per_share_4q_avg": 10.85,
            "equity": 782688,
            "current_ratio": 581.55,
            "debt_ratio": 12.77,
            "inventory_turnover_ratio": 0.48,
            "account_receivable_turnover_ratio": 1.92,
            "reinvestment_rate": null,
            "research_to_sale_ratio": 4.37,
            "price_fair": 2.28,
            "eps_avg_yearly": 0.76,
            "eps_latest_yearly": 0.76,
            "eps_growth_yearly": -83.33
        },
        "20122": {
            "year_quarter": 20122,
            "year": 2012,
            "quarter": 2,
            "eps": -0.12,
            "eps_growth_year": null,
            "eps_4q": -0.11,
            "eps_4q_growth_year": null,
            "roe": -1.12,
            "roe_4q": -1.08,
            "gross_profit": 5476,
            "gross_margin": 5.45,
            "gross_margin_4q_avg": 11.01,
            "net_income": -8684,
            "revenue": 100421,
            "common_shares": 724788,
            "book_valuer_per_share": 10.69,
            "book_valuer_per_share_4q_avg": 10.83,
            "equity": 774472,
            "current_ratio": 598.12,
            "debt_ratio": 12.75,
            "inventory_turnover_ratio": 0.59,
            "account_receivable_turnover_ratio": 2.39,
            "reinvestment_rate": null,
            "research_to_sale_ratio": 2.47,
            "price_fair": 2.28,
            "eps_avg_yearly": 0.76,
            "eps_latest_yearly": 0.76,
            "eps_growth_yearly": -83.33
        },
        "20123": {
            "year_quarter": 20123,
            "year": 2012,
            "quarter": 3,
            "eps": 0.06,
            "eps_growth_year": -57.94,
            "eps_4q": -0.19,
            "eps_4q_growth_year": null,
            "roe": 0.52,
            "roe_4q": -1.77,
            "gross_profit": 16436,
            "gross_margin": 11.52,
            "gross_margin_4q_avg": 10.41,
            "net_income": 4018,
            "revenue": 142695,
            "common_shares": 724788,
            "book_valuer_per_share": 10.73,
            "book_valuer_per_share_4q_avg": 10.78,
            "equity": 777737,
            "current_ratio": 632.42,
            "debt_ratio": 12.19,
            "inventory_turnover_ratio": 0.82,
            "account_receivable_turnover_ratio": 3,
            "reinvestment_rate": null,
            "research_to_sale_ratio": 1.47,
            "price_fair": 0,
            "eps_avg_yearly": 0,
            "eps_latest_yearly": 0,
            "eps_growth_yearly": 0
        },
        "20124": {
            "year_quarter": 20124,
            "year": 2012,
            "quarter": 4,
            "eps": 0.06,
            "eps_growth_year": null,
            "eps_4q": -0.07,
            "eps_4q_growth_year": null,
            "roe": 0.53,
            "roe_4q": -0.67,
            "gross_profit": 8220,
            "gross_margin": 8.43,
            "gross_margin_4q_avg": 8.37,
            "net_income": 4106,
            "revenue": 97452,
            "common_shares": 724788,
            "book_valuer_per_share": 10.76,
            "book_valuer_per_share_4q_avg": 10.75,
            "equity": 774156,
            "current_ratio": 794.78,
            "debt_ratio": 10.44,
            "inventory_turnover_ratio": 0.66,
            "account_receivable_turnover_ratio": 1.92,
            "reinvestment_rate": null,
            "research_to_sale_ratio": 2.3,
            "price_fair": 2.4,
            "eps_avg_yearly": 0.24,
            "eps_latest_yearly": 0.24,
            "eps_growth_yearly": 0
        },
        "20131": {
            "year_quarter": 20131,
            "year": 2013,
            "quarter": 1,
            "eps": 0.03,
            "eps_growth_year": null,
            "eps_4q": 0.02,
            "eps_4q_growth_year": null,
            "roe": 0.29,
            "roe_4q": 0.21999999999999997,
            "gross_profit": 9352,
            "gross_margin": 9.49,
            "gross_margin_4q_avg": 8.72,
            "net_income": 2239,
            "revenue": 98596,
            "common_shares": 724788,
            "book_valuer_per_share": 10.75,
            "book_valuer_per_share_4q_avg": 10.73,
            "equity": 772118,
            "current_ratio": 581.6,
            "debt_ratio": 14.69,
            "inventory_turnover_ratio": 0.65,
            "account_receivable_turnover_ratio": 1.89,
            "reinvestment_rate": null,
            "research_to_sale_ratio": 2.53,
            "price_fair": 0.54,
            "eps_avg_yearly": 0.18,
            "eps_latest_yearly": 0.12,
            "eps_growth_yearly": -100
        },
        "20132": {
            "year_quarter": 20132,
            "year": 2013,
            "quarter": 2,
            "eps": 0.15,
            "eps_growth_year": null,
            "eps_4q": 0.29,
            "eps_4q_growth_year": null,
            "roe": 1.38,
            "roe_4q": 2.72,
            "gross_profit": 15010,
            "gross_margin": 10.2,
            "gross_margin_4q_avg": 9.91,
            "net_income": 10745,
            "revenue": 147099,
            "common_shares": 724788,
            "book_valuer_per_share": 10.91,
            "book_valuer_per_share_4q_avg": 10.79,
            "equity": 783221,
            "current_ratio": 576.71,
            "debt_ratio": 14.95,
            "inventory_turnover_ratio": 0.97,
            "account_receivable_turnover_ratio": 2.16,
            "reinvestment_rate": null,
            "research_to_sale_ratio": 1.81,
            "price_fair": 11.2,
            "eps_avg_yearly": 0.32,
            "eps_latest_yearly": 0.6,
            "eps_growth_yearly": 466.67
        },
        "20133": {
            "year_quarter": 20133,
            "year": 2013,
            "quarter": 3,
            "eps": 0.08,
            "eps_growth_year": 44.31,
            "eps_4q": 0.32,
            "eps_4q_growth_year": null,
            "roe": 0.74,
            "roe_4q": 2.9400000000000004,
            "gross_profit": 14635,
            "gross_margin": 14.53,
            "gross_margin_4q_avg": 10.66,
            "net_income": 5831,
            "revenue": 100727,
            "common_shares": 724788,
            "book_valuer_per_share": 10.98,
            "book_valuer_per_share_4q_avg": 10.85,
            "equity": 788545,
            "current_ratio": 769.57,
            "debt_ratio": 11.95,
            "inventory_turnover_ratio": 0.64,
            "account_receivable_turnover_ratio": 1.72,
            "reinvestment_rate": null,
            "research_to_sale_ratio": 2.35,
            "price_fair": 11.2,
            "eps_avg_yearly": 0.32,
            "eps_latest_yearly": 0.32,
            "eps_growth_yearly": 303.33
        },
        "20134": {
            "year_quarter": 20134,
            "year": 2013,
            "quarter": 4,
            "eps": -0.02,
            "eps_growth_year": -130.69,
            "eps_4q": 0.24,
            "eps_4q_growth_year": null,
            "roe": -0.16,
            "roe_4q": 2.25,
            "gross_profit": 2058,
            "gross_margin": 2.83,
            "gross_margin_4q_avg": 9.26,
            "net_income": -1258,
            "revenue": 72734,
            "common_shares": 724788,
            "book_valuer_per_share": 10.98,
            "book_valuer_per_share_4q_avg": 10.91,
            "equity": 788317,
            "current_ratio": 855.41,
            "debt_ratio": 11.25,
            "inventory_turnover_ratio": 0.52,
            "account_receivable_turnover_ratio": 1.82,
            "reinvestment_rate": null,
            "research_to_sale_ratio": 5.01,
            "price_fair": 11.2,
            "eps_avg_yearly": 0.32,
            "eps_latest_yearly": 0.32,
            "eps_growth_yearly": 303.33
        },
        "20141": {
            "year_quarter": 20141,
            "year": 2014,
            "quarter": 1,
            "eps": 0.07,
            "eps_growth_year": 133.33,
            "eps_4q": 0.29,
            "eps_4q_growth_year": 1119.73,
            "roe": 0.65,
            "roe_4q": 2.61,
            "gross_profit": 12104,
            "gross_margin": 11.01,
            "gross_margin_4q_avg": 9.64,
            "net_income": 5161,
            "revenue": 109926,
            "common_shares": 724788,
            "book_valuer_per_share": 11.06,
            "book_valuer_per_share_4q_avg": 10.98,
            "equity": 794279,
            "current_ratio": 666.24,
            "debt_ratio": 13.79,
            "inventory_turnover_ratio": 0.73,
            "account_receivable_turnover_ratio": 1.95,
            "reinvestment_rate": null,
            "research_to_sale_ratio": 2.37,
            "price_fair": 11.2,
            "eps_avg_yearly": 0.32,
            "eps_latest_yearly": 0.32,
            "eps_growth_yearly": 303.33
        },
        "20142": {
            "year_quarter": 20142,
            "year": 2014,
            "quarter": 2,
            "eps": 0.05,
            "eps_growth_year": -66.67,
            "eps_4q": 0.18,
            "eps_4q_growth_year": -37.19,
            "roe": 0.45,
            "roe_4q": 1.6800000000000002,
            "gross_profit": 29592,
            "gross_margin": 15.9,
            "gross_margin_4q_avg": 11.07,
            "net_income": 3602,
            "revenue": 186125,
            "common_shares": 724788,
            "book_valuer_per_share": 10.98,
            "book_valuer_per_share_4q_avg": 11,
            "equity": 793272,
            "current_ratio": 372.71,
            "debt_ratio": 22.68,
            "inventory_turnover_ratio": 1.12,
            "account_receivable_turnover_ratio": 1.7,
            "reinvestment_rate": null,
            "research_to_sale_ratio": 1.29,
            "price_fair": 10.36,
            "eps_avg_yearly": 0.3,
            "eps_latest_yearly": 0.2,
            "eps_growth_yearly": 219.81
        },
        "20143": {
            "year_quarter": 20143,
            "year": 2014,
            "quarter": 3,
            "eps": 0.04,
            "eps_growth_year": -50,
            "eps_4q": 0.14,
            "eps_4q_growth_year": -56.3,
            "roe": 0.32,
            "roe_4q": 1.26,
            "gross_profit": 12945,
            "gross_margin": 13.14,
            "gross_margin_4q_avg": 10.72,
            "net_income": 2571,
            "revenue": 98518,
            "common_shares": 724788,
            "book_valuer_per_share": 11.03,
            "book_valuer_per_share_4q_avg": 11.01,
            "equity": 796510,
            "current_ratio": 664.04,
            "debt_ratio": 13,
            "inventory_turnover_ratio": 0.58,
            "account_receivable_turnover_ratio": 1.14,
            "reinvestment_rate": null,
            "research_to_sale_ratio": 1.98,
            "price_fair": 9.57,
            "eps_avg_yearly": 0.27,
            "eps_latest_yearly": 0.16,
            "eps_growth_yearly": 169.84
        },
        "20144": {
            "year_quarter": 20144,
            "year": 2014,
            "quarter": 4,
            "eps": 0.07,
            "eps_growth_year": null,
            "eps_4q": 0.22,
            "eps_4q_growth_year": -8.52,
            "roe": 0.6,
            "roe_4q": 2.02,
            "gross_profit": 7562,
            "gross_margin": 9.92,
            "gross_margin_4q_avg": 12.49,
            "net_income": 4821,
            "revenue": 76227,
            "common_shares": 724788,
            "book_valuer_per_share": 11.11,
            "book_valuer_per_share_4q_avg": 11.05,
            "equity": 802898,
            "current_ratio": 971.7,
            "debt_ratio": 9.58,
            "inventory_turnover_ratio": 0.51,
            "account_receivable_turnover_ratio": 2.07,
            "reinvestment_rate": -1174.07,
            "research_to_sale_ratio": 3.19,
            "price_fair": 9.6,
            "eps_avg_yearly": 0.27,
            "eps_latest_yearly": 0.28,
            "eps_growth_yearly": 188.44
        },
        "20151": {
            "year_quarter": 20151,
            "year": 2015,
            "quarter": 1,
            "eps": -0.15,
            "eps_growth_year": -314.29,
            "eps_4q": 0.01,
            "eps_4q_growth_year": -98.15,
            "roe": -1.33,
            "roe_4q": 0.039999999999999925,
            "gross_profit": 15940,
            "gross_margin": 19.54,
            "gross_margin_4q_avg": 14.63,
            "net_income": -10613,
            "revenue": 81568,
            "common_shares": 724788,
            "book_valuer_per_share": 10.96,
            "book_valuer_per_share_4q_avg": 11.02,
            "equity": 791919,
            "current_ratio": 813.75,
            "debt_ratio": 10.79,
            "inventory_turnover_ratio": 0.55,
            "account_receivable_turnover_ratio": 1.86,
            "reinvestment_rate": -6330.78,
            "research_to_sale_ratio": 3.29,
            "price_fair": 9.6,
            "eps_avg_yearly": 0.27,
            "eps_latest_yearly": 0.28,
            "eps_growth_yearly": 188.44
        },
        "20152": {
            "year_quarter": 20152,
            "year": 2015,
            "quarter": 2,
            "eps": -0.06,
            "eps_growth_year": -220,
            "eps_4q": -0.1,
            "eps_4q_growth_year": -154.68,
            "roe": -0.52,
            "roe_4q": -0.9299999999999999,
            "gross_profit": 4471,
            "gross_margin": 3.79,
            "gross_margin_4q_avg": 11.6,
            "net_income": -4067,
            "revenue": 117846,
            "common_shares": 724788,
            "book_valuer_per_share": 10.66,
            "book_valuer_per_share_4q_avg": 10.94,
            "equity": 769386,
            "current_ratio": 458.51,
            "debt_ratio": 17.56,
            "inventory_turnover_ratio": 0.87,
            "account_receivable_turnover_ratio": 2.33,
            "reinvestment_rate": -853.68,
            "research_to_sale_ratio": 2.32,
            "price_fair": 9.6,
            "eps_avg_yearly": 0.27,
            "eps_latest_yearly": 0.28,
            "eps_growth_yearly": 188.44
        },
        "20153": {
            "year_quarter": 20153,
            "year": 2015,
            "quarter": 3,
            "eps": 0.41,
            "eps_growth_year": 925,
            "eps_4q": 0.27,
            "eps_4q_growth_year": 93.07,
            "roe": 3.73,
            "roe_4q": 2.48,
            "gross_profit": 19470,
            "gross_margin": 13.58,
            "gross_margin_4q_avg": 11.71,
            "net_income": 29286,
            "revenue": 143356,
            "common_shares": 724788,
            "book_valuer_per_share": 11.09,
            "book_valuer_per_share_4q_avg": 10.96,
            "equity": 799825,
            "current_ratio": 650.15,
            "debt_ratio": 12.96,
            "inventory_turnover_ratio": 0.96,
            "account_receivable_turnover_ratio": 2.26,
            "reinvestment_rate": -410.74,
            "research_to_sale_ratio": 1.51,
            "price_fair": 9.6,
            "eps_avg_yearly": 0.27,
            "eps_latest_yearly": 0.28,
            "eps_growth_yearly": 188.44
        },
        "20154": {
            "year_quarter": 20154,
            "year": 2015,
            "quarter": 4,
            "eps": -0.09,
            "eps_growth_year": -232.03,
            "eps_4q": 0.11,
            "eps_4q_growth_year": -49.16,
            "roe": -0.8,
            "roe_4q": 1.0799999999999996,
            "gross_profit": 10007,
            "gross_margin": 13.47,
            "gross_margin_4q_avg": 12.6,
            "net_income": -6377,
            "revenue": 74287,
            "common_shares": 724788,
            "book_valuer_per_share": 10.97,
            "book_valuer_per_share_4q_avg": 10.92,
            "equity": 794132,
            "current_ratio": 833.48,
            "debt_ratio": 10.55,
            "inventory_turnover_ratio": 0.59,
            "account_receivable_turnover_ratio": 0.99,
            "reinvestment_rate": -417.97,
            "research_to_sale_ratio": 3.25,
            "price_fair": 9.6,
            "eps_avg_yearly": 0.27,
            "eps_latest_yearly": 0.28,
            "eps_growth_yearly": 188.44
        },
        "20161": {
            "year_quarter": 20161,
            "year": 2016,
            "quarter": 1,
            "eps": 0.08,
            "eps_growth_year": null,
            "eps_4q": 0.34,
            "eps_4q_growth_year": 6414.35,
            "roe": 0.76,
            "roe_4q": 3.17,
            "gross_profit": 17057,
            "gross_margin": 13.35,
            "gross_margin_4q_avg": 11.05,
            "net_income": 6025,
            "revenue": 127812,
            "common_shares": 724788,
            "book_valuer_per_share": 11.05,
            "book_valuer_per_share_4q_avg": 10.94,
            "equity": 799599,
            "current_ratio": 636.91,
            "debt_ratio": 13.6,
            "inventory_turnover_ratio": 1,
            "account_receivable_turnover_ratio": 1.49,
            "reinvestment_rate": -366.99,
            "research_to_sale_ratio": 1.99,
            "price_fair": 9.6,
            "eps_avg_yearly": 0.27,
            "eps_latest_yearly": 0.28,
            "eps_growth_yearly": 188.44
        },
        "20162": {
            "year_quarter": 20162,
            "year": 2016,
            "quarter": 2,
            "eps": 0,
            "eps_growth_year": null,
            "eps_4q": 0.4,
            "eps_4q_growth_year": null,
            "roe": -0.01,
            "roe_4q": 3.6799999999999997,
            "gross_profit": 14261,
            "gross_margin": 11.59,
            "gross_margin_4q_avg": 13,
            "net_income": -72,
            "revenue": 123004,
            "common_shares": 724788,
            "book_valuer_per_share": 10.91,
            "book_valuer_per_share_4q_avg": 11.01,
            "equity": 789674,
            "current_ratio": 650.66,
            "debt_ratio": 13.41,
            "inventory_turnover_ratio": 0.93,
            "account_receivable_turnover_ratio": 1.42,
            "reinvestment_rate": -287.1,
            "research_to_sale_ratio": 2.31,
            "price_fair": 9.6,
            "eps_avg_yearly": 0.27,
            "eps_latest_yearly": 0.28,
            "eps_growth_yearly": 188.44
        },
        "20163": {
            "year_quarter": 20163,
            "year": 2016,
            "quarter": 3,
            "eps": -0.16,
            "eps_growth_year": -139.02,
            "eps_4q": -0.17,
            "eps_4q_growth_year": -162.28,
            "roe": -1.49,
            "roe_4q": -1.54,
            "gross_profit": 9806,
            "gross_margin": 13.7,
            "gross_margin_4q_avg": 13.03,
            "net_income": -11575,
            "revenue": 71555,
            "common_shares": 724788,
            "book_valuer_per_share": 10.74,
            "book_valuer_per_share_4q_avg": 10.92,
            "equity": 768171,
            "current_ratio": 761.27,
            "debt_ratio": 10.66,
            "inventory_turnover_ratio": 0.57,
            "account_receivable_turnover_ratio": 1.23,
            "reinvestment_rate": -211.61,
            "research_to_sale_ratio": 4.1,
            "price_fair": 9.6,
            "eps_avg_yearly": 0.27,
            "eps_latest_yearly": 0.28,
            "eps_growth_yearly": 188.44
        },
        "20164": {
            "year_quarter": 20164,
            "year": 2016,
            "quarter": 4,
            "eps": 0.02,
            "eps_growth_year": null,
            "eps_4q": -0.06,
            "eps_4q_growth_year": -154.49,
            "roe": 0.18,
            "roe_4q": -0.56,
            "gross_profit": 3999,
            "gross_margin": 7.21,
            "gross_margin_4q_avg": 11.46,
            "net_income": 1363,
            "revenue": 55500,
            "common_shares": 724788,
            "book_valuer_per_share": 10.77,
            "book_valuer_per_share_4q_avg": 10.87,
            "equity": 740378,
            "current_ratio": 815.96,
            "debt_ratio": 9.88,
            "inventory_turnover_ratio": 0.49,
            "account_receivable_turnover_ratio": 2.03,
            "reinvestment_rate": -218.43,
            "research_to_sale_ratio": 5.77,
            "price_fair": 9.8,
            "eps_avg_yearly": 0.28,
            "eps_latest_yearly": 0.28,
            "eps_growth_yearly": 219.84
        },
        "20171": {
            "year_quarter": 20171,
            "year": 2017,
            "quarter": 1,
            "eps": -0.26,
            "eps_growth_year": -425,
            "eps_4q": -0.41,
            "eps_4q_growth_year": -219.96,
            "roe": -2.47,
            "roe_4q": -3.79,
            "gross_profit": 7471,
            "gross_margin": 12.43,
            "gross_margin_4q_avg": 11.23,
            "net_income": -18049,
            "revenue": 60118,
            "common_shares": 724788,
            "book_valuer_per_share": 10.51,
            "book_valuer_per_share_4q_avg": 10.73,
            "equity": 722551,
            "current_ratio": 631.66,
            "debt_ratio": 12.18,
            "inventory_turnover_ratio": 0.45,
            "account_receivable_turnover_ratio": 3.64,
            "reinvestment_rate": 78.26,
            "research_to_sale_ratio": 4.64,
            "price_fair": 10.92,
            "eps_avg_yearly": 0.31,
            "eps_latest_yearly": 0.28,
            "eps_growth_yearly": 303.81
        },
        "20172": {
            "year_quarter": 20172,
            "year": 2017,
            "quarter": 2,
            "eps": 0.09,
            "eps_growth_year": null,
            "eps_4q": -0.32,
            "eps_4q_growth_year": -180.58,
            "roe": 0.85,
            "roe_4q": -2.93,
            "gross_profit": 15479,
            "gross_margin": 14.64,
            "gross_margin_4q_avg": 12,
            "net_income": 6173,
            "revenue": 105764,
            "common_shares": 724788,
            "book_valuer_per_share": 10.6,
            "book_valuer_per_share_4q_avg": 10.66,
            "equity": 728968,
            "current_ratio": 524.49,
            "debt_ratio": 14.5,
            "inventory_turnover_ratio": 0.7,
            "account_receivable_turnover_ratio": 2.84,
            "reinvestment_rate": 125.28,
            "research_to_sale_ratio": 2.96,
            "price_fair": 0.72,
            "eps_avg_yearly": 0.24,
            "eps_latest_yearly": 0.28,
            "eps_growth_yearly": -20.24
        },
        "20173": {
            "year_quarter": 20173,
            "year": 2017,
            "quarter": 3,
            "eps": 0.04,
            "eps_growth_year": null,
            "eps_4q": -0.11,
            "eps_4q_growth_year": null,
            "roe": 0.4,
            "roe_4q": -1.0400000000000003,
            "gross_profit": 12722,
            "gross_margin": 13.78,
            "gross_margin_4q_avg": 12.02,
            "net_income": 2939,
            "revenue": 92296,
            "common_shares": 724788,
            "book_valuer_per_share": 10.65,
            "book_valuer_per_share_4q_avg": 10.63,
            "equity": 732398,
            "current_ratio": 715.81,
            "debt_ratio": 10.92,
            "inventory_turnover_ratio": 0.61,
            "account_receivable_turnover_ratio": 1.37,
            "reinvestment_rate": 274.55,
            "research_to_sale_ratio": 3.52,
            "price_fair": 0.6,
            "eps_avg_yearly": 0.2,
            "eps_latest_yearly": 0.16,
            "eps_growth_yearly": -29.13
        },
        "20174": {
            "year_quarter": 20174,
            "year": 2017,
            "quarter": 4,
            "eps": -0.11,
            "eps_growth_year": -666.53,
            "eps_4q": -0.24,
            "eps_4q_growth_year": null,
            "roe": -1.06,
            "roe_4q": -2.2800000000000002,
            "gross_profit": 646,
            "gross_margin": 1.39,
            "gross_margin_4q_avg": 10.56,
            "net_income": -7722,
            "revenue": 46603,
            "common_shares": 724788,
            "book_valuer_per_share": 10.47,
            "book_valuer_per_share_4q_avg": 10.56,
            "equity": 719542,
            "current_ratio": 844.48,
            "debt_ratio": 9.33,
            "inventory_turnover_ratio": 0.36,
            "account_receivable_turnover_ratio": 0.85,
            "reinvestment_rate": 1401.53,
            "research_to_sale_ratio": 6.87,
            "price_fair": 0.6,
            "eps_avg_yearly": 0.2,
            "eps_latest_yearly": 0.16,
            "eps_growth_yearly": -29.13
        },
        "20181": {
            "year_quarter": 20181,
            "year": 2018,
            "quarter": 1,
            "eps": -0.02,
            "eps_growth_year": null,
            "eps_4q": -0,
            "eps_4q_growth_year": null,
            "roe": -0.23,
            "roe_4q": -0.040000000000000036,
            "gross_profit": 4780,
            "gross_margin": 6.3,
            "gross_margin_4q_avg": 9.03,
            "net_income": -1673,
            "revenue": 75840,
            "common_shares": 724788,
            "book_valuer_per_share": 10.43,
            "book_valuer_per_share_4q_avg": 10.54,
            "equity": 717024,
            "current_ratio": 593.77,
            "debt_ratio": 12.11,
            "inventory_turnover_ratio": 0.53,
            "account_receivable_turnover_ratio": 1.48,
            "reinvestment_rate": null,
            "research_to_sale_ratio": 4.55,
            "price_fair": 0.6,
            "eps_avg_yearly": 0.2,
            "eps_latest_yearly": 0.16,
            "eps_growth_yearly": -29.13
        },
        "20182": {
            "year_quarter": 20182,
            "year": 2018,
            "quarter": 2,
            "eps": 0.05,
            "eps_growth_year": -44.44,
            "eps_4q": -0.04,
            "eps_4q_growth_year": null,
            "roe": 0.48,
            "roe_4q": -0.41000000000000003,
            "gross_profit": 6995,
            "gross_margin": 8.13,
            "gross_margin_4q_avg": 7.4,
            "net_income": 3454,
            "revenue": 86091,
            "common_shares": 724788,
            "book_valuer_per_share": 10.48,
            "book_valuer_per_share_4q_avg": 10.51,
            "equity": 728365,
            "current_ratio": 642.18,
            "debt_ratio": 11.08,
            "inventory_turnover_ratio": 0.62,
            "account_receivable_turnover_ratio": 1.33,
            "reinvestment_rate": null,
            "research_to_sale_ratio": 4.18,
            "price_fair": 0.6,
            "eps_avg_yearly": 0.2,
            "eps_latest_yearly": 0.16,
            "eps_growth_yearly": -0.74
        },
        "20183": {
            "year_quarter": 20183,
            "year": 2018,
            "quarter": 3,
            "eps": 0.11,
            "eps_growth_year": 175,
            "eps_4q": 0.03,
            "eps_4q_growth_year": null,
            "roe": 1.06,
            "roe_4q": 0.25,
            "gross_profit": 18362,
            "gross_margin": 22.61,
            "gross_margin_4q_avg": 9.61,
            "net_income": 7737,
            "revenue": 81208,
            "common_shares": 724788,
            "book_valuer_per_share": 10.59,
            "book_valuer_per_share_4q_avg": 10.49,
            "equity": 735415,
            "current_ratio": 776.75,
            "debt_ratio": 8.74,
            "inventory_turnover_ratio": 0.53,
            "account_receivable_turnover_ratio": 1.57,
            "reinvestment_rate": -2306.12,
            "research_to_sale_ratio": 1.25,
            "price_fair": 10.27,
            "eps_avg_yearly": 0.29,
            "eps_latest_yearly": 0.44,
            "eps_growth_yearly": 185.93
        },
        "20184": {
            "year_quarter": 20184,
            "year": 2018,
            "quarter": 4,
            "eps": -0.03,
            "eps_growth_year": null,
            "eps_4q": 0.11,
            "eps_4q_growth_year": null,
            "roe": -0.25,
            "roe_4q": 1.06,
            "gross_profit": 7574,
            "gross_margin": 14.16,
            "gross_margin_4q_avg": 12.8,
            "net_income": -1819,
            "revenue": 53500,
            "common_shares": 724788,
            "book_valuer_per_share": 10.53,
            "book_valuer_per_share_4q_avg": 10.51,
            "equity": 731636,
            "current_ratio": 769.1,
            "debt_ratio": 9.26,
            "inventory_turnover_ratio": 0.37,
            "account_receivable_turnover_ratio": 1.16,
            "reinvestment_rate": null,
            "research_to_sale_ratio": 5.7,
            "price_fair": 10.5,
            "eps_avg_yearly": 0.3,
            "eps_latest_yearly": 0.44,
            "eps_growth_yearly": 128.89
        },
        "20191": {
            "year_quarter": 20191,
            "year": 2019,
            "quarter": 1,
            "eps": 0.08,
            "eps_growth_year": null,
            "eps_4q": 0.21,
            "eps_4q_growth_year": null,
            "roe": 0.72,
            "roe_4q": 2.01,
            "gross_profit": 13431,
            "gross_margin": 16.25,
            "gross_margin_4q_avg": 15.29,
            "net_income": 5333,
            "revenue": 82654,
            "common_shares": 724788,
            "book_valuer_per_share": 10.68,
            "book_valuer_per_share_4q_avg": 10.57,
            "equity": 741945,
            "current_ratio": 448.76,
            "debt_ratio": 15.33,
            "inventory_turnover_ratio": 0.55,
            "account_receivable_turnover_ratio": 1.42,
            "reinvestment_rate": -328.41,
            "research_to_sale_ratio": 2.94,
            "price_fair": 10.5,
            "eps_avg_yearly": 0.3,
            "eps_latest_yearly": 0.44,
            "eps_growth_yearly": 128.89
        },
        "20192": {
            "year_quarter": 20192,
            "year": 2019,
            "quarter": 2,
            "eps": 0.14,
            "eps_growth_year": 180,
            "eps_4q": 0.3,
            "eps_4q_growth_year": null,
            "roe": 1.31,
            "roe_4q": 2.8400000000000003,
            "gross_profit": 15870,
            "gross_margin": 16.45,
            "gross_margin_4q_avg": 17.37,
            "net_income": 9768,
            "revenue": 96482,
            "common_shares": 724788,
            "book_valuer_per_share": 10.77,
            "book_valuer_per_share_4q_avg": 10.64,
            "equity": 748068,
            "current_ratio": 594.35,
            "debt_ratio": 11.69,
            "inventory_turnover_ratio": 0.68,
            "account_receivable_turnover_ratio": 1.32,
            "reinvestment_rate": -201.45,
            "research_to_sale_ratio": 1.94,
            "price_fair": 13.53,
            "eps_avg_yearly": 0.39,
            "eps_latest_yearly": 0.56,
            "eps_growth_yearly": 185.93
        },
        "20193": {
            "year_quarter": 20193,
            "year": 2019,
            "quarter": 3,
            "eps": -0.23,
            "eps_growth_year": -309.09,
            "eps_4q": -0.04,
            "eps_4q_growth_year": -260.32,
            "roe": -2.13,
            "roe_4q": -0.34999999999999987,
            "gross_profit": -2995,
            "gross_margin": -4.84,
            "gross_margin_4q_avg": 10.51,
            "net_income": -16286,
            "revenue": 61879,
            "common_shares": 724788,
            "book_valuer_per_share": 10.78,
            "book_valuer_per_share_4q_avg": 10.69,
            "equity": 781554,
            "current_ratio": 733.16,
            "debt_ratio": 9.75,
            "inventory_turnover_ratio": 0.57,
            "account_receivable_turnover_ratio": 1,
            "reinvestment_rate": null,
            "research_to_sale_ratio": 4.49,
            "price_fair": 13.53,
            "eps_avg_yearly": 0.39,
            "eps_latest_yearly": 0.56,
            "eps_growth_yearly": 185.93
        },
        "20194": {
            "year_quarter": 20194,
            "year": 2019,
            "quarter": 4,
            "eps": -0.18,
            "eps_growth_year": null,
            "eps_4q": -0.19,
            "eps_4q_growth_year": -274.11,
            "roe": -1.65,
            "roe_4q": -1.7499999999999998,
            "gross_profit": 6941,
            "gross_margin": 9.54,
            "gross_margin_4q_avg": 9.35,
            "net_income": -12800,
            "revenue": 72769,
            "common_shares": 724788,
            "book_valuer_per_share": 10.56,
            "book_valuer_per_share_4q_avg": 10.7,
            "equity": 765673,
            "current_ratio": 623.44,
            "debt_ratio": 11.52,
            "inventory_turnover_ratio": 0.54,
            "account_receivable_turnover_ratio": 2.29,
            "reinvestment_rate": null,
            "research_to_sale_ratio": 3.82,
            "price_fair": 13.53,
            "eps_avg_yearly": 0.39,
            "eps_latest_yearly": 0.56,
            "eps_growth_yearly": 185.93
        },
        "20201": {
            "year_quarter": 20201,
            "year": 2020,
            "quarter": 1,
            "eps": -0.05,
            "eps_growth_year": -162.5,
            "eps_4q": -0.32,
            "eps_4q_growth_year": -249.2,
            "roe": -0.47,
            "roe_4q": -2.94,
            "gross_profit": 3601,
            "gross_margin": 5.6,
            "gross_margin_4q_avg": 6.69,
            "net_income": -3571,
            "revenue": 64250,
            "common_shares": 724788,
            "book_valuer_per_share": 10.47,
            "book_valuer_per_share_4q_avg": 10.65,
            "equity": 758894,
            "current_ratio": 681.31,
            "debt_ratio": 10.42,
            "inventory_turnover_ratio": 0.48,
            "account_receivable_turnover_ratio": 2.1,
            "reinvestment_rate": null,
            "research_to_sale_ratio": 8.06,
            "price_fair": 13.53,
            "eps_avg_yearly": 0.39,
            "eps_latest_yearly": 0.56,
            "eps_growth_yearly": 185.93
        },
        "20202": {
            "year_quarter": 20202,
            "year": 2020,
            "quarter": 2,
            "eps": -0.08,
            "eps_growth_year": -157.14,
            "eps_4q": -0.53,
            "eps_4q_growth_year": -275.24,
            "roe": -0.77,
            "roe_4q": -5.02,
            "gross_profit": 5951,
            "gross_margin": 8.43,
            "gross_margin_4q_avg": 4.68,
            "net_income": -5772,
            "revenue": 70595,
            "common_shares": 724788,
            "book_valuer_per_share": 10.23,
            "book_valuer_per_share_4q_avg": 10.51,
            "equity": 741305,
            "current_ratio": 612.67,
            "debt_ratio": 11.64,
            "inventory_turnover_ratio": 0.55,
            "account_receivable_turnover_ratio": 2.85,
            "reinvestment_rate": null,
            "research_to_sale_ratio": 5.77,
            "price_fair": 13.53,
            "eps_avg_yearly": 0.39,
            "eps_latest_yearly": 0.56,
            "eps_growth_yearly": 185.93
        },
        "20203": {
            "year_quarter": 20203,
            "year": 2020,
            "quarter": 3,
            "eps": 0,
            "eps_growth_year": null,
            "eps_4q": -0.3,
            "eps_4q_growth_year": null,
            "roe": 0.04,
            "roe_4q": -2.8499999999999996,
            "gross_profit": 9694,
            "gross_margin": 11.9,
            "gross_margin_4q_avg": 8.87,
            "net_income": 271,
            "revenue": 81448,
            "common_shares": 724788,
            "book_valuer_per_share": 10.26,
            "book_valuer_per_share_4q_avg": 10.38,
            "equity": 743455,
            "current_ratio": 353.66,
            "debt_ratio": 18.61,
            "inventory_turnover_ratio": 0.62,
            "account_receivable_turnover_ratio": 7.99,
            "reinvestment_rate": null,
            "research_to_sale_ratio": 5.59,
            "price_fair": 13.53,
            "eps_avg_yearly": 0.39,
            "eps_latest_yearly": 0.56,
            "eps_growth_yearly": 185.93
        },
        "20204": {
            "year_quarter": 20204,
            "year": 2020,
            "quarter": 4,
            "eps": 0.08,
            "eps_growth_year": null,
            "eps_4q": -0.05,
            "eps_4q_growth_year": null,
            "roe": 0.75,
            "roe_4q": -0.44999999999999996,
            "gross_profit": 12543,
            "gross_margin": 18.86,
            "gross_margin_4q_avg": 11.2,
            "net_income": 5582,
            "revenue": 66513,
            "common_shares": 724788,
            "book_valuer_per_share": 10.36,
            "book_valuer_per_share_4q_avg": 10.33,
            "equity": 750553,
            "current_ratio": 323.35,
            "debt_ratio": 24.74,
            "inventory_turnover_ratio": 0.47,
            "account_receivable_turnover_ratio": 5.59,
            "reinvestment_rate": null,
            "research_to_sale_ratio": 8.05,
            "price_fair": 13.53,
            "eps_avg_yearly": 0.39,
            "eps_latest_yearly": 0.56,
            "eps_growth_yearly": 185.93
        },
        "20211": {
            "year_quarter": 20211,
            "year": 2021,
            "quarter": 1,
            "eps": -0.07,
            "eps_growth_year": null,
            "eps_4q": -0.07,
            "eps_4q_growth_year": null,
            "roe": -0.66,
            "roe_4q": -0.64,
            "gross_profit": 820,
            "gross_margin": 4.13,
            "gross_margin_4q_avg": 10.83,
            "net_income": -4911,
            "revenue": 19852,
            "common_shares": 724788,
            "book_valuer_per_share": 10.22,
            "book_valuer_per_share_4q_avg": 10.27,
            "equity": 740802,
            "current_ratio": 266.19,
            "debt_ratio": 28.33,
            "inventory_turnover_ratio": 0.16,
            "account_receivable_turnover_ratio": 2.41,
            "reinvestment_rate": null,
            "research_to_sale_ratio": 22.56,
            "price_fair": 13.53,
            "eps_avg_yearly": 0.39,
            "eps_latest_yearly": 0.56,
            "eps_growth_yearly": 185.93
        },
        "20212": {
            "year_quarter": 20212,
            "year": 2021,
            "quarter": 2,
            "eps": -0.3,
            "eps_growth_year": null,
            "eps_4q": -0.29,
            "eps_4q_growth_year": null,
            "roe": -3.03,
            "roe_4q": -2.9,
            "gross_profit": -9334,
            "gross_margin": -35.08,
            "gross_margin_4q_avg": -0.05,
            "net_income": -22069,
            "revenue": 26607,
            "common_shares": 724788,
            "book_valuer_per_share": 9.91,
            "book_valuer_per_share_4q_avg": 10.19,
            "equity": 718264,
            "current_ratio": 276.34,
            "debt_ratio": 26.71,
            "inventory_turnover_ratio": 0.29,
            "account_receivable_turnover_ratio": 10.64,
            "reinvestment_rate": null,
            "research_to_sale_ratio": 17.41,
            "price_fair": 13.53,
            "eps_avg_yearly": 0.39,
            "eps_latest_yearly": 0.56,
            "eps_growth_yearly": 185.93
        },
        "20213": {
            "year_quarter": 20213,
            "year": 2021,
            "quarter": 3,
            "eps": -0.36,
            "eps_growth_year": null,
            "eps_4q": -0.66,
            "eps_4q_growth_year": null,
            "roe": -3.74,
            "roe_4q": -6.68,
            "gross_profit": -4323,
            "gross_margin": -13.64,
            "gross_margin_4q_avg": -6.43,
            "net_income": -26354,
            "revenue": 31689,
            "common_shares": 724788,
            "book_valuer_per_share": 9.54,
            "book_valuer_per_share_4q_avg": 10.01,
            "equity": 691239,
            "current_ratio": 239.81,
            "debt_ratio": 29.89,
            "inventory_turnover_ratio": 0.28,
            "account_receivable_turnover_ratio": 49.24,
            "reinvestment_rate": null,
            "research_to_sale_ratio": 14.58,
            "price_fair": 17.5,
            "eps_avg_yearly": 0.5,
            "eps_latest_yearly": 0.56,
            "eps_growth_yearly": 390
        },
        "20214": {
            "year_quarter": 20214,
            "year": 2021,
            "quarter": 4,
            "eps": -0.05,
            "eps_growth_year": -170.53,
            "eps_4q": -0.79,
            "eps_4q_growth_year": null,
            "roe": -0.58,
            "roe_4q": -8.01,
            "gross_profit": -977,
            "gross_margin": -2.03,
            "gross_margin_4q_avg": -11.66,
            "net_income": -4015,
            "revenue": 48022,
            "common_shares": 724788,
            "book_valuer_per_share": 9.51,
            "book_valuer_per_share_4q_avg": 9.8,
            "equity": 690166,
            "current_ratio": 245.54,
            "debt_ratio": 30,
            "inventory_turnover_ratio": 0.37,
            "account_receivable_turnover_ratio": 27.51,
            "reinvestment_rate": null,
            "research_to_sale_ratio": 5.02,
            "price_fair": 17.5,
            "eps_avg_yearly": 0.5,
            "eps_latest_yearly": 0.56,
            "eps_growth_yearly": 390
        },
        "20221": {
            "year_quarter": 20221,
            "year": 2022,
            "quarter": 1,
            "eps": 0.37,
            "eps_growth_year": null,
            "eps_4q": -0.35,
            "eps_4q_growth_year": null,
            "roe": 3.84,
            "roe_4q": -3.5100000000000002,
            "gross_profit": 2972,
            "gross_margin": 5.68,
            "gross_margin_4q_avg": -11.27,
            "net_income": 27074,
            "revenue": 52323,
            "common_shares": 724788,
            "book_valuer_per_share": 9.92,
            "book_valuer_per_share_4q_avg": 9.72,
            "equity": 719924,
            "current_ratio": 282.04,
            "debt_ratio": 44.1,
            "inventory_turnover_ratio": 0.38,
            "account_receivable_turnover_ratio": 9.92,
            "reinvestment_rate": null,
            "research_to_sale_ratio": 4.57,
            "price_fair": 17.5,
            "eps_avg_yearly": 0.5,
            "eps_latest_yearly": 0.56,
            "eps_growth_yearly": 390
        },
        "20222": {
            "year_quarter": 20222,
            "year": 2022,
            "quarter": 2,
            "eps": -0.24,
            "eps_growth_year": null,
            "eps_4q": -0.28,
            "eps_4q_growth_year": null,
            "roe": -2.47,
            "roe_4q": -2.9500000000000006,
            "gross_profit": 7747,
            "gross_margin": 14.09,
            "gross_margin_4q_avg": 1.03,
            "net_income": -17559,
            "revenue": 54970,
            "common_shares": 724788,
            "book_valuer_per_share": 9.66,
            "book_valuer_per_share_4q_avg": 9.66,
            "equity": 700692,
            "current_ratio": 510.22,
            "debt_ratio": 35.31,
            "inventory_turnover_ratio": 0.38,
            "account_receivable_turnover_ratio": 5.92,
            "reinvestment_rate": null,
            "research_to_sale_ratio": 3.94,
            "price_fair": 17.5,
            "eps_avg_yearly": 0.5,
            "eps_latest_yearly": 0.56,
            "eps_growth_yearly": 390
        },
        "20223": {
            "year_quarter": 20223,
            "year": 2022,
            "quarter": 3,
            "eps": 0.01,
            "eps_growth_year": null,
            "eps_4q": 0.09,
            "eps_4q_growth_year": null,
            "roe": -0.07,
            "roe_4q": 0.7199999999999999,
            "gross_profit": 13491,
            "gross_margin": 19.45,
            "gross_margin_4q_avg": 9.3,
            "net_income": -490,
            "revenue": 69368,
            "common_shares": 724788,
            "book_valuer_per_share": 9.65,
            "book_valuer_per_share_4q_avg": 9.69,
            "equity": 710814,
            "current_ratio": 373.28,
            "debt_ratio": 40.96,
            "inventory_turnover_ratio": 0.52,
            "account_receivable_turnover_ratio": 7.29,
            "reinvestment_rate": null,
            "research_to_sale_ratio": 2.57,
            "price_fair": 19.6,
            "eps_avg_yearly": 0.56,
            "eps_latest_yearly": 0.56,
            "eps_growth_yearly": 300
        },
        "20224": {
            "year_quarter": 20224,
            "year": 2022,
            "quarter": 4,
            "eps": -0.08,
            "eps_growth_year": null,
            "eps_4q": 0.06,
            "eps_4q_growth_year": null,
            "roe": -1.01,
            "roe_4q": 0.2899999999999996,
            "gross_profit": 12845,
            "gross_margin": 36.25,
            "gross_margin_4q_avg": 18.87,
            "net_income": -7255,
            "revenue": 35434,
            "common_shares": 724788,
            "book_valuer_per_share": 9.59,
            "book_valuer_per_share_4q_avg": 9.71,
            "equity": 726042,
            "current_ratio": 220.41,
            "debt_ratio": 47.61,
            "inventory_turnover_ratio": 0.22,
            "account_receivable_turnover_ratio": 8.35,
            "reinvestment_rate": null,
            "research_to_sale_ratio": 25.46,
            "price_fair": 19.6,
            "eps_avg_yearly": 0.56,
            "eps_latest_yearly": 0.56,
            "eps_growth_yearly": 300
        },
        "20231": {
            "year_quarter": 20231,
            "year": 2023,
            "quarter": 1,
            "eps": null,
            "eps_growth_year": null,
            "eps_4q": null,
            "eps_4q_growth_year": null,
            "roe": null,
            "roe_4q": -3.5500000000000003,
            "gross_profit": null,
            "gross_margin": null,
            "gross_margin_4q_avg": 17.45,
            "net_income": null,
            "revenue": null,
            "common_shares": null,
            "book_valuer_per_share": 9.94,
            "book_valuer_per_share_4q_avg": 9.71,
            "equity": null,
            "current_ratio": 206.89,
            "debt_ratio": null,
            "inventory_turnover_ratio": null,
            "account_receivable_turnover_ratio": null,
            "reinvestment_rate": null,
            "research_to_sale_ratio": null,
            "price_fair": 19.6,
            "eps_avg_yearly": 0.56,
            "eps_latest_yearly": 0.56,
            "eps_growth_yearly": 300
        },
        "20232": {
            "year_quarter": 20232,
            "year": 2023,
            "quarter": 2,
            "eps": -0.08,
            "eps_growth_year": null,
            "eps_4q": null,
            "eps_4q_growth_year": null,
            "roe": -0.94,
            "roe_4q": -2.02,
            "gross_profit": 13397,
            "gross_margin": 19.95,
            "gross_margin_4q_avg": 18.91,
            "net_income": -7010,
            "revenue": 67138,
            "common_shares": 724788,
            "book_valuer_per_share": 9.88,
            "book_valuer_per_share_4q_avg": 9.77,
            "equity": 745268,
            "current_ratio": 224.12,
            "debt_ratio": 45.05,
            "inventory_turnover_ratio": 0.4,
            "account_receivable_turnover_ratio": 34.9,
            "reinvestment_rate": null,
            "research_to_sale_ratio": 3.89,
            "price_fair": 0,
            "eps_avg_yearly": 0,
            "eps_latest_yearly": 0,
            "eps_growth_yearly": 0
        }
    },
    "months": {
        "2002-10": {
            "month": "2002-10",
            "price": "39.97",
            "revenue": 71290
        },
        "2002-11": {
            "month": "2002-11",
            "price": "40.02",
            "revenue": 63821
        },
        "2002-12": {
            "month": "2002-12",
            "price": "39.59",
            "revenue": 26708
        },
        "2003-01": {
            "month": "2003-01",
            "price": "38.15",
            "revenue": 74196
        },
        "2003-02": {
            "month": "2003-02",
            "price": "36.71",
            "revenue": 39228
        },
        "2003-03": {
            "month": "2003-03",
            "price": "35.69",
            "revenue": 79675
        },
        "2003-04": {
            "month": "2003-04",
            "price": "32.70",
            "revenue": 84272
        },
        "2003-05": {
            "month": "2003-05",
            "price": "33.34",
            "revenue": 68521
        },
        "2003-06": {
            "month": "2003-06",
            "price": "36.61",
            "revenue": 76359
        },
        "2003-07": {
            "month": "2003-07",
            "price": "35.49",
            "revenue": 103398
        },
        "2003-08": {
            "month": "2003-08",
            "price": "35.13",
            "revenue": 68723
        },
        "2003-09": {
            "month": "2003-09",
            "price": "31.42",
            "revenue": 98339
        },
        "2003-10": {
            "month": "2003-10",
            "price": "30.59",
            "revenue": 102408
        },
        "2003-11": {
            "month": "2003-11",
            "price": "30.70",
            "revenue": 94258
        },
        "2003-12": {
            "month": "2003-12",
            "price": "30.74",
            "revenue": 76930
        },
        "2004-01": {
            "month": "2004-01",
            "price": "33.76",
            "revenue": 64651
        },
        "2004-02": {
            "month": "2004-02",
            "price": "36.73",
            "revenue": 77786
        },
        "2004-03": {
            "month": "2004-03",
            "price": "35.86",
            "revenue": 114774
        },
        "2004-04": {
            "month": "2004-04",
            "price": "39.40",
            "revenue": 144514
        },
        "2004-05": {
            "month": "2004-05",
            "price": "41.67",
            "revenue": 151647
        },
        "2004-06": {
            "month": "2004-06",
            "price": "39.13",
            "revenue": 177385
        },
        "2004-07": {
            "month": "2004-07",
            "price": "35.65",
            "revenue": 170198
        },
        "2004-08": {
            "month": "2004-08",
            "price": "34.95",
            "revenue": 223908
        },
        "2004-09": {
            "month": "2004-09",
            "price": "37.20",
            "revenue": 206604
        },
        "2004-10": {
            "month": "2004-10",
            "price": "37.18",
            "revenue": 185437
        },
        "2004-11": {
            "month": "2004-11",
            "price": "37.39",
            "revenue": 141956
        },
        "2004-12": {
            "month": "2004-12",
            "price": "38.50",
            "revenue": 71102
        },
        "2005-01": {
            "month": "2005-01",
            "price": "39.24",
            "revenue": 89800
        },
        "2005-02": {
            "month": "2005-02",
            "price": "39.84",
            "revenue": 112052
        },
        "2005-03": {
            "month": "2005-03",
            "price": "42.69",
            "revenue": 129033
        },
        "2005-04": {
            "month": "2005-04",
            "price": "40.93",
            "revenue": 101875
        },
        "2005-05": {
            "month": "2005-05",
            "price": "39.21",
            "revenue": 207780
        },
        "2005-06": {
            "month": "2005-06",
            "price": "38.21",
            "revenue": 142633
        },
        "2005-07": {
            "month": "2005-07",
            "price": "37.72",
            "revenue": 115724
        },
        "2005-08": {
            "month": "2005-08",
            "price": "34.52",
            "revenue": 111382
        },
        "2005-09": {
            "month": "2005-09",
            "price": "33.15",
            "revenue": 89412
        },
        "2005-10": {
            "month": "2005-10",
            "price": "30.58",
            "revenue": 101177
        },
        "2005-11": {
            "month": "2005-11",
            "price": "30.52",
            "revenue": 78443
        },
        "2005-12": {
            "month": "2005-12",
            "price": "30.76",
            "revenue": 45492
        },
        "2006-01": {
            "month": "2006-01",
            "price": "29.66",
            "revenue": 33020
        },
        "2006-02": {
            "month": "2006-02",
            "price": "28.35",
            "revenue": 51707
        },
        "2006-03": {
            "month": "2006-03",
            "price": "26.74",
            "revenue": 68603
        },
        "2006-04": {
            "month": "2006-04",
            "price": "26.06",
            "revenue": 60638
        },
        "2006-05": {
            "month": "2006-05",
            "price": "25.00",
            "revenue": 66105
        },
        "2006-06": {
            "month": "2006-06",
            "price": "24.95",
            "revenue": 89487
        },
        "2006-07": {
            "month": "2006-07",
            "price": "25.03",
            "revenue": 59677
        },
        "2006-08": {
            "month": "2006-08",
            "price": "22.60",
            "revenue": 71043
        },
        "2006-09": {
            "month": "2006-09",
            "price": "20.35",
            "revenue": 61831
        },
        "2006-10": {
            "month": "2006-10",
            "price": "18.60",
            "revenue": 64029
        },
        "2006-11": {
            "month": "2006-11",
            "price": "18.19",
            "revenue": 39221
        },
        "2006-12": {
            "month": "2006-12",
            "price": "17.50",
            "revenue": 36319
        },
        "2007-01": {
            "month": "2007-01",
            "price": "17.62",
            "revenue": 28163
        },
        "2007-02": {
            "month": "2007-02",
            "price": "18.90",
            "revenue": 51083
        },
        "2007-03": {
            "month": "2007-03",
            "price": "18.48",
            "revenue": 63048
        },
        "2007-04": {
            "month": "2007-04",
            "price": "20.37",
            "revenue": 76195
        },
        "2007-05": {
            "month": "2007-05",
            "price": "20.29",
            "revenue": 64706
        },
        "2007-06": {
            "month": "2007-06",
            "price": "20.52",
            "revenue": 59185
        },
        "2007-07": {
            "month": "2007-07",
            "price": "22.80",
            "revenue": 58809
        },
        "2007-08": {
            "month": "2007-08",
            "price": "20.58",
            "revenue": 61378
        },
        "2007-09": {
            "month": "2007-09",
            "price": "15.84",
            "revenue": 62107
        },
        "2007-10": {
            "month": "2007-10",
            "price": "17.61",
            "revenue": 37621
        },
        "2007-11": {
            "month": "2007-11",
            "price": "14.76",
            "revenue": 33657
        },
        "2007-12": {
            "month": "2007-12",
            "price": "12.58",
            "revenue": 44446
        },
        "2008-01": {
            "month": "2008-01",
            "price": "13.83",
            "revenue": 40966
        },
        "2008-02": {
            "month": "2008-02",
            "price": "12.72",
            "revenue": 40069
        },
        "2008-03": {
            "month": "2008-03",
            "price": "13.20",
            "revenue": 62192
        },
        "2008-04": {
            "month": "2008-04",
            "price": "12.64",
            "revenue": 75767
        },
        "2008-05": {
            "month": "2008-05",
            "price": "12.39",
            "revenue": 83708
        },
        "2008-06": {
            "month": "2008-06",
            "price": "12.70",
            "revenue": 87677
        },
        "2008-07": {
            "month": "2008-07",
            "price": "10.70",
            "revenue": 76902
        },
        "2008-08": {
            "month": "2008-08",
            "price": "11.47",
            "revenue": 65696
        },
        "2008-09": {
            "month": "2008-09",
            "price": "10.16",
            "revenue": 79138
        },
        "2008-10": {
            "month": "2008-10",
            "price": "10.10",
            "revenue": 42276
        },
        "2008-11": {
            "month": "2008-11",
            "price": "9.51",
            "revenue": 17418
        },
        "2008-12": {
            "month": "2008-12",
            "price": "8.79",
            "revenue": 25931
        },
        "2009-01": {
            "month": "2009-01",
            "price": "8.24",
            "revenue": 43006
        },
        "2009-02": {
            "month": "2009-02",
            "price": "7.68",
            "revenue": 22024
        },
        "2009-03": {
            "month": "2009-03",
            "price": "8.11",
            "revenue": 34046
        },
        "2009-04": {
            "month": "2009-04",
            "price": "8.86",
            "revenue": 42070
        },
        "2009-05": {
            "month": "2009-05",
            "price": "8.87",
            "revenue": 50784
        },
        "2009-06": {
            "month": "2009-06",
            "price": "8.91",
            "revenue": 25639
        },
        "2009-07": {
            "month": "2009-07",
            "price": "8.78",
            "revenue": 41674
        },
        "2009-08": {
            "month": "2009-08",
            "price": "9.32",
            "revenue": 45276
        },
        "2009-09": {
            "month": "2009-09",
            "price": "9.52",
            "revenue": 37723
        },
        "2009-10": {
            "month": "2009-10",
            "price": "10.67",
            "revenue": 17677
        },
        "2009-11": {
            "month": "2009-11",
            "price": "10.97",
            "revenue": 29301
        },
        "2009-12": {
            "month": "2009-12",
            "price": "11.52",
            "revenue": 30204
        },
        "2010-01": {
            "month": "2010-01",
            "price": "12.48",
            "revenue": 27814
        },
        "2010-02": {
            "month": "2010-02",
            "price": "11.38",
            "revenue": 44499
        },
        "2010-03": {
            "month": "2010-03",
            "price": "12.92",
            "revenue": 54618
        },
        "2010-04": {
            "month": "2010-04",
            "price": "14.41",
            "revenue": 68228
        },
        "2010-05": {
            "month": "2010-05",
            "price": "13.09",
            "revenue": 49935
        },
        "2010-06": {
            "month": "2010-06",
            "price": "12.43",
            "revenue": 34638
        },
        "2010-07": {
            "month": "2010-07",
            "price": "12.34",
            "revenue": 26094
        },
        "2010-08": {
            "month": "2010-08",
            "price": "18.91",
            "revenue": 31716
        },
        "2010-09": {
            "month": "2010-09",
            "price": "21.05",
            "revenue": 34156
        },
        "2010-10": {
            "month": "2010-10",
            "price": "22.20",
            "revenue": 17159
        },
        "2010-11": {
            "month": "2010-11",
            "price": "21.72",
            "revenue": 16365
        },
        "2010-12": {
            "month": "2010-12",
            "price": "20.67",
            "revenue": 17457
        },
        "2011-01": {
            "month": "2011-01",
            "price": "17.55",
            "revenue": 44432
        },
        "2011-02": {
            "month": "2011-02",
            "price": "13.86",
            "revenue": 10548
        },
        "2011-03": {
            "month": "2011-03",
            "price": "14.44",
            "revenue": 38853
        },
        "2011-04": {
            "month": "2011-04",
            "price": "14.19",
            "revenue": 39594
        },
        "2011-05": {
            "month": "2011-05",
            "price": "13.33",
            "revenue": 37333
        },
        "2011-06": {
            "month": "2011-06",
            "price": "11.47",
            "revenue": 35515
        },
        "2011-07": {
            "month": "2011-07",
            "price": "13.71",
            "revenue": 36055
        },
        "2011-08": {
            "month": "2011-08",
            "price": "17.01",
            "revenue": 51846
        },
        "2011-09": {
            "month": "2011-09",
            "price": "15.38",
            "revenue": 37764
        },
        "2011-10": {
            "month": "2011-10",
            "price": "13.94",
            "revenue": 54696
        },
        "2011-11": {
            "month": "2011-11",
            "price": "13.02",
            "revenue": 19187
        },
        "2011-12": {
            "month": "2011-12",
            "price": "10.67",
            "revenue": 38610
        },
        "2012-01": {
            "month": "2012-01",
            "price": "11.14",
            "revenue": 15675
        },
        "2012-02": {
            "month": "2012-02",
            "price": "12.28",
            "revenue": 26137
        },
        "2012-03": {
            "month": "2012-03",
            "price": "11.27",
            "revenue": 33060
        },
        "2012-04": {
            "month": "2012-04",
            "price": "10.60",
            "revenue": 33316
        },
        "2012-05": {
            "month": "2012-05",
            "price": "10.06",
            "revenue": 51531
        },
        "2012-06": {
            "month": "2012-06",
            "price": "10.00",
            "revenue": 11512
        },
        "2012-07": {
            "month": "2012-07",
            "price": "9.88",
            "revenue": 44354
        },
        "2012-08": {
            "month": "2012-08",
            "price": "9.73",
            "revenue": 56438
        },
        "2012-09": {
            "month": "2012-09",
            "price": "10.18",
            "revenue": 40833
        },
        "2012-10": {
            "month": "2012-10",
            "price": "9.80",
            "revenue": 17846
        },
        "2012-11": {
            "month": "2012-11",
            "price": "9.40",
            "revenue": 26445
        },
        "2012-12": {
            "month": "2012-12",
            "price": "9.62",
            "revenue": 33516
        },
        "2013-01": {
            "month": "2013-01",
            "price": "9.78",
            "revenue": 45206
        },
        "2013-02": {
            "month": "2013-02",
            "price": "9.36",
            "revenue": 17182
        },
        "2013-03": {
            "month": "2013-03",
            "price": "12.98",
            "revenue": 36208
        },
        "2013-04": {
            "month": "2013-04",
            "price": "15.89",
            "revenue": 62313
        },
        "2013-05": {
            "month": "2013-05",
            "price": "15.26",
            "revenue": 52890
        },
        "2013-06": {
            "month": "2013-06",
            "price": "15.91",
            "revenue": 31897
        },
        "2013-07": {
            "month": "2013-07",
            "price": "18.27",
            "revenue": 34690
        },
        "2013-08": {
            "month": "2013-08",
            "price": "18.27",
            "revenue": 20480
        },
        "2013-09": {
            "month": "2013-09",
            "price": "14.92",
            "revenue": 45557
        },
        "2013-10": {
            "month": "2013-10",
            "price": "15.05",
            "revenue": 23323
        },
        "2013-11": {
            "month": "2013-11",
            "price": "15.00",
            "revenue": 20905
        },
        "2013-12": {
            "month": "2013-12",
            "price": "15.77",
            "revenue": 30221
        },
        "2014-01": {
            "month": "2014-01",
            "price": "15.60",
            "revenue": 26830
        },
        "2014-02": {
            "month": "2014-02",
            "price": "15.57",
            "revenue": 40419
        },
        "2014-03": {
            "month": "2014-03",
            "price": "18.70",
            "revenue": 42676
        },
        "2014-04": {
            "month": "2014-04",
            "price": "17.23",
            "revenue": 40427
        },
        "2014-05": {
            "month": "2014-05",
            "price": "15.45",
            "revenue": 79591
        },
        "2014-06": {
            "month": "2014-06",
            "price": "16.36",
            "revenue": 66089
        },
        "2014-07": {
            "month": "2014-07",
            "price": "15.57",
            "revenue": 44207
        },
        "2014-08": {
            "month": "2014-08",
            "price": "14.94",
            "revenue": 30332
        },
        "2014-09": {
            "month": "2014-09",
            "price": "13.90",
            "revenue": 23997
        },
        "2014-10": {
            "month": "2014-10",
            "price": "12.91",
            "revenue": 18110
        },
        "2014-11": {
            "month": "2014-11",
            "price": "12.67",
            "revenue": 23250
        },
        "2014-12": {
            "month": "2014-12",
            "price": "12.75",
            "revenue": 35595
        },
        "2015-01": {
            "month": "2015-01",
            "price": "12.69",
            "revenue": 17271
        },
        "2015-02": {
            "month": "2015-02",
            "price": "12.20",
            "revenue": 20487
        },
        "2015-03": {
            "month": "2015-03",
            "price": "13.47",
            "revenue": 43810
        },
        "2015-04": {
            "month": "2015-04",
            "price": "16.74",
            "revenue": 32561
        },
        "2015-05": {
            "month": "2015-05",
            "price": "14.87",
            "revenue": 32209
        },
        "2015-06": {
            "month": "2015-06",
            "price": "14.02",
            "revenue": 53076
        },
        "2015-07": {
            "month": "2015-07",
            "price": "13.91",
            "revenue": 50178
        },
        "2015-08": {
            "month": "2015-08",
            "price": "11.97",
            "revenue": 42269
        },
        "2015-09": {
            "month": "2015-09",
            "price": "11.50",
            "revenue": 50909
        },
        "2015-10": {
            "month": "2015-10",
            "price": "12.63",
            "revenue": 19636
        },
        "2015-11": {
            "month": "2015-11",
            "price": "12.47",
            "revenue": 17286
        },
        "2015-12": {
            "month": "2015-12",
            "price": "12.16",
            "revenue": 41437
        },
        "2016-01": {
            "month": "2016-01",
            "price": "11.79",
            "revenue": 22738
        },
        "2016-02": {
            "month": "2016-02",
            "price": "11.86",
            "revenue": 51177
        },
        "2016-03": {
            "month": "2016-03",
            "price": "12.43",
            "revenue": 53897
        },
        "2016-04": {
            "month": "2016-04",
            "price": "12.07",
            "revenue": 35087
        },
        "2016-05": {
            "month": "2016-05",
            "price": "11.68",
            "revenue": 30141
        },
        "2016-06": {
            "month": "2016-06",
            "price": "11.46",
            "revenue": 57776
        },
        "2016-07": {
            "month": "2016-07",
            "price": "12.16",
            "revenue": 29582
        },
        "2016-08": {
            "month": "2016-08",
            "price": "12.04",
            "revenue": 26305
        },
        "2016-09": {
            "month": "2016-09",
            "price": "11.68",
            "revenue": 15667
        },
        "2016-10": {
            "month": "2016-10",
            "price": "10.54",
            "revenue": 18448
        },
        "2016-11": {
            "month": "2016-11",
            "price": "10.49",
            "revenue": 22211
        },
        "2016-12": {
            "month": "2016-12",
            "price": "10.30",
            "revenue": 15327
        },
        "2017-01": {
            "month": "2017-01",
            "price": "10.30",
            "revenue": 26138
        },
        "2017-02": {
            "month": "2017-02",
            "price": "12.05",
            "revenue": 20800
        },
        "2017-03": {
            "month": "2017-03",
            "price": "12.01",
            "revenue": 13180
        },
        "2017-04": {
            "month": "2017-04",
            "price": "11.02",
            "revenue": 36920
        },
        "2017-05": {
            "month": "2017-05",
            "price": "11.43",
            "revenue": 35231
        },
        "2017-06": {
            "month": "2017-06",
            "price": "11.55",
            "revenue": 33613
        },
        "2017-07": {
            "month": "2017-07",
            "price": "11.62",
            "revenue": 51826
        },
        "2017-08": {
            "month": "2017-08",
            "price": "11.67",
            "revenue": 31397
        },
        "2017-09": {
            "month": "2017-09",
            "price": "12.15",
            "revenue": 9072
        },
        "2017-10": {
            "month": "2017-10",
            "price": "13.13",
            "revenue": 22591
        },
        "2017-11": {
            "month": "2017-11",
            "price": "13.81",
            "revenue": 15549
        },
        "2017-12": {
            "month": "2017-12",
            "price": "14.38",
            "revenue": 10045
        },
        "2018-01": {
            "month": "2018-01",
            "price": "14.97",
            "revenue": 37355
        },
        "2018-02": {
            "month": "2018-02",
            "price": "14.00",
            "revenue": 17607
        },
        "2018-03": {
            "month": "2018-03",
            "price": "13.97",
            "revenue": 20878
        },
        "2018-04": {
            "month": "2018-04",
            "price": "13.76",
            "revenue": 27588
        },
        "2018-05": {
            "month": "2018-05",
            "price": "14.02",
            "revenue": 32502
        },
        "2018-06": {
            "month": "2018-06",
            "price": "14.52",
            "revenue": 26002
        },
        "2018-07": {
            "month": "2018-07",
            "price": "14.61",
            "revenue": 40104
        },
        "2018-08": {
            "month": "2018-08",
            "price": "14.28",
            "revenue": 22621
        },
        "2018-09": {
            "month": "2018-09",
            "price": "14.22",
            "revenue": 18484
        },
        "2018-10": {
            "month": "2018-10",
            "price": "14.29",
            "revenue": 20776
        },
        "2018-11": {
            "month": "2018-11",
            "price": "14.65",
            "revenue": 18996
        },
        "2018-12": {
            "month": "2018-12",
            "price": "14.58",
            "revenue": 13902
        },
        "2019-01": {
            "month": "2019-01",
            "price": "15.69",
            "revenue": 52043
        },
        "2019-02": {
            "month": "2019-02",
            "price": "16.14",
            "revenue": 14214
        },
        "2019-03": {
            "month": "2019-03",
            "price": "17.12",
            "revenue": 16396
        },
        "2019-04": {
            "month": "2019-04",
            "price": "16.16",
            "revenue": 33024
        },
        "2019-05": {
            "month": "2019-05",
            "price": "16.48",
            "revenue": 39935
        },
        "2019-06": {
            "month": "2019-06",
            "price": "16.34",
            "revenue": 23523
        },
        "2019-07": {
            "month": "2019-07",
            "price": "15.90",
            "revenue": 27239
        },
        "2019-08": {
            "month": "2019-08",
            "price": "15.20",
            "revenue": 12241
        },
        "2019-09": {
            "month": "2019-09",
            "price": "14.94",
            "revenue": 20833
        },
        "2019-10": {
            "month": "2019-10",
            "price": "14.87",
            "revenue": 30917
        },
        "2019-11": {
            "month": "2019-11",
            "price": "14.50",
            "revenue": 24135
        },
        "2019-12": {
            "month": "2019-12",
            "price": "14.50",
            "revenue": 6533
        },
        "2020-01": {
            "month": "2020-01",
            "price": "14.67",
            "revenue": 20624
        },
        "2020-02": {
            "month": "2020-02",
            "price": "14.48",
            "revenue": 28274
        },
        "2020-03": {
            "month": "2020-03",
            "price": "13.09",
            "revenue": 15273
        },
        "2020-04": {
            "month": "2020-04",
            "price": "13.52",
            "revenue": 30991
        },
        "2020-05": {
            "month": "2020-05",
            "price": "14.44",
            "revenue": 21415
        },
        "2020-06": {
            "month": "2020-06",
            "price": "14.36",
            "revenue": 18270
        },
        "2020-07": {
            "month": "2020-07",
            "price": "15.61",
            "revenue": 24113
        },
        "2020-08": {
            "month": "2020-08",
            "price": "15.36",
            "revenue": 35600
        },
        "2020-09": {
            "month": "2020-09",
            "price": "15.72",
            "revenue": 23903
        },
        "2020-10": {
            "month": "2020-10",
            "price": "16.96",
            "revenue": 42506
        },
        "2020-11": {
            "month": "2020-11",
            "price": "16.58",
            "revenue": 11198
        },
        "2020-12": {
            "month": "2020-12",
            "price": "16.29",
            "revenue": 12781
        },
        "2021-01": {
            "month": "2021-01",
            "price": "15.96",
            "revenue": 12603
        },
        "2021-02": {
            "month": "2021-02",
            "price": "15.27",
            "revenue": 4642
        },
        "2021-03": {
            "month": "2021-03",
            "price": "14.85",
            "revenue": 2607
        },
        "2021-04": {
            "month": "2021-04",
            "price": "14.58",
            "revenue": 8576
        },
        "2021-05": {
            "month": "2021-05",
            "price": "12.92",
            "revenue": 8752
        },
        "2021-06": {
            "month": "2021-06",
            "price": "12.00",
            "revenue": 9279
        },
        "2021-07": {
            "month": "2021-07",
            "price": "12.30",
            "revenue": 22554
        },
        "2021-08": {
            "month": "2021-08",
            "price": "11.92",
            "revenue": 5336
        },
        "2021-09": {
            "month": "2021-09",
            "price": "11.62",
            "revenue": 3799
        },
        "2021-10": {
            "month": "2021-10",
            "price": "12.20",
            "revenue": 35218
        },
        "2021-11": {
            "month": "2021-11",
            "price": "12.44",
            "revenue": 11547
        },
        "2021-12": {
            "month": "2021-12",
            "price": "13.12",
            "revenue": 1257
        },
        "2022-01": {
            "month": "2022-01",
            "price": "13.25",
            "revenue": 30842
        },
        "2022-02": {
            "month": "2022-02",
            "price": "12.86",
            "revenue": 3574
        },
        "2022-03": {
            "month": "2022-03",
            "price": "12.47",
            "revenue": 17907
        },
        "2022-04": {
            "month": "2022-04",
            "price": "13.32",
            "revenue": 22097
        },
        "2022-05": {
            "month": "2022-05",
            "price": "13.25",
            "revenue": 20422
        },
        "2022-06": {
            "month": "2022-06",
            "price": "14.34",
            "revenue": 12450
        },
        "2022-07": {
            "month": "2022-07",
            "price": "13.32",
            "revenue": 28375
        },
        "2022-08": {
            "month": "2022-08",
            "price": "13.20",
            "revenue": 31502
        },
        "2022-09": {
            "month": "2022-09",
            "price": "14.88",
            "revenue": 9491
        },
        "2022-10": {
            "month": "2022-10",
            "price": "14.49",
            "revenue": 19344
        },
        "2022-11": {
            "month": "2022-11",
            "price": "14.34",
            "revenue": 12077
        },
        "2022-12": {
            "month": "2022-12",
            "price": "14.67",
            "revenue": 4013
        },
        "2023-01": {
            "month": "2023-01",
            "price": "14.96",
            "revenue": 15085
        },
        "2023-02": {
            "month": "2023-02",
            "price": "14.75",
            "revenue": 15997
        },
        "2023-03": {
            "month": "2023-03",
            "price": "15.43",
            "revenue": 15423
        },
        "2023-04": {
            "month": "2023-04",
            "price": "15.31",
            "revenue": 42940
        },
        "2023-05": {
            "month": "2023-05",
            "price": "18.47",
            "revenue": 12019
        },
        "2023-06": {
            "month": "2023-06",
            "price": "21.12",
            "revenue": 12179
        },
        "2023-07": {
            "month": "2023-07",
            "price": "23.80",
            "revenue": 7468
        },
        "2023-08": {
            "month": "2023-08",
            "price": "22.06",
            "revenue": 5810
        }
    }
}
