{
    "summary": {
        "stock_name": "明安",
        "stock_id": "8938",
        "category": "其他",
        "main_business": "碳纖維預浸材料、碳維維製品(球桿、球頭..)製造加工及買賣業務。<br>航太工業所需「碳纖維布」之製造加工及買賣業務。<br>前項有關產品之進出口貿易業務。",
        "website_url": "http://www.adgroup.com.tw",
        "ceo": "周益男",
        "pe_ratio": 5,
        "report_year_from": 2001,
        "report_year_to": 2023,
        "age": 22,
        "eps_negative_percentage": 9,
        "eps_growth_avg": {
            "last_all": 16.26,
            "last_2y": 59.43,
            "last_4y": 42.79,
            "last_8y": 48.76,
            "last_12y": 21.99,
            "last_16y": 14.89,
            "last_20y": 16.26,
            "at_2006_last_3y": 1.59,
            "at_2007_last_3y": -11.53,
            "at_2008_last_3y": -12.82,
            "at_2009_last_3y": -4.63,
            "at_2010_last_3y": -10,
            "at_2011_last_3y": -27.64,
            "at_2012_last_3y": 2.92,
            "at_2013_last_3y": -24.85,
            "at_2014_last_3y": -22.58,
            "at_2015_last_3y": 0,
            "at_2016_last_3y": 0,
            "at_2017_last_3y": 63.71,
            "at_2018_last_3y": 51.66,
            "at_2019_last_3y": 40.77,
            "at_2020_last_3y": 18.4,
            "at_2021_last_3y": 36.45,
            "at_2022_last_3y": 46.59,
            "at_2023_last_3y": 46.59,
            "at_2006_last_all": 15.08,
            "at_2007_last_all": 13.03,
            "at_2008_last_all": 7.99,
            "at_2009_last_all": 8.38,
            "at_2010_last_all": 3.93,
            "at_2011_last_all": -3.24,
            "at_2012_last_all": 6.15,
            "at_2013_last_all": -2.7,
            "at_2014_last_all": -2.7,
            "at_2015_last_all": -2.7,
            "at_2016_last_all": 5.2,
            "at_2017_last_all": 6.79,
            "at_2018_last_all": 8.18,
            "at_2019_last_all": 8.17,
            "at_2020_last_all": 8.31,
            "at_2021_last_all": 13.38,
            "at_2022_last_all": 16.26,
            "at_2023_last_all": 16.26
        },
        "latest_eps": 14.63,
        "latest_price": 77.9,
        "latest_roe": 34.71,
        "latest_gross_margin": 16.79,
        "latest_equity": 7025940,
        "latest_revenue": 4984134,
        "latest_gross_profit": 836633,
        "latest_net_income": 324562,
        "latest_debt_ratio": 54.79,
        "latest_current_ratio": 160.89,
        "latest_account_receivable_turnover_ratio": 1.09,
        "latest_inventory_turnover_ratio": 1.21,
        "latest_reinvestment_rate": 40.62,
        "latest_research_to_sale_ratio": 3.45
    },
    "eps_dividends": {
        "2000": {
            "cash": 0.6,
            "stock": 0.4,
            "eps": 0
        },
        "2001": {
            "cash": 0,
            "stock": 1,
            "eps": 3.97
        },
        "2002": {
            "cash": 2.5,
            "stock": 0.5,
            "eps": 6.71
        },
        "2003": {
            "cash": 4,
            "stock": 0.5,
            "eps": 10.42
        },
        "2004": {
            "cash": 4,
            "stock": 2,
            "eps": 8.64
        },
        "2005": {
            "cash": 5.15,
            "stock": 0.5,
            "eps": 6.77
        },
        "2006": {
            "cash": 4.1,
            "stock": 0.5,
            "eps": 6.08
        },
        "2007": {
            "cash": 4.53,
            "stock": 0.2,
            "eps": 6.25
        },
        "2008": {
            "cash": 4.47,
            "stock": 0.2,
            "eps": 4.86
        },
        "2009": {
            "cash": 3.23,
            "stock": 0,
            "eps": 5.4
        },
        "2010": {
            "cash": 3.6,
            "stock": 0,
            "eps": 3.69
        },
        "2011": {
            "cash": 2.6,
            "stock": 0,
            "eps": 1.19
        },
        "2012": {
            "cash": 1.1,
            "stock": 0,
            "eps": 3.22
        },
        "2013": {
            "cash": 2.2,
            "stock": 0,
            "eps": -0.95
        },
        "2014": {
            "cash": 0.6,
            "stock": 0,
            "eps": -0.58
        },
        "2015": {
            "cash": 0.5,
            "stock": 0,
            "eps": 0.06
        },
        "2016": {
            "cash": 0.7,
            "stock": 0,
            "eps": 2.59
        },
        "2017": {
            "cash": 1.3,
            "stock": 0,
            "eps": 3.3
        },
        "2018": {
            "cash": 2.6,
            "stock": 0,
            "eps": 4.21
        },
        "2019": {
            "cash": 2.2,
            "stock": 0,
            "eps": 4.55
        },
        "2020": {
            "cash": 2.3,
            "stock": 0,
            "eps": 5.03
        },
        "2021": {
            "cash": 2.7,
            "stock": 0,
            "eps": 10.04
        },
        "2022": {
            "cash": 5.5,
            "stock": 0,
            "eps": 16.88
        },
        "2023": {
            "cash": 8.97,
            "stock": 0,
            "eps": 1.87
        }
    },
    "dividends": {
        "2000-06-27": {
            "cash": 0.6,
            "stock": 0.4
        },
        "2001-06-21": {
            "cash": 0,
            "stock": 1
        },
        "2002-06-21": {
            "cash": 2.5,
            "stock": 0.5
        },
        "2003-06-16": {
            "cash": 4,
            "stock": 0.5
        },
        "2004-03-25": {
            "cash": 4,
            "stock": 2
        },
        "2005-04-07": {
            "cash": 5.15,
            "stock": 0.5
        },
        "2006-04-03": {
            "cash": 4.1,
            "stock": 0.5
        },
        "2007-03-28": {
            "cash": 4.53,
            "stock": 0.2
        },
        "2008-03-28": {
            "cash": 4.47,
            "stock": 0.2
        },
        "2009-03-20": {
            "cash": 3.23,
            "stock": 0
        },
        "2010-03-16": {
            "cash": 3.6,
            "stock": 0
        },
        "2011-03-29": {
            "cash": 2.6,
            "stock": 0
        },
        "2012-05-25": {
            "cash": 1.1,
            "stock": 0
        },
        "2013-05-31": {
            "cash": 2.2,
            "stock": 0
        },
        "2014-05-30": {
            "cash": 0.6,
            "stock": 0
        },
        "2015-07-31": {
            "cash": 0.5,
            "stock": 0
        },
        "2016-07-29": {
            "cash": 0.7,
            "stock": 0
        },
        "2017-07-31": {
            "cash": 1.3,
            "stock": 0
        },
        "2018-07-18": {
            "cash": 2.6,
            "stock": 0
        },
        "2019-07-25": {
            "cash": 2.2,
            "stock": 0
        },
        "2020-07-23": {
            "cash": 2.3,
            "stock": 0
        },
        "2021-08-20": {
            "cash": 2.7,
            "stock": 0
        },
        "2022-07-20": {
            "cash": 5.5,
            "stock": 0
        },
        "2023-05-04": {
            "cash": 8.97,
            "stock": 0
        }
    },
    "prices": {
        "200101": "無",
        "200102": "無",
        "200103": "無",
        "200104": "無",
        "200105": "無",
        "200106": "無",
        "200107": "無",
        "200108": "無",
        "200109": "無",
        "200110": "無",
        "200111": "無",
        "200112": "無",
        "200201": "無",
        "200202": "無",
        "200203": "無",
        "200204": "無",
        "200205": "無",
        "200206": "無",
        "200207": "無",
        "200208": "無",
        "200209": "無",
        "200210": "無",
        "200211": "無",
        "200212": "77.68",
        "200301": "70.53",
        "200302": "65.38",
        "200303": "68.55",
        "200304": "72.59",
        "200305": "79.48",
        "200306": "88.65",
        "200307": "107.91",
        "200308": "101.14",
        "200309": "104.62",
        "200310": "101.02",
        "200311": "101.18",
        "200312": "101.67",
        "200401": "103.10",
        "200402": "107.75",
        "200403": "103.39",
        "200404": "97.55",
        "200405": "86.24",
        "200406": "78.02",
        "200407": "67.30",
        "200408": "62.55",
        "200409": "67.62",
        "200410": "65.20",
        "200411": "62.68",
        "200412": "60.28",
        "200501": "60.74",
        "200502": "65.38",
        "200503": "64.38",
        "200504": "64.30",
        "200505": "64.22",
        "200506": "65.15",
        "200507": "65.62",
        "200508": "56.95",
        "200509": "54.66",
        "200510": "51.65",
        "200511": "49.75",
        "200512": "52.60",
        "200601": "53.36",
        "200602": "52.34",
        "200603": "51.79",
        "200604": "55.45",
        "200605": "65.18",
        "200606": "58.42",
        "200607": "56.39",
        "200608": "54.74",
        "200609": "55.32",
        "200610": "57.86",
        "200611": "57.84",
        "200612": "57.30",
        "200701": "59.98",
        "200702": "63.35",
        "200703": "69.34",
        "200704": "70.16",
        "200705": "68.68",
        "200706": "68.66",
        "200707": "74.23",
        "200708": "87.66",
        "200709": "84.75",
        "200710": "77.35",
        "200711": "68.95",
        "200712": "63.81",
        "200801": "58.09",
        "200802": "56.56",
        "200803": "58.83",
        "200804": "60.58",
        "200805": "59.13",
        "200806": "56.33",
        "200807": "46.59",
        "200808": "45.11",
        "200809": "41.72",
        "200810": "33.72",
        "200811": "31.73",
        "200812": "32.27",
        "200901": "31.87",
        "200902": "32.36",
        "200903": "36.23",
        "200904": "40.06",
        "200905": "55.67",
        "200906": "57.79",
        "200907": "52.57",
        "200908": "59.29",
        "200909": "61.80",
        "200910": "60.82",
        "200911": "58.56",
        "200912": "59.52",
        "201001": "73.70",
        "201002": "69.67",
        "201003": "71.00",
        "201004": "68.34",
        "201005": "60.91",
        "201006": "58.30",
        "201007": "58.55",
        "201008": "58.58",
        "201009": "59.56",
        "201010": "61.69",
        "201011": "56.83",
        "201012": "59.60",
        "201101": "59.56",
        "201102": "56.74",
        "201103": "56.07",
        "201104": "61.93",
        "201105": "58.40",
        "201106": "51.39",
        "201107": "42.63",
        "201108": "35.34",
        "201109": "34.34",
        "201110": "34.32",
        "201111": "30.62",
        "201112": "28.61",
        "201201": "30.37",
        "201202": "36.24",
        "201203": "39.45",
        "201204": "36.08",
        "201205": "37.90",
        "201206": "36.62",
        "201207": "36.63",
        "201208": "39.68",
        "201209": "44.35",
        "201210": "41.92",
        "201211": "39.56",
        "201212": "41.31",
        "201301": "41.84",
        "201302": "42.87",
        "201303": "42.06",
        "201304": "38.77",
        "201305": "35.74",
        "201306": "32.94",
        "201307": "31.79",
        "201308": "31.10",
        "201309": "30.02",
        "201310": "31.58",
        "201311": "29.87",
        "201312": "31.62",
        "201401": "31.76",
        "201402": "32.10",
        "201403": "31.15",
        "201404": "31.13",
        "201405": "29.92",
        "201406": "29.50",
        "201407": "28.79",
        "201408": "28.01",
        "201409": "25.38",
        "201410": "22.25",
        "201411": "20.22",
        "201412": "21.20",
        "201501": "22.68",
        "201502": "23.73",
        "201503": "23.83",
        "201504": "25.54",
        "201505": "22.45",
        "201506": "22.32",
        "201507": "20.72",
        "201508": "18.03",
        "201509": "18.70",
        "201510": "20.53",
        "201511": "20.65",
        "201512": "19.47",
        "201601": "18.58",
        "201602": "18.54",
        "201603": "20.62",
        "201604": "21.94",
        "201605": "20.58",
        "201606": "20.29",
        "201607": "20.58",
        "201608": "20.57",
        "201609": "20.88",
        "201610": "20.45",
        "201611": "20.67",
        "201612": "23.17",
        "201701": "25.92",
        "201702": "26.03",
        "201703": "27.81",
        "201704": "28.08",
        "201705": "29.01",
        "201706": "31.33",
        "201707": "34.17",
        "201708": "42.28",
        "201709": "43.58",
        "201710": "40.36",
        "201711": "37.50",
        "201712": "36.21",
        "201801": "34.61",
        "201802": "30.71",
        "201803": "41.38",
        "201804": "44.87",
        "201805": "41.47",
        "201806": "38.87",
        "201807": "34.07",
        "201808": "36.43",
        "201809": "34.96",
        "201810": "33.22",
        "201811": "34.37",
        "201812": "36.92",
        "201901": "36.81",
        "201902": "40.50",
        "201903": "40.65",
        "201904": "42.71",
        "201905": "44.88",
        "201906": "43.82",
        "201907": "41.77",
        "201908": "40.57",
        "201909": "40.97",
        "201910": "40.43",
        "201911": "41.58",
        "201912": "40.42",
        "202001": "39.67",
        "202002": "37.07",
        "202003": "32.62",
        "202004": "31.25",
        "202005": "32.68",
        "202006": "33.73",
        "202007": "31.17",
        "202008": "31.20",
        "202009": "38.33",
        "202010": "39.08",
        "202011": "41.97",
        "202012": "41.56",
        "202101": "40.38",
        "202102": "47.57",
        "202103": "61.19",
        "202104": "71.24",
        "202105": "71.06",
        "202106": "82.71",
        "202107": "80.69",
        "202108": "81.71",
        "202109": "75.17",
        "202110": "76.34",
        "202111": "77.24",
        "202112": "74.85",
        "202201": "75.34",
        "202202": "84.77",
        "202203": "78.90",
        "202204": "83.58",
        "202205": "90.70",
        "202206": "84.29",
        "202207": "78.06",
        "202208": "90.32",
        "202209": "100.64",
        "202210": "90.11",
        "202211": "97.78",
        "202212": "97.52",
        "202301": "98.32",
        "202302": "97.65",
        "202303": "110.14",
        "202304": "93.04",
        "202305": "82.61",
        "202306": "78.65"
    },
    "quarters": {
        "20011": {
            "year_quarter": 20011,
            "year": 2001,
            "quarter": 1,
            "eps": 1.46,
            "eps_growth_year": null,
            "eps_4q": null,
            "eps_4q_growth_year": null,
            "roe": 10.84,
            "roe_4q": 10.84,
            "gross_profit": 107272,
            "gross_margin": 16.28,
            "gross_margin_4q_avg": 16.28,
            "net_income": 84253,
            "revenue": 659091,
            "common_shares": 578448,
            "book_valuer_per_share": 14.15,
            "book_valuer_per_share_4q_avg": 14.15,
            "equity": 818750,
            "current_ratio": 184.26,
            "debt_ratio": 35.34,
            "inventory_turnover_ratio": 2.07,
            "account_receivable_turnover_ratio": null,
            "reinvestment_rate": null,
            "research_to_sale_ratio": null,
            "price_fair": 0,
            "eps_avg_yearly": 0,
            "eps_latest_yearly": 0,
            "eps_growth_yearly": 0
        },
        "20012": {
            "year_quarter": 20012,
            "year": 2001,
            "quarter": 2,
            "eps": 0.89,
            "eps_growth_year": null,
            "eps_4q": null,
            "eps_4q_growth_year": null,
            "roe": 6.68,
            "roe_4q": 17.52,
            "gross_profit": 86343,
            "gross_margin": 13.05,
            "gross_margin_4q_avg": 14.67,
            "net_income": 56947,
            "revenue": 661854,
            "common_shares": 578448,
            "book_valuer_per_share": 15.33,
            "book_valuer_per_share_4q_avg": 14.74,
            "equity": 886795,
            "current_ratio": 203.21,
            "debt_ratio": 30.25,
            "inventory_turnover_ratio": 3.91,
            "account_receivable_turnover_ratio": null,
            "reinvestment_rate": null,
            "research_to_sale_ratio": null,
            "price_fair": 0,
            "eps_avg_yearly": 0,
            "eps_latest_yearly": 0,
            "eps_growth_yearly": 0
        },
        "20013": {
            "year_quarter": 20013,
            "year": 2001,
            "quarter": 3,
            "eps": 0.27,
            "eps_growth_year": null,
            "eps_4q": null,
            "eps_4q_growth_year": null,
            "roe": 1.94,
            "roe_4q": 19.46,
            "gross_profit": 63873,
            "gross_margin": 14.24,
            "gross_margin_4q_avg": 14.52,
            "net_income": 17361,
            "revenue": 448541,
            "common_shares": 636293,
            "book_valuer_per_share": 14.15,
            "book_valuer_per_share_4q_avg": 14.54,
            "equity": 900223,
            "current_ratio": 234.17,
            "debt_ratio": 26.29,
            "inventory_turnover_ratio": 2.52,
            "account_receivable_turnover_ratio": null,
            "reinvestment_rate": null,
            "research_to_sale_ratio": null,
            "price_fair": 0,
            "eps_avg_yearly": 0,
            "eps_latest_yearly": 0,
            "eps_growth_yearly": 0
        },
        "20014": {
            "year_quarter": 20014,
            "year": 2001,
            "quarter": 4,
            "eps": 1.35,
            "eps_growth_year": null,
            "eps_4q": 3.85,
            "eps_4q_growth_year": null,
            "roe": 9.04,
            "roe_4q": 28.499999999999996,
            "gross_profit": 117579,
            "gross_margin": 17.51,
            "gross_margin_4q_avg": 15.27,
            "net_income": 85623,
            "revenue": 671555,
            "common_shares": 636293,
            "book_valuer_per_share": 15.63,
            "book_valuer_per_share_4q_avg": 14.82,
            "equity": 994791,
            "current_ratio": 177.15,
            "debt_ratio": 38.81,
            "inventory_turnover_ratio": 2.07,
            "account_receivable_turnover_ratio": null,
            "reinvestment_rate": null,
            "research_to_sale_ratio": null,
            "price_fair": 0,
            "eps_avg_yearly": 0,
            "eps_latest_yearly": 0,
            "eps_growth_yearly": 0
        },
        "20021": {
            "year_quarter": 20021,
            "year": 2002,
            "quarter": 1,
            "eps": 1.99,
            "eps_growth_year": 36.3,
            "eps_4q": 4.5,
            "eps_4q_growth_year": null,
            "roe": 11.99,
            "roe_4q": 29.650000000000002,
            "gross_profit": 119397,
            "gross_margin": 15.3,
            "gross_margin_4q_avg": 15.03,
            "net_income": 126879,
            "revenue": 780231,
            "common_shares": 636293,
            "book_valuer_per_share": 17.63,
            "book_valuer_per_share_4q_avg": 15.69,
            "equity": 1121998,
            "current_ratio": 195.18,
            "debt_ratio": 32.36,
            "inventory_turnover_ratio": 2.66,
            "account_receivable_turnover_ratio": null,
            "reinvestment_rate": null,
            "research_to_sale_ratio": null,
            "price_fair": 278.6,
            "eps_avg_yearly": 7.96,
            "eps_latest_yearly": 7.96,
            "eps_growth_yearly": 189.63
        },
        "20022": {
            "year_quarter": 20022,
            "year": 2002,
            "quarter": 2,
            "eps": 1.34,
            "eps_growth_year": 50.56,
            "eps_4q": 4.78,
            "eps_4q_growth_year": null,
            "roe": 8.32,
            "roe_4q": 31.290000000000003,
            "gross_profit": 140654,
            "gross_margin": 16.52,
            "gross_margin_4q_avg": 15.89,
            "net_income": 89523,
            "revenue": 851564,
            "common_shares": 636293,
            "book_valuer_per_share": 16.19,
            "book_valuer_per_share_4q_avg": 15.9,
            "equity": 1029914,
            "current_ratio": 134.95,
            "debt_ratio": 46.75,
            "inventory_turnover_ratio": 5.69,
            "account_receivable_turnover_ratio": null,
            "reinvestment_rate": null,
            "research_to_sale_ratio": null,
            "price_fair": 233.1,
            "eps_avg_yearly": 6.66,
            "eps_latest_yearly": 5.36,
            "eps_growth_yearly": 29.49
        },
        "20023": {
            "year_quarter": 20023,
            "year": 2002,
            "quarter": 3,
            "eps": 1.17,
            "eps_growth_year": 333.33,
            "eps_4q": 5.69,
            "eps_4q_growth_year": null,
            "roe": 7.25,
            "roe_4q": 36.6,
            "gross_profit": 154379,
            "gross_margin": 18.71,
            "gross_margin_4q_avg": 17.01,
            "net_income": 78221,
            "revenue": 825117,
            "common_shares": 668108,
            "book_valuer_per_share": 16.88,
            "book_valuer_per_share_4q_avg": 16.58,
            "equity": 1128086,
            "current_ratio": 144.3,
            "debt_ratio": 41.38,
            "inventory_turnover_ratio": 5.46,
            "account_receivable_turnover_ratio": null,
            "reinvestment_rate": null,
            "research_to_sale_ratio": null,
            "price_fair": 76.46,
            "eps_avg_yearly": 6,
            "eps_latest_yearly": 4.68,
            "eps_growth_yearly": 2.74
        },
        "20024": {
            "year_quarter": 20024,
            "year": 2002,
            "quarter": 4,
            "eps": 2.21,
            "eps_growth_year": 63.7,
            "eps_4q": 6.62,
            "eps_4q_growth_year": 71.87,
            "roe": 12.31,
            "roe_4q": 39.870000000000005,
            "gross_profit": 229920,
            "gross_margin": 18.93,
            "gross_margin_4q_avg": 17.37,
            "net_income": 147745,
            "revenue": 1214778,
            "common_shares": 668108,
            "book_valuer_per_share": 19.04,
            "book_valuer_per_share_4q_avg": 17.44,
            "equity": 1272338,
            "current_ratio": 165.22,
            "debt_ratio": 50.26,
            "inventory_turnover_ratio": 2.76,
            "account_receivable_turnover_ratio": null,
            "reinvestment_rate": null,
            "research_to_sale_ratio": null,
            "price_fair": 234.85,
            "eps_avg_yearly": 6.71,
            "eps_latest_yearly": 8.84,
            "eps_growth_yearly": 90.95
        },
        "20031": {
            "year_quarter": 20031,
            "year": 2003,
            "quarter": 1,
            "eps": 3.58,
            "eps_growth_year": 79.9,
            "eps_4q": 8.3,
            "eps_4q_growth_year": 84.58,
            "roe": 17.18,
            "roe_4q": 45.06,
            "gross_profit": 233951,
            "gross_margin": 19.26,
            "gross_margin_4q_avg": 18.36,
            "net_income": 239133,
            "revenue": 1214754,
            "common_shares": 668108,
            "book_valuer_per_share": 22.62,
            "book_valuer_per_share_4q_avg": 18.68,
            "equity": 1511471,
            "current_ratio": 158.21,
            "debt_ratio": 40.52,
            "inventory_turnover_ratio": 2.78,
            "account_receivable_turnover_ratio": null,
            "reinvestment_rate": null,
            "research_to_sale_ratio": null,
            "price_fair": 288.12,
            "eps_avg_yearly": 8.23,
            "eps_latest_yearly": 14.32,
            "eps_growth_yearly": 122.35
        },
        "20032": {
            "year_quarter": 20032,
            "year": 2003,
            "quarter": 2,
            "eps": 2.59,
            "eps_growth_year": 93.28,
            "eps_4q": 9.14,
            "eps_4q_growth_year": 91.17,
            "roe": 12.55,
            "roe_4q": 49.29,
            "gross_profit": 235414,
            "gross_margin": 19.48,
            "gross_margin_4q_avg": 19.1,
            "net_income": 183930,
            "revenue": 1208518,
            "common_shares": 668108,
            "book_valuer_per_share": 21.24,
            "book_valuer_per_share_4q_avg": 19.95,
            "equity": 1419390,
            "current_ratio": 121.11,
            "debt_ratio": 53.22,
            "inventory_turnover_ratio": 9.4,
            "account_receivable_turnover_ratio": null,
            "reinvestment_rate": null,
            "research_to_sale_ratio": null,
            "price_fair": 300.53,
            "eps_avg_yearly": 8.59,
            "eps_latest_yearly": 10.36,
            "eps_growth_yearly": 83.52
        },
        "20033": {
            "year_quarter": 20033,
            "year": 2003,
            "quarter": 3,
            "eps": 1.9,
            "eps_growth_year": 62.39,
            "eps_4q": 9.95,
            "eps_4q_growth_year": 74.96,
            "roe": 9.14,
            "roe_4q": 51.18000000000001,
            "gross_profit": 179215,
            "gross_margin": 17.02,
            "gross_margin_4q_avg": 18.67,
            "net_income": 134705,
            "revenue": 1053084,
            "common_shares": 709343,
            "book_valuer_per_share": 21.54,
            "book_valuer_per_share_4q_avg": 21.11,
            "equity": 1527997,
            "current_ratio": 155.84,
            "debt_ratio": 34.99,
            "inventory_turnover_ratio": 7.92,
            "account_receivable_turnover_ratio": null,
            "reinvestment_rate": null,
            "research_to_sale_ratio": null,
            "price_fair": 295.6,
            "eps_avg_yearly": 8.45,
            "eps_latest_yearly": 7.6,
            "eps_growth_yearly": 56.37
        },
        "20034": {
            "year_quarter": 20034,
            "year": 2003,
            "quarter": 4,
            "eps": 2.35,
            "eps_growth_year": 6.33,
            "eps_4q": 10.2,
            "eps_4q_growth_year": 54.14,
            "roe": 10.34,
            "roe_4q": 49.21,
            "gross_profit": 259182,
            "gross_margin": 20.39,
            "gross_margin_4q_avg": 19.04,
            "net_income": 166980,
            "revenue": 1271047,
            "common_shares": 709343,
            "book_valuer_per_share": 23.98,
            "book_valuer_per_share_4q_avg": 22.35,
            "equity": 1700811,
            "current_ratio": 211.92,
            "debt_ratio": 43.05,
            "inventory_turnover_ratio": 3.1,
            "account_receivable_turnover_ratio": null,
            "reinvestment_rate": null,
            "research_to_sale_ratio": null,
            "price_fair": 299.78,
            "eps_avg_yearly": 8.57,
            "eps_latest_yearly": 9.4,
            "eps_growth_yearly": 61.16
        },
        "20041": {
            "year_quarter": 20041,
            "year": 2004,
            "quarter": 1,
            "eps": 3.12,
            "eps_growth_year": -12.85,
            "eps_4q": 9.96,
            "eps_4q_growth_year": 19.9,
            "roe": 12.35,
            "roe_4q": 44.379999999999995,
            "gross_profit": 277065,
            "gross_margin": 19.14,
            "gross_margin_4q_avg": 19.01,
            "net_income": 221652,
            "revenue": 1447778,
            "common_shares": 709343,
            "book_valuer_per_share": 26.62,
            "book_valuer_per_share_4q_avg": 23.35,
            "equity": 1888015,
            "current_ratio": 161.81,
            "debt_ratio": 34.24,
            "inventory_turnover_ratio": 3.43,
            "account_receivable_turnover_ratio": null,
            "reinvestment_rate": null,
            "research_to_sale_ratio": null,
            "price_fair": 315,
            "eps_avg_yearly": 9,
            "eps_latest_yearly": 12.48,
            "eps_growth_yearly": 68.93
        },
        "20042": {
            "year_quarter": 20042,
            "year": 2004,
            "quarter": 2,
            "eps": 1.46,
            "eps_growth_year": -43.63,
            "eps_4q": 7.59,
            "eps_4q_growth_year": -16.99,
            "roe": 6.86,
            "roe_4q": 38.69,
            "gross_profit": 238575,
            "gross_margin": 17.85,
            "gross_margin_4q_avg": 18.6,
            "net_income": 124725,
            "revenue": 1336626,
            "common_shares": 709343,
            "book_valuer_per_share": 24.61,
            "book_valuer_per_share_4q_avg": 24.19,
            "equity": 1745896,
            "current_ratio": 157.58,
            "debt_ratio": 48.94,
            "inventory_turnover_ratio": 6.89,
            "account_receivable_turnover_ratio": null,
            "reinvestment_rate": null,
            "research_to_sale_ratio": null,
            "price_fair": 303.94,
            "eps_avg_yearly": 8.68,
            "eps_latest_yearly": 5.84,
            "eps_growth_yearly": 40.76
        },
        "20043": {
            "year_quarter": 20043,
            "year": 2004,
            "quarter": 3,
            "eps": 2.13,
            "eps_growth_year": 12.11,
            "eps_4q": 8.13,
            "eps_4q_growth_year": -18.27,
            "roe": 9.89,
            "roe_4q": 39.44,
            "gross_profit": 269066,
            "gross_margin": 17.75,
            "gross_margin_4q_avg": 18.78,
            "net_income": 182157,
            "revenue": 1516100,
            "common_shares": 856299,
            "book_valuer_per_share": 22.62,
            "book_valuer_per_share_4q_avg": 24.46,
            "equity": 1936522,
            "current_ratio": 147.37,
            "debt_ratio": 51.31,
            "inventory_turnover_ratio": 7.3,
            "account_receivable_turnover_ratio": null,
            "reinvestment_rate": null,
            "research_to_sale_ratio": null,
            "price_fair": 303.42,
            "eps_avg_yearly": 8.67,
            "eps_latest_yearly": 8.52,
            "eps_growth_yearly": 53.74
        },
        "20044": {
            "year_quarter": 20044,
            "year": 2004,
            "quarter": 4,
            "eps": 1.93,
            "eps_growth_year": -17.87,
            "eps_4q": 8.1,
            "eps_4q_growth_year": -20.62,
            "roe": 8.36,
            "roe_4q": 37.46,
            "gross_profit": 277650,
            "gross_margin": 18.22,
            "gross_margin_4q_avg": 18.24,
            "net_income": 165433,
            "revenue": 1523867,
            "common_shares": 872414,
            "book_valuer_per_share": 23.18,
            "book_valuer_per_share_4q_avg": 24.26,
            "equity": 2022278,
            "current_ratio": 235.56,
            "debt_ratio": 50.94,
            "inventory_turnover_ratio": 3.15,
            "account_receivable_turnover_ratio": null,
            "reinvestment_rate": 26.39,
            "research_to_sale_ratio": null,
            "price_fair": 300.65,
            "eps_avg_yearly": 8.59,
            "eps_latest_yearly": 7.72,
            "eps_growth_yearly": 46.13
        },
        "20051": {
            "year_quarter": 20051,
            "year": 2005,
            "quarter": 1,
            "eps": 1.82,
            "eps_growth_year": -41.67,
            "eps_4q": 7.18,
            "eps_4q_growth_year": -27.85,
            "roe": 7.59,
            "roe_4q": 32.7,
            "gross_profit": 280747,
            "gross_margin": 18.39,
            "gross_margin_4q_avg": 18.05,
            "net_income": 160292,
            "revenue": 1526444,
            "common_shares": 890328,
            "book_valuer_per_share": 24.71,
            "book_valuer_per_share_4q_avg": 23.78,
            "equity": 2199757,
            "current_ratio": 177.57,
            "debt_ratio": 50.01,
            "inventory_turnover_ratio": 3.1,
            "account_receivable_turnover_ratio": null,
            "reinvestment_rate": 20.25,
            "research_to_sale_ratio": null,
            "price_fair": 297.12,
            "eps_avg_yearly": 8.49,
            "eps_latest_yearly": 7.28,
            "eps_growth_yearly": 40.83
        },
        "20052": {
            "year_quarter": 20052,
            "year": 2005,
            "quarter": 2,
            "eps": 1.66,
            "eps_growth_year": 13.7,
            "eps_4q": 7.09,
            "eps_4q_growth_year": -6.58,
            "roe": 7.61,
            "roe_4q": 33.45,
            "gross_profit": 285018,
            "gross_margin": 17.82,
            "gross_margin_4q_avg": 18.05,
            "net_income": 155360,
            "revenue": 1599048,
            "common_shares": 890328,
            "book_valuer_per_share": 21.18,
            "book_valuer_per_share_4q_avg": 22.92,
            "equity": 1885909,
            "current_ratio": 127.44,
            "debt_ratio": 59.33,
            "inventory_turnover_ratio": 6.33,
            "account_receivable_turnover_ratio": null,
            "reinvestment_rate": 21.37,
            "research_to_sale_ratio": null,
            "price_fair": 292.5,
            "eps_avg_yearly": 8.36,
            "eps_latest_yearly": 6.64,
            "eps_growth_yearly": 35.4
        },
        "20053": {
            "year_quarter": 20053,
            "year": 2005,
            "quarter": 3,
            "eps": 1.45,
            "eps_growth_year": -31.92,
            "eps_4q": 6.57,
            "eps_4q_growth_year": -19.22,
            "roe": 6.76,
            "roe_4q": 30.32,
            "gross_profit": 271700,
            "gross_margin": 17.75,
            "gross_margin_4q_avg": 18.05,
            "net_income": 136264,
            "revenue": 1530583,
            "common_shares": 956169,
            "book_valuer_per_share": 22.41,
            "book_valuer_per_share_4q_avg": 22.87,
            "equity": 2142940,
            "current_ratio": 143.82,
            "debt_ratio": 50.71,
            "inventory_turnover_ratio": 4.95,
            "account_receivable_turnover_ratio": null,
            "reinvestment_rate": 20.55,
            "research_to_sale_ratio": null,
            "price_fair": 286.53,
            "eps_avg_yearly": 8.19,
            "eps_latest_yearly": 5.8,
            "eps_growth_yearly": 29.67
        },
        "20054": {
            "year_quarter": 20054,
            "year": 2005,
            "quarter": 4,
            "eps": 1.84,
            "eps_growth_year": -4.66,
            "eps_4q": 6.61,
            "eps_4q_growth_year": -18.33,
            "roe": 7.84,
            "roe_4q": 29.8,
            "gross_profit": 310044,
            "gross_margin": 18.57,
            "gross_margin_4q_avg": 18.13,
            "net_income": 174251,
            "revenue": 1669605,
            "common_shares": 960596,
            "book_valuer_per_share": 23.94,
            "book_valuer_per_share_4q_avg": 23.06,
            "equity": 2300143,
            "current_ratio": 226.19,
            "debt_ratio": 51.18,
            "inventory_turnover_ratio": 2.19,
            "account_receivable_turnover_ratio": null,
            "reinvestment_rate": 27.48,
            "research_to_sale_ratio": null,
            "price_fair": 284.73,
            "eps_avg_yearly": 8.14,
            "eps_latest_yearly": 7.36,
            "eps_growth_yearly": 34.54
        },
        "20061": {
            "year_quarter": 20061,
            "year": 2006,
            "quarter": 1,
            "eps": 2.4,
            "eps_growth_year": 31.87,
            "eps_4q": 7.21,
            "eps_4q_growth_year": 0.43,
            "roe": 9.63,
            "roe_4q": 31.839999999999996,
            "gross_profit": 332639,
            "gross_margin": 19.89,
            "gross_margin_4q_avg": 18.51,
            "net_income": 232271,
            "revenue": 1672296,
            "common_shares": 970806,
            "book_valuer_per_share": 25.99,
            "book_valuer_per_share_4q_avg": 23.38,
            "equity": 2522723,
            "current_ratio": 165.66,
            "debt_ratio": 47.93,
            "inventory_turnover_ratio": 1.86,
            "account_receivable_turnover_ratio": null,
            "reinvestment_rate": 19.64,
            "research_to_sale_ratio": null,
            "price_fair": 288.31,
            "eps_avg_yearly": 8.24,
            "eps_latest_yearly": 9.6,
            "eps_growth_yearly": 30.29
        },
        "20062": {
            "year_quarter": 20062,
            "year": 2006,
            "quarter": 2,
            "eps": 1.91,
            "eps_growth_year": 15.06,
            "eps_4q": 7.19,
            "eps_4q_growth_year": 1.49,
            "roe": 8.14,
            "roe_4q": 32.370000000000005,
            "gross_profit": 332198,
            "gross_margin": 17.05,
            "gross_margin_4q_avg": 18.32,
            "net_income": 196275,
            "revenue": 1947895,
            "common_shares": 971479,
            "book_valuer_per_share": 23.65,
            "book_valuer_per_share_4q_avg": 24,
            "equity": 2297631,
            "current_ratio": 133.37,
            "debt_ratio": 55.42,
            "inventory_turnover_ratio": 3.21,
            "account_receivable_turnover_ratio": null,
            "reinvestment_rate": 18.24,
            "research_to_sale_ratio": null,
            "price_fair": 293.3,
            "eps_avg_yearly": 8.38,
            "eps_latest_yearly": 7.64,
            "eps_growth_yearly": 33.35
        },
        "20063": {
            "year_quarter": 20063,
            "year": 2006,
            "quarter": 3,
            "eps": 0.85,
            "eps_growth_year": -41.38,
            "eps_4q": 6.71,
            "eps_4q_growth_year": 2.1,
            "roe": 3.7,
            "roe_4q": 29.31,
            "gross_profit": 264113,
            "gross_margin": 16.89,
            "gross_margin_4q_avg": 18.1,
            "net_income": 87475,
            "revenue": 1563827,
            "common_shares": 1030284,
            "book_valuer_per_share": 23.56,
            "book_valuer_per_share_4q_avg": 24.29,
            "equity": 2427091,
            "current_ratio": 153.76,
            "debt_ratio": 45.4,
            "inventory_turnover_ratio": 2.49,
            "account_receivable_turnover_ratio": null,
            "reinvestment_rate": 18.48,
            "research_to_sale_ratio": null,
            "price_fair": 271.01,
            "eps_avg_yearly": 8.3,
            "eps_latest_yearly": 3.4,
            "eps_growth_yearly": 22.65
        },
        "20064": {
            "year_quarter": 20064,
            "year": 2006,
            "quarter": 4,
            "eps": 0.92,
            "eps_growth_year": -50,
            "eps_4q": 5.95,
            "eps_4q_growth_year": -10.09,
            "roe": 3.76,
            "roe_4q": 25.230000000000004,
            "gross_profit": 257683,
            "gross_margin": 17.06,
            "gross_margin_4q_avg": 17.72,
            "net_income": 94473,
            "revenue": 1510075,
            "common_shares": 1042100,
            "book_valuer_per_share": 24.12,
            "book_valuer_per_share_4q_avg": 24.33,
            "equity": 2604149,
            "current_ratio": 230.27,
            "debt_ratio": 45.98,
            "inventory_turnover_ratio": 1.34,
            "account_receivable_turnover_ratio": null,
            "reinvestment_rate": 35.41,
            "research_to_sale_ratio": null,
            "price_fair": 99.63,
            "eps_avg_yearly": 7.98,
            "eps_latest_yearly": 3.68,
            "eps_growth_yearly": 2.49
        },
        "20071": {
            "year_quarter": 20071,
            "year": 2007,
            "quarter": 1,
            "eps": 1.94,
            "eps_growth_year": -19.17,
            "eps_4q": 5.56,
            "eps_4q_growth_year": -22.86,
            "roe": 7.45,
            "roe_4q": 23.05,
            "gross_profit": 352065,
            "gross_margin": 17.46,
            "gross_margin_4q_avg": 17.12,
            "net_income": 202429,
            "revenue": 2016682,
            "common_shares": 1068433,
            "book_valuer_per_share": 26.48,
            "book_valuer_per_share_4q_avg": 24.45,
            "equity": 2829698,
            "current_ratio": 154.76,
            "debt_ratio": 43.68,
            "inventory_turnover_ratio": 1.78,
            "account_receivable_turnover_ratio": null,
            "reinvestment_rate": 17.06,
            "research_to_sale_ratio": null,
            "price_fair": 186.98,
            "eps_avg_yearly": 7.57,
            "eps_latest_yearly": 7.76,
            "eps_growth_yearly": 14.71
        },
        "20072": {
            "year_quarter": 20072,
            "year": 2007,
            "quarter": 2,
            "eps": 2.12,
            "eps_growth_year": 10.99,
            "eps_4q": 5.76,
            "eps_4q_growth_year": -19.91,
            "roe": 8.25,
            "roe_4q": 23.16,
            "gross_profit": 459778,
            "gross_margin": 21.05,
            "gross_margin_4q_avg": 18.12,
            "net_income": 223881,
            "revenue": 2184658,
            "common_shares": 1083052,
            "book_valuer_per_share": 24.01,
            "book_valuer_per_share_4q_avg": 24.54,
            "equity": 2600891,
            "current_ratio": 123.58,
            "debt_ratio": 52.43,
            "inventory_turnover_ratio": 3.53,
            "account_receivable_turnover_ratio": null,
            "reinvestment_rate": 16.49,
            "research_to_sale_ratio": null,
            "price_fair": 252.86,
            "eps_avg_yearly": 7.45,
            "eps_latest_yearly": 8.48,
            "eps_growth_yearly": 23.94
        },
        "20073": {
            "year_quarter": 20073,
            "year": 2007,
            "quarter": 3,
            "eps": 1.07,
            "eps_growth_year": 25.88,
            "eps_4q": 5.8,
            "eps_4q_growth_year": -13.58,
            "roe": 4.31,
            "roe_4q": 23.769999999999996,
            "gross_profit": 343662,
            "gross_margin": 18.8,
            "gross_margin_4q_avg": 18.59,
            "net_income": 117890,
            "revenue": 1827920,
            "common_shares": 1147806,
            "book_valuer_per_share": 24.98,
            "book_valuer_per_share_4q_avg": 24.9,
            "equity": 2867483,
            "current_ratio": 136.91,
            "debt_ratio": 43.96,
            "inventory_turnover_ratio": 3.15,
            "account_receivable_turnover_ratio": null,
            "reinvestment_rate": 15.54,
            "research_to_sale_ratio": null,
            "price_fair": 204.38,
            "eps_avg_yearly": 7.24,
            "eps_latest_yearly": 4.28,
            "eps_growth_yearly": 18.22
        },
        "20074": {
            "year_quarter": 20074,
            "year": 2007,
            "quarter": 4,
            "eps": 1.12,
            "eps_growth_year": 21.74,
            "eps_4q": 5.99,
            "eps_4q_growth_year": 0.76,
            "roe": 4.19,
            "roe_4q": 24.2,
            "gross_profit": 294595,
            "gross_margin": 14.14,
            "gross_margin_4q_avg": 17.86,
            "net_income": 125151,
            "revenue": 2083008,
            "common_shares": 1155487,
            "book_valuer_per_share": 26.12,
            "book_valuer_per_share_4q_avg": 25.4,
            "equity": 3101953,
            "current_ratio": 183.53,
            "debt_ratio": 46.1,
            "inventory_turnover_ratio": 1.95,
            "account_receivable_turnover_ratio": null,
            "reinvestment_rate": 47.43,
            "research_to_sale_ratio": null,
            "price_fair": 162.74,
            "eps_avg_yearly": 6.94,
            "eps_latest_yearly": 4.48,
            "eps_growth_yearly": 13.47
        },
        "20081": {
            "year_quarter": 20081,
            "year": 2008,
            "quarter": 1,
            "eps": 0.88,
            "eps_growth_year": -54.64,
            "eps_4q": 5.18,
            "eps_4q_growth_year": -6.88,
            "roe": 3.11,
            "roe_4q": 19.86,
            "gross_profit": 341453,
            "gross_margin": 15.75,
            "gross_margin_4q_avg": 17.44,
            "net_income": 96576,
            "revenue": 2167772,
            "common_shares": 1155620,
            "book_valuer_per_share": 26.18,
            "book_valuer_per_share_4q_avg": 25.32,
            "equity": 3103311,
            "current_ratio": 161.05,
            "debt_ratio": 48.45,
            "inventory_turnover_ratio": 1.31,
            "account_receivable_turnover_ratio": null,
            "reinvestment_rate": 61.43,
            "research_to_sale_ratio": null,
            "price_fair": 19.13,
            "eps_avg_yearly": 6.38,
            "eps_latest_yearly": 3.52,
            "eps_growth_yearly": -0.08
        },
        "20082": {
            "year_quarter": 20082,
            "year": 2008,
            "quarter": 2,
            "eps": 1.14,
            "eps_growth_year": -46.23,
            "eps_4q": 4.22,
            "eps_4q_growth_year": -26.78,
            "roe": 4.45,
            "roe_4q": 16.06,
            "gross_profit": 381313,
            "gross_margin": 16.01,
            "gross_margin_4q_avg": 16.18,
            "net_income": 129914,
            "revenue": 2381405,
            "common_shares": 1163346,
            "book_valuer_per_share": 22.91,
            "book_valuer_per_share_4q_avg": 25.05,
            "equity": 2737203,
            "current_ratio": 137.86,
            "debt_ratio": 52.67,
            "inventory_turnover_ratio": 1.43,
            "account_receivable_turnover_ratio": null,
            "reinvestment_rate": 60.89,
            "research_to_sale_ratio": null,
            "price_fair": 192.66,
            "eps_avg_yearly": 6.3,
            "eps_latest_yearly": 4.56,
            "eps_growth_yearly": 20.61
        },
        "20083": {
            "year_quarter": 20083,
            "year": 2008,
            "quarter": 3,
            "eps": 1.9,
            "eps_growth_year": 77.57,
            "eps_4q": 4.92,
            "eps_4q_growth_year": -15.05,
            "roe": 7.95,
            "roe_4q": 19.7,
            "gross_profit": 420633,
            "gross_margin": 17.34,
            "gross_margin_4q_avg": 15.81,
            "net_income": 227307,
            "revenue": 2426236,
            "common_shares": 1198551,
            "book_valuer_per_share": 24.23,
            "book_valuer_per_share_4q_avg": 24.86,
            "equity": 2977909,
            "current_ratio": 147.19,
            "debt_ratio": 46.94,
            "inventory_turnover_ratio": 1.68,
            "account_receivable_turnover_ratio": null,
            "reinvestment_rate": 66.09,
            "research_to_sale_ratio": null,
            "price_fair": 218.31,
            "eps_avg_yearly": 6.24,
            "eps_latest_yearly": 7.6,
            "eps_growth_yearly": 25.8
        },
        "20084": {
            "year_quarter": 20084,
            "year": 2008,
            "quarter": 4,
            "eps": 0.94,
            "eps_growth_year": -16.07,
            "eps_4q": 4.83,
            "eps_4q_growth_year": -19.31,
            "roe": 3.68,
            "roe_4q": 19.19,
            "gross_profit": 378066,
            "gross_margin": 18.89,
            "gross_margin_4q_avg": 17,
            "net_income": 111879,
            "revenue": 2001705,
            "common_shares": 1187899,
            "book_valuer_per_share": 25.55,
            "book_valuer_per_share_4q_avg": 24.72,
            "equity": 3107809,
            "current_ratio": 152.89,
            "debt_ratio": 44.94,
            "inventory_turnover_ratio": 1.59,
            "account_receivable_turnover_ratio": 4.15,
            "reinvestment_rate": 49.95,
            "research_to_sale_ratio": null,
            "price_fair": 152.84,
            "eps_avg_yearly": 5.99,
            "eps_latest_yearly": 3.76,
            "eps_growth_yearly": 15.52
        },
        "20091": {
            "year_quarter": 20091,
            "year": 2009,
            "quarter": 1,
            "eps": 2.42,
            "eps_growth_year": 175,
            "eps_4q": 6.28,
            "eps_4q_growth_year": 21.12,
            "roe": 8.88,
            "roe_4q": 24.96,
            "gross_profit": 332224,
            "gross_margin": 16.25,
            "gross_margin_4q_avg": 17.12,
            "net_income": 293382,
            "revenue": 2044025,
            "common_shares": 1189751,
            "book_valuer_per_share": 28.66,
            "book_valuer_per_share_4q_avg": 25.34,
            "equity": 3497338,
            "current_ratio": 201.59,
            "debt_ratio": 43.9,
            "inventory_turnover_ratio": 1.76,
            "account_receivable_turnover_ratio": 1.86,
            "reinvestment_rate": 57.4,
            "research_to_sale_ratio": null,
            "price_fair": 214.9,
            "eps_avg_yearly": 6.14,
            "eps_latest_yearly": 9.68,
            "eps_growth_yearly": 56.3
        },
        "20092": {
            "year_quarter": 20092,
            "year": 2009,
            "quarter": 2,
            "eps": 1.22,
            "eps_growth_year": 7.02,
            "eps_4q": 6.51,
            "eps_4q_growth_year": 54.31,
            "roe": 4.19,
            "roe_4q": 24.7,
            "gross_profit": 339080,
            "gross_margin": 15.34,
            "gross_margin_4q_avg": 16.96,
            "net_income": 144417,
            "revenue": 2211005,
            "common_shares": 1253979,
            "book_valuer_per_share": 26.13,
            "book_valuer_per_share_4q_avg": 26.14,
            "equity": 3402104,
            "current_ratio": 182.71,
            "debt_ratio": 43.85,
            "inventory_turnover_ratio": 2.41,
            "account_receivable_turnover_ratio": 1.84,
            "reinvestment_rate": 50.53,
            "research_to_sale_ratio": null,
            "price_fair": 211.05,
            "eps_avg_yearly": 6.03,
            "eps_latest_yearly": 4.88,
            "eps_growth_yearly": 46.1
        },
        "20093": {
            "year_quarter": 20093,
            "year": 2009,
            "quarter": 3,
            "eps": 0.28,
            "eps_growth_year": -85.26,
            "eps_4q": 4.67,
            "eps_4q_growth_year": -5.19,
            "roe": 1,
            "roe_4q": 17.75,
            "gross_profit": 231632,
            "gross_margin": 14.72,
            "gross_margin_4q_avg": 16.3,
            "net_income": 34691,
            "revenue": 1573993,
            "common_shares": 1293551,
            "book_valuer_per_share": 26.17,
            "book_valuer_per_share_4q_avg": 26.63,
            "equity": 3510672,
            "current_ratio": 192.8,
            "debt_ratio": 37.55,
            "inventory_turnover_ratio": 2.08,
            "account_receivable_turnover_ratio": 1.46,
            "reinvestment_rate": 49.35,
            "research_to_sale_ratio": null,
            "price_fair": 200.81,
            "eps_avg_yearly": 5.74,
            "eps_latest_yearly": 1.12,
            "eps_growth_yearly": 30
        },
        "20094": {
            "year_quarter": 20094,
            "year": 2009,
            "quarter": 4,
            "eps": 1.48,
            "eps_growth_year": 57.45,
            "eps_4q": 5.01,
            "eps_4q_growth_year": 3.55,
            "roe": 5.04,
            "roe_4q": 19.11,
            "gross_profit": 456722,
            "gross_margin": 16.67,
            "gross_margin_4q_avg": 15.75,
            "net_income": 181608,
            "revenue": 2739917,
            "common_shares": 1299374,
            "book_valuer_per_share": 27.52,
            "book_valuer_per_share_4q_avg": 27.12,
            "equity": 3696269,
            "current_ratio": 160.4,
            "debt_ratio": 47.12,
            "inventory_turnover_ratio": 2.56,
            "account_receivable_turnover_ratio": 3.54,
            "reinvestment_rate": 94,
            "research_to_sale_ratio": null,
            "price_fair": 197.66,
            "eps_avg_yearly": 5.65,
            "eps_latest_yearly": 5.92,
            "eps_growth_yearly": 130.42
        },
        "20101": {
            "year_quarter": 20101,
            "year": 2010,
            "quarter": 1,
            "eps": 1.62,
            "eps_growth_year": -33.06,
            "eps_4q": 4.32,
            "eps_4q_growth_year": -31.15,
            "roe": 5.56,
            "roe_4q": 15.79,
            "gross_profit": 506747,
            "gross_margin": 13.59,
            "gross_margin_4q_avg": 15.08,
            "net_income": 211971,
            "revenue": 3728316,
            "common_shares": 1312137,
            "book_valuer_per_share": 29,
            "book_valuer_per_share_4q_avg": 27.21,
            "equity": 3934553,
            "current_ratio": 158.8,
            "debt_ratio": 48.69,
            "inventory_turnover_ratio": 2.77,
            "account_receivable_turnover_ratio": 2,
            "reinvestment_rate": 119.18,
            "research_to_sale_ratio": 1.57,
            "price_fair": 190.84,
            "eps_avg_yearly": 5.45,
            "eps_latest_yearly": 6.48,
            "eps_growth_yearly": 125.18
        },
        "20102": {
            "year_quarter": 20102,
            "year": 2010,
            "quarter": 2,
            "eps": 1.91,
            "eps_growth_year": 56.31,
            "eps_4q": 5.12,
            "eps_4q_growth_year": -21.32,
            "roe": 6.76,
            "roe_4q": 18.36,
            "gross_profit": 543974,
            "gross_margin": 15.22,
            "gross_margin_4q_avg": 15.05,
            "net_income": 259463,
            "revenue": 3573728,
            "common_shares": 1312137,
            "book_valuer_per_share": 27.44,
            "book_valuer_per_share_4q_avg": 27.53,
            "equity": 3737608,
            "current_ratio": 148.65,
            "debt_ratio": 48.23,
            "inventory_turnover_ratio": 3.03,
            "account_receivable_turnover_ratio": 1.7,
            "reinvestment_rate": 132.16,
            "research_to_sale_ratio": 2.05,
            "price_fair": 190.84,
            "eps_avg_yearly": 5.45,
            "eps_latest_yearly": 7.64,
            "eps_growth_yearly": 134.76
        },
        "20103": {
            "year_quarter": 20103,
            "year": 2010,
            "quarter": 3,
            "eps": 0.46,
            "eps_growth_year": 65.76,
            "eps_4q": 5.32,
            "eps_4q_growth_year": 13.99,
            "roe": 1.73,
            "roe_4q": 19.09,
            "gross_profit": 341854,
            "gross_margin": 15.09,
            "gross_margin_4q_avg": 15.14,
            "net_income": 65449,
            "revenue": 2265036,
            "common_shares": 1312137,
            "book_valuer_per_share": 27.78,
            "book_valuer_per_share_4q_avg": 27.94,
            "equity": 3844109,
            "current_ratio": 165.75,
            "debt_ratio": 43.11,
            "inventory_turnover_ratio": 1.97,
            "account_receivable_turnover_ratio": 1.31,
            "reinvestment_rate": 136.76,
            "research_to_sale_ratio": 3.03,
            "price_fair": 187.43,
            "eps_avg_yearly": 5.36,
            "eps_latest_yearly": 1.84,
            "eps_growth_yearly": 129.65
        },
        "20104": {
            "year_quarter": 20104,
            "year": 2010,
            "quarter": 4,
            "eps": -0.3,
            "eps_growth_year": -120.42,
            "eps_4q": 3.51,
            "eps_4q_growth_year": -29.84,
            "roe": -1.01,
            "roe_4q": 13.04,
            "gross_profit": 264713,
            "gross_margin": 11.16,
            "gross_margin_4q_avg": 13.77,
            "net_income": -38730,
            "revenue": 2372367,
            "common_shares": 1350417,
            "book_valuer_per_share": 26.91,
            "book_valuer_per_share_4q_avg": 27.78,
            "equity": 3852112,
            "current_ratio": 147.6,
            "debt_ratio": 45.9,
            "inventory_turnover_ratio": 1.55,
            "account_receivable_turnover_ratio": 1.59,
            "reinvestment_rate": 108.6,
            "research_to_sale_ratio": 2.91,
            "price_fair": 191.33,
            "eps_avg_yearly": 5.47,
            "eps_latest_yearly": 1.84,
            "eps_growth_yearly": 136.1
        },
        "20111": {
            "year_quarter": 20111,
            "year": 2011,
            "quarter": 1,
            "eps": 0.44,
            "eps_growth_year": -72.84,
            "eps_4q": 2.4,
            "eps_4q_growth_year": -44.52,
            "roe": 1.52,
            "roe_4q": 9,
            "gross_profit": 320229,
            "gross_margin": 9.58,
            "gross_margin_4q_avg": 12.76,
            "net_income": 59146,
            "revenue": 3343871,
            "common_shares": 1350417,
            "book_valuer_per_share": 27.45,
            "book_valuer_per_share_4q_avg": 27.4,
            "equity": 3928195,
            "current_ratio": 137.76,
            "debt_ratio": 49.3,
            "inventory_turnover_ratio": 2.03,
            "account_receivable_turnover_ratio": 1.74,
            "reinvestment_rate": 162.63,
            "research_to_sale_ratio": 1.8,
            "price_fair": 185.6,
            "eps_avg_yearly": 5.3,
            "eps_latest_yearly": 1.84,
            "eps_growth_yearly": 114.14
        },
        "20112": {
            "year_quarter": 20112,
            "year": 2011,
            "quarter": 2,
            "eps": 0.73,
            "eps_growth_year": -61.65,
            "eps_4q": 1.28,
            "eps_4q_growth_year": -75.09,
            "roe": 2.3,
            "roe_4q": 4.539999999999999,
            "gross_profit": 306435,
            "gross_margin": 10.64,
            "gross_margin_4q_avg": 11.62,
            "net_income": 87069,
            "revenue": 2879831,
            "common_shares": 1350417,
            "book_valuer_per_share": 25.46,
            "book_valuer_per_share_4q_avg": 26.9,
            "equity": 3641559,
            "current_ratio": 133.14,
            "debt_ratio": 48.02,
            "inventory_turnover_ratio": 2.06,
            "account_receivable_turnover_ratio": 1.52,
            "reinvestment_rate": 171.2,
            "research_to_sale_ratio": 1.91,
            "price_fair": 171.7,
            "eps_avg_yearly": 4.91,
            "eps_latest_yearly": 2.92,
            "eps_growth_yearly": 130.33
        },
        "20113": {
            "year_quarter": 20113,
            "year": 2011,
            "quarter": 3,
            "eps": -0.45,
            "eps_growth_year": -196.68,
            "eps_4q": 0.38,
            "eps_4q_growth_year": -92.94,
            "roe": -2.18,
            "roe_4q": 0.6299999999999997,
            "gross_profit": -2202,
            "gross_margin": -0.13,
            "gross_margin_4q_avg": 7.81,
            "net_income": -79267,
            "revenue": 1648193,
            "common_shares": 1350417,
            "book_valuer_per_share": 25.61,
            "book_valuer_per_share_4q_avg": 26.36,
            "equity": 3642722,
            "current_ratio": 139.95,
            "debt_ratio": 42.18,
            "inventory_turnover_ratio": 1.46,
            "account_receivable_turnover_ratio": 1.27,
            "reinvestment_rate": 187.36,
            "research_to_sale_ratio": 3.39,
            "price_fair": 173.38,
            "eps_avg_yearly": 4.95,
            "eps_latest_yearly": 2.92,
            "eps_growth_yearly": 155.59
        },
        "20114": {
            "year_quarter": 20114,
            "year": 2011,
            "quarter": 4,
            "eps": 0.47,
            "eps_growth_year": null,
            "eps_4q": 1.15,
            "eps_4q_growth_year": -67.25,
            "roe": 1.48,
            "roe_4q": 3.1199999999999997,
            "gross_profit": 273894,
            "gross_margin": 10.13,
            "gross_margin_4q_avg": 7.56,
            "net_income": 54137,
            "revenue": 2702868,
            "common_shares": 1350417,
            "book_valuer_per_share": 25.93,
            "book_valuer_per_share_4q_avg": 26.11,
            "equity": 3671228,
            "current_ratio": 136.21,
            "debt_ratio": 51.83,
            "inventory_turnover_ratio": 1.58,
            "account_receivable_turnover_ratio": 1.77,
            "reinvestment_rate": 129.39,
            "research_to_sale_ratio": 2.18,
            "price_fair": 174.77,
            "eps_avg_yearly": 4.99,
            "eps_latest_yearly": 2.92,
            "eps_growth_yearly": 167
        },
        "20121": {
            "year_quarter": 20121,
            "year": 2012,
            "quarter": 1,
            "eps": 1.48,
            "eps_growth_year": 236.36,
            "eps_4q": 2.23,
            "eps_4q_growth_year": -6.89,
            "roe": 5.3,
            "roe_4q": 6.8999999999999995,
            "gross_profit": 514841,
            "gross_margin": 12.96,
            "gross_margin_4q_avg": 8.4,
            "net_income": 198890,
            "revenue": 3971218,
            "common_shares": 1343427,
            "book_valuer_per_share": 27.28,
            "book_valuer_per_share_4q_avg": 26.07,
            "equity": 3840333,
            "current_ratio": 139.15,
            "debt_ratio": 53.03,
            "inventory_turnover_ratio": 1.98,
            "account_receivable_turnover_ratio": 1.81,
            "reinvestment_rate": 116.16,
            "research_to_sale_ratio": 1.68,
            "price_fair": 181.77,
            "eps_avg_yearly": 5.19,
            "eps_latest_yearly": 5.92,
            "eps_growth_yearly": 245.77
        },
        "20122": {
            "year_quarter": 20122,
            "year": 2012,
            "quarter": 2,
            "eps": 1.16,
            "eps_growth_year": 58.96,
            "eps_4q": 2.66,
            "eps_4q_growth_year": 108.48,
            "roe": 4.15,
            "roe_4q": 8.75,
            "gross_profit": 413409,
            "gross_margin": 12.9,
            "gross_margin_4q_avg": 8.97,
            "net_income": 159779,
            "revenue": 3203791,
            "common_shares": 1343427,
            "book_valuer_per_share": 27.43,
            "book_valuer_per_share_4q_avg": 26.56,
            "equity": 3863972,
            "current_ratio": 154.27,
            "debt_ratio": 45.86,
            "inventory_turnover_ratio": 2.09,
            "account_receivable_turnover_ratio": 1.56,
            "reinvestment_rate": 119.54,
            "research_to_sale_ratio": 2.29,
            "price_fair": 182,
            "eps_avg_yearly": 5.2,
            "eps_latest_yearly": 4.64,
            "eps_growth_yearly": 228.72
        },
        "20123": {
            "year_quarter": 20123,
            "year": 2012,
            "quarter": 3,
            "eps": -0.32,
            "eps_growth_year": null,
            "eps_4q": 2.79,
            "eps_4q_growth_year": 640.92,
            "roe": -1.22,
            "roe_4q": 9.71,
            "gross_profit": 143487,
            "gross_margin": 7.44,
            "gross_margin_4q_avg": 10.86,
            "net_income": -46679,
            "revenue": 1929283,
            "common_shares": 1343427,
            "book_valuer_per_share": 26.92,
            "book_valuer_per_share_4q_avg": 26.89,
            "equity": 3792591,
            "current_ratio": 166.28,
            "debt_ratio": 41.57,
            "inventory_turnover_ratio": 1.49,
            "account_receivable_turnover_ratio": 1.32,
            "reinvestment_rate": 117.45,
            "research_to_sale_ratio": 4.16,
            "price_fair": 174.36,
            "eps_avg_yearly": 4.98,
            "eps_latest_yearly": 4.64,
            "eps_growth_yearly": 225.27
        },
        "20124": {
            "year_quarter": 20124,
            "year": 2012,
            "quarter": 4,
            "eps": 0.9,
            "eps_growth_year": 90.56,
            "eps_4q": 3.21,
            "eps_4q_growth_year": 179.12,
            "roe": 3.26,
            "roe_4q": 11.49,
            "gross_profit": 434442,
            "gross_margin": 13.85,
            "gross_margin_4q_avg": 11.79,
            "net_income": 125302,
            "revenue": 3137724,
            "common_shares": 1343427,
            "book_valuer_per_share": 27.65,
            "book_valuer_per_share_4q_avg": 27.32,
            "equity": 3895550,
            "current_ratio": 144.94,
            "debt_ratio": 52.02,
            "inventory_turnover_ratio": 1.53,
            "account_receivable_turnover_ratio": 1.82,
            "reinvestment_rate": 117.01,
            "research_to_sale_ratio": 2.38,
            "price_fair": 178.64,
            "eps_avg_yearly": 5.1,
            "eps_latest_yearly": 4.64,
            "eps_growth_yearly": 268
        },
        "20131": {
            "year_quarter": 20131,
            "year": 2013,
            "quarter": 1,
            "eps": 0.36,
            "eps_growth_year": -75.68,
            "eps_4q": 2.09,
            "eps_4q_growth_year": -6.23,
            "roe": 1.62,
            "roe_4q": 7.8100000000000005,
            "gross_profit": 334498,
            "gross_margin": 8.85,
            "gross_margin_4q_avg": 10.76,
            "net_income": 63984,
            "revenue": 3780862,
            "common_shares": 1343427,
            "book_valuer_per_share": 28.22,
            "book_valuer_per_share_4q_avg": 27.56,
            "equity": 3987481,
            "current_ratio": 157.96,
            "debt_ratio": 46.74,
            "inventory_turnover_ratio": 1.79,
            "account_receivable_turnover_ratio": 1.88,
            "reinvestment_rate": 4.36,
            "research_to_sale_ratio": 2,
            "price_fair": 149.8,
            "eps_avg_yearly": 4.28,
            "eps_latest_yearly": 1.44,
            "eps_growth_yearly": 181.02
        },
        "20132": {
            "year_quarter": 20132,
            "year": 2013,
            "quarter": 2,
            "eps": -0.73,
            "eps_growth_year": -162.8,
            "eps_4q": 0.2,
            "eps_4q_growth_year": -92.44,
            "roe": -2.44,
            "roe_4q": 1.22,
            "gross_profit": 64872,
            "gross_margin": 2.61,
            "gross_margin_4q_avg": 8.19,
            "net_income": -92702,
            "revenue": 2489208,
            "common_shares": 1343427,
            "book_valuer_per_share": 25.47,
            "book_valuer_per_share_4q_avg": 27.07,
            "equity": 3622684,
            "current_ratio": 158.27,
            "debt_ratio": 43.65,
            "inventory_turnover_ratio": 1.8,
            "account_receivable_turnover_ratio": 1.64,
            "reinvestment_rate": 14.32,
            "research_to_sale_ratio": 2.62,
            "price_fair": 147.47,
            "eps_avg_yearly": 4.21,
            "eps_latest_yearly": 1.44,
            "eps_growth_yearly": 223.18
        },
        "20133": {
            "year_quarter": 20133,
            "year": 2013,
            "quarter": 3,
            "eps": -1.18,
            "eps_growth_year": null,
            "eps_4q": -0.65,
            "eps_4q_growth_year": -123.39,
            "roe": -4.51,
            "roe_4q": -2.0699999999999994,
            "gross_profit": 55397,
            "gross_margin": 2.77,
            "gross_margin_4q_avg": 7.02,
            "net_income": -159646,
            "revenue": 2001225,
            "common_shares": 1343427,
            "book_valuer_per_share": 24.21,
            "book_valuer_per_share_4q_avg": 26.39,
            "equity": 3452397,
            "current_ratio": 148.51,
            "debt_ratio": 46.27,
            "inventory_turnover_ratio": 1.66,
            "account_receivable_turnover_ratio": 1.59,
            "reinvestment_rate": 20.96,
            "research_to_sale_ratio": 4.06,
            "price_fair": 161,
            "eps_avg_yearly": 4.6,
            "eps_latest_yearly": 1.44,
            "eps_growth_yearly": 289.6
        },
        "20134": {
            "year_quarter": 20134,
            "year": 2013,
            "quarter": 4,
            "eps": 0.6,
            "eps_growth_year": -33.62,
            "eps_4q": -0.95,
            "eps_4q_growth_year": -129.69,
            "roe": 2.47,
            "roe_4q": -2.8599999999999994,
            "gross_profit": 326900,
            "gross_margin": 10.19,
            "gross_margin_4q_avg": 6.11,
            "net_income": 86920,
            "revenue": 3206579,
            "common_shares": 1343427,
            "book_valuer_per_share": 25.07,
            "book_valuer_per_share_4q_avg": 25.74,
            "equity": 3574895,
            "current_ratio": 139.73,
            "debt_ratio": 53.18,
            "inventory_turnover_ratio": 1.84,
            "account_receivable_turnover_ratio": 1.84,
            "reinvestment_rate": -150.02,
            "research_to_sale_ratio": 2.59,
            "price_fair": 154.4,
            "eps_avg_yearly": 4.41,
            "eps_latest_yearly": 1.44,
            "eps_growth_yearly": 86.07
        },
        "20141": {
            "year_quarter": 20141,
            "year": 2014,
            "quarter": 1,
            "eps": 0.53,
            "eps_growth_year": 47.22,
            "eps_4q": -0.78,
            "eps_4q_growth_year": -137.3,
            "roe": 2.25,
            "roe_4q": -2.229999999999999,
            "gross_profit": 305729,
            "gross_margin": 9.59,
            "gross_margin_4q_avg": 6.29,
            "net_income": 81378,
            "revenue": 3186487,
            "common_shares": 1343427,
            "book_valuer_per_share": 25.71,
            "book_valuer_per_share_4q_avg": 25.12,
            "equity": 3671670,
            "current_ratio": 159.14,
            "debt_ratio": 45.58,
            "inventory_turnover_ratio": 1.8,
            "account_receivable_turnover_ratio": 1.6,
            "reinvestment_rate": -197.47,
            "research_to_sale_ratio": 2.39,
            "price_fair": 132.6,
            "eps_avg_yearly": 3.79,
            "eps_latest_yearly": 2.12,
            "eps_growth_yearly": 74
        },
        "20142": {
            "year_quarter": 20142,
            "year": 2014,
            "quarter": 2,
            "eps": -1.07,
            "eps_growth_year": null,
            "eps_4q": -1.12,
            "eps_4q_growth_year": -655.65,
            "roe": -4.09,
            "roe_4q": -3.8799999999999994,
            "gross_profit": 112235,
            "gross_margin": 5.39,
            "gross_margin_4q_avg": 6.99,
            "net_income": -144829,
            "revenue": 2081807,
            "common_shares": 1343427,
            "book_valuer_per_share": 23.88,
            "book_valuer_per_share_4q_avg": 24.72,
            "equity": 3416389,
            "current_ratio": 169.77,
            "debt_ratio": 40.57,
            "inventory_turnover_ratio": 1.6,
            "account_receivable_turnover_ratio": 1.51,
            "reinvestment_rate": -498.38,
            "research_to_sale_ratio": 3.46,
            "price_fair": 110.13,
            "eps_avg_yearly": 3.15,
            "eps_latest_yearly": 2.12,
            "eps_growth_yearly": 74.4
        },
        "20143": {
            "year_quarter": 20143,
            "year": 2014,
            "quarter": 3,
            "eps": -0.74,
            "eps_growth_year": null,
            "eps_4q": -0.68,
            "eps_4q_growth_year": null,
            "roe": -3.17,
            "roe_4q": -2.5399999999999996,
            "gross_profit": -529,
            "gross_margin": -0.03,
            "gross_margin_4q_avg": 6.29,
            "net_income": -107151,
            "revenue": 1627696,
            "common_shares": 1343427,
            "book_valuer_per_share": 23.34,
            "book_valuer_per_share_4q_avg": 24.5,
            "equity": 3336260,
            "current_ratio": 160.93,
            "debt_ratio": 40.86,
            "inventory_turnover_ratio": 1.46,
            "account_receivable_turnover_ratio": 1.65,
            "reinvestment_rate": -872.61,
            "research_to_sale_ratio": 4.27,
            "price_fair": 119.28,
            "eps_avg_yearly": 3.41,
            "eps_latest_yearly": 2.12,
            "eps_growth_yearly": 150.01
        },
        "20144": {
            "year_quarter": 20144,
            "year": 2014,
            "quarter": 4,
            "eps": 0.7,
            "eps_growth_year": 17.43,
            "eps_4q": -0.58,
            "eps_4q_growth_year": null,
            "roe": 2.98,
            "roe_4q": -2.0299999999999994,
            "gross_profit": 303324,
            "gross_margin": 11.5,
            "gross_margin_4q_avg": 6.61,
            "net_income": 102887,
            "revenue": 2636757,
            "common_shares": 1343427,
            "book_valuer_per_share": 24.37,
            "book_valuer_per_share_4q_avg": 24.33,
            "equity": 3564387,
            "current_ratio": 156.15,
            "debt_ratio": 44.87,
            "inventory_turnover_ratio": 1.88,
            "account_receivable_turnover_ratio": 1.87,
            "reinvestment_rate": -550.02,
            "research_to_sale_ratio": 2.64,
            "price_fair": 119.28,
            "eps_avg_yearly": 3.41,
            "eps_latest_yearly": 2.12,
            "eps_growth_yearly": 150.01
        },
        "20151": {
            "year_quarter": 20151,
            "year": 2015,
            "quarter": 1,
            "eps": 0.17,
            "eps_growth_year": -67.92,
            "eps_4q": -0.94,
            "eps_4q_growth_year": null,
            "roe": 0.92,
            "roe_4q": -3.36,
            "gross_profit": 292957,
            "gross_margin": 11.64,
            "gross_margin_4q_avg": 7.13,
            "net_income": 32799,
            "revenue": 2516559,
            "common_shares": 1343427,
            "book_valuer_per_share": 24.47,
            "book_valuer_per_share_4q_avg": 24.02,
            "equity": 3587973,
            "current_ratio": 172.48,
            "debt_ratio": 39.9,
            "inventory_turnover_ratio": 1.82,
            "account_receivable_turnover_ratio": 1.52,
            "reinvestment_rate": -689.44,
            "research_to_sale_ratio": 3.49,
            "price_fair": 103.37,
            "eps_avg_yearly": 2.95,
            "eps_latest_yearly": 0.68,
            "eps_growth_yearly": 74.53
        },
        "20152": {
            "year_quarter": 20152,
            "year": 2015,
            "quarter": 2,
            "eps": -1.39,
            "eps_growth_year": null,
            "eps_4q": -1.27,
            "eps_4q_growth_year": null,
            "roe": -4.97,
            "roe_4q": -4.24,
            "gross_profit": 62862,
            "gross_margin": 3.85,
            "gross_margin_4q_avg": 6.74,
            "net_income": -171813,
            "revenue": 1632518,
            "common_shares": 1343427,
            "book_valuer_per_share": 22.48,
            "book_valuer_per_share_4q_avg": 23.67,
            "equity": 3331480,
            "current_ratio": 190.03,
            "debt_ratio": 34.12,
            "inventory_turnover_ratio": 1.49,
            "account_receivable_turnover_ratio": 1.33,
            "reinvestment_rate": -3859.27,
            "research_to_sale_ratio": 5.08,
            "price_fair": 103.6,
            "eps_avg_yearly": 2.96,
            "eps_latest_yearly": 0.68,
            "eps_growth_yearly": 36.71
        },
        "20153": {
            "year_quarter": 20153,
            "year": 2015,
            "quarter": 3,
            "eps": 0.02,
            "eps_growth_year": null,
            "eps_4q": -0.51,
            "eps_4q_growth_year": null,
            "roe": 0.51,
            "roe_4q": -0.56,
            "gross_profit": 144961,
            "gross_margin": 7.35,
            "gross_margin_4q_avg": 8.59,
            "net_income": 17047,
            "revenue": 1973225,
            "common_shares": 1343427,
            "book_valuer_per_share": 22.87,
            "book_valuer_per_share_4q_avg": 23.55,
            "equity": 3386990,
            "current_ratio": 166.52,
            "debt_ratio": 40.12,
            "inventory_turnover_ratio": 1.7,
            "account_receivable_turnover_ratio": 1.61,
            "reinvestment_rate": -1903.49,
            "research_to_sale_ratio": 4.42,
            "price_fair": 103.6,
            "eps_avg_yearly": 2.96,
            "eps_latest_yearly": 0.68,
            "eps_growth_yearly": 36.71
        },
        "20154": {
            "year_quarter": 20154,
            "year": 2015,
            "quarter": 4,
            "eps": 1.26,
            "eps_growth_year": 80.02,
            "eps_4q": 0.05,
            "eps_4q_growth_year": null,
            "roe": 5.33,
            "roe_4q": 1.79,
            "gross_profit": 434607,
            "gross_margin": 16.31,
            "gross_margin_4q_avg": 9.79,
            "net_income": 184548,
            "revenue": 2663860,
            "common_shares": 1333757,
            "book_valuer_per_share": 23.97,
            "book_valuer_per_share_4q_avg": 23.45,
            "equity": 3539289,
            "current_ratio": 171.73,
            "debt_ratio": 40.28,
            "inventory_turnover_ratio": 1.94,
            "account_receivable_turnover_ratio": 1.48,
            "reinvestment_rate": -1040.29,
            "research_to_sale_ratio": 3.28,
            "price_fair": 115.73,
            "eps_avg_yearly": 3.31,
            "eps_latest_yearly": 5.04,
            "eps_growth_yearly": 4163.93
        },
        "20161": {
            "year_quarter": 20161,
            "year": 2016,
            "quarter": 1,
            "eps": 0.54,
            "eps_growth_year": 217.65,
            "eps_4q": 0.42,
            "eps_4q_growth_year": null,
            "roe": 2.34,
            "roe_4q": 3.21,
            "gross_profit": 353763,
            "gross_margin": 14.77,
            "gross_margin_4q_avg": 10.57,
            "net_income": 83621,
            "revenue": 2395037,
            "common_shares": 1333757,
            "book_valuer_per_share": 24.43,
            "book_valuer_per_share_4q_avg": 23.44,
            "equity": 3612428,
            "current_ratio": 194.32,
            "debt_ratio": 34.93,
            "inventory_turnover_ratio": 1.81,
            "account_receivable_turnover_ratio": 1.29,
            "reinvestment_rate": -2260.17,
            "research_to_sale_ratio": 3.36,
            "price_fair": 93.8,
            "eps_avg_yearly": 2.68,
            "eps_latest_yearly": 2.16,
            "eps_growth_yearly": 3982.57
        },
        "20162": {
            "year_quarter": 20162,
            "year": 2016,
            "quarter": 2,
            "eps": -0.14,
            "eps_growth_year": null,
            "eps_4q": 1.68,
            "eps_4q_growth_year": null,
            "roe": -0.05,
            "roe_4q": 8.13,
            "gross_profit": 149278,
            "gross_margin": 7.93,
            "gross_margin_4q_avg": 11.59,
            "net_income": -1736,
            "revenue": 1882440,
            "common_shares": 1333757,
            "book_valuer_per_share": 23.44,
            "book_valuer_per_share_4q_avg": 23.68,
            "equity": 3470258,
            "current_ratio": 218.4,
            "debt_ratio": 30.11,
            "inventory_turnover_ratio": 1.71,
            "account_receivable_turnover_ratio": 1.41,
            "reinvestment_rate": null,
            "research_to_sale_ratio": 3.86,
            "price_fair": 80.08,
            "eps_avg_yearly": 2.29,
            "eps_latest_yearly": 2.16,
            "eps_growth_yearly": 4796.38
        },
        "20163": {
            "year_quarter": 20163,
            "year": 2016,
            "quarter": 3,
            "eps": 0.28,
            "eps_growth_year": 1300,
            "eps_4q": 1.94,
            "eps_4q_growth_year": null,
            "roe": 1.22,
            "roe_4q": 8.84,
            "gross_profit": 261991,
            "gross_margin": 13.86,
            "gross_margin_4q_avg": 13.22,
            "net_income": 42431,
            "revenue": 1889869,
            "common_shares": 1333757,
            "book_valuer_per_share": 23.39,
            "book_valuer_per_share_4q_avg": 23.81,
            "equity": 3469309,
            "current_ratio": 208.59,
            "debt_ratio": 32.75,
            "inventory_turnover_ratio": 1.68,
            "account_receivable_turnover_ratio": 1.63,
            "reinvestment_rate": -22056.04,
            "research_to_sale_ratio": 4.09,
            "price_fair": 80.08,
            "eps_avg_yearly": 2.29,
            "eps_latest_yearly": 2.16,
            "eps_growth_yearly": 4796.38
        },
        "20164": {
            "year_quarter": 20164,
            "year": 2016,
            "quarter": 4,
            "eps": 1.91,
            "eps_growth_year": 51.99,
            "eps_4q": 2.59,
            "eps_4q_growth_year": 5427.6,
            "roe": 7.5,
            "roe_4q": 11.01,
            "gross_profit": 511916,
            "gross_margin": 18.38,
            "gross_margin_4q_avg": 13.74,
            "net_income": 269922,
            "revenue": 2784933,
            "common_shares": 1333757,
            "book_valuer_per_share": 25.2,
            "book_valuer_per_share_4q_avg": 24.12,
            "equity": 3724461,
            "current_ratio": 185.48,
            "debt_ratio": 40.34,
            "inventory_turnover_ratio": 1.95,
            "account_receivable_turnover_ratio": 1.57,
            "reinvestment_rate": -1767.79,
            "research_to_sale_ratio": 3.15,
            "price_fair": 111.3,
            "eps_avg_yearly": 3.18,
            "eps_latest_yearly": 7.64,
            "eps_growth_yearly": 4385.08
        },
        "20171": {
            "year_quarter": 20171,
            "year": 2017,
            "quarter": 1,
            "eps": 0.82,
            "eps_growth_year": 51.85,
            "eps_4q": 2.87,
            "eps_4q_growth_year": 588.51,
            "roe": 2.73,
            "roe_4q": 11.4,
            "gross_profit": 414133,
            "gross_margin": 15.51,
            "gross_margin_4q_avg": 13.92,
            "net_income": 102134,
            "revenue": 2669769,
            "common_shares": 1333757,
            "book_valuer_per_share": 25.47,
            "book_valuer_per_share_4q_avg": 24.38,
            "equity": 3754770,
            "current_ratio": 217.26,
            "debt_ratio": 34.33,
            "inventory_turnover_ratio": 1.85,
            "account_receivable_turnover_ratio": 1.32,
            "reinvestment_rate": -347.9,
            "research_to_sale_ratio": 3.09,
            "price_fair": 122.03,
            "eps_avg_yearly": 3.49,
            "eps_latest_yearly": 3.28,
            "eps_growth_yearly": 4387.03
        },
        "20172": {
            "year_quarter": 20172,
            "year": 2017,
            "quarter": 2,
            "eps": 0.65,
            "eps_growth_year": null,
            "eps_4q": 3.65,
            "eps_4q_growth_year": 117.34,
            "roe": 2.41,
            "roe_4q": 13.860000000000001,
            "gross_profit": 337333,
            "gross_margin": 14.38,
            "gross_margin_4q_avg": 15.53,
            "net_income": 89403,
            "revenue": 2345735,
            "common_shares": 1333757,
            "book_valuer_per_share": 24.96,
            "book_valuer_per_share_4q_avg": 24.76,
            "equity": 3662362,
            "current_ratio": 209.92,
            "debt_ratio": 36,
            "inventory_turnover_ratio": 1.86,
            "account_receivable_turnover_ratio": 1.48,
            "reinvestment_rate": -181.37,
            "research_to_sale_ratio": 3.65,
            "price_fair": 117.6,
            "eps_avg_yearly": 3.36,
            "eps_latest_yearly": 2.6,
            "eps_growth_yearly": 3748.47
        },
        "20173": {
            "year_quarter": 20173,
            "year": 2017,
            "quarter": 3,
            "eps": 0.43,
            "eps_growth_year": 53.57,
            "eps_4q": 3.75,
            "eps_4q_growth_year": 93.94,
            "roe": 1.55,
            "roe_4q": 14.19,
            "gross_profit": 317416,
            "gross_margin": 14.82,
            "gross_margin_4q_avg": 15.77,
            "net_income": 57767,
            "revenue": 2142303,
            "common_shares": 1353127,
            "book_valuer_per_share": 25.62,
            "book_valuer_per_share_4q_avg": 25.31,
            "equity": 3800321,
            "current_ratio": 210.77,
            "debt_ratio": 36.5,
            "inventory_turnover_ratio": 1.57,
            "account_receivable_turnover_ratio": 1.55,
            "reinvestment_rate": -115.41,
            "research_to_sale_ratio": 4.03,
            "price_fair": 110.43,
            "eps_avg_yearly": 3.16,
            "eps_latest_yearly": 1.72,
            "eps_growth_yearly": 3262.99
        },
        "20174": {
            "year_quarter": 20174,
            "year": 2017,
            "quarter": 4,
            "eps": 1.4,
            "eps_growth_year": -26.74,
            "eps_4q": 3.27,
            "eps_4q_growth_year": 26.22,
            "roe": 5.07,
            "roe_4q": 11.760000000000002,
            "gross_profit": 465718,
            "gross_margin": 15.35,
            "gross_margin_4q_avg": 15.02,
            "net_income": 197402,
            "revenue": 3033828,
            "common_shares": 1353127,
            "book_valuer_per_share": 26.95,
            "book_valuer_per_share_4q_avg": 25.75,
            "equity": 3987396,
            "current_ratio": 199.13,
            "debt_ratio": 39.82,
            "inventory_turnover_ratio": 1.83,
            "account_receivable_turnover_ratio": 1.67,
            "reinvestment_rate": -93.21,
            "research_to_sale_ratio": 3.05,
            "price_fair": 119.93,
            "eps_avg_yearly": 3.43,
            "eps_latest_yearly": 5.6,
            "eps_growth_yearly": 3000.69
        },
        "20181": {
            "year_quarter": 20181,
            "year": 2018,
            "quarter": 1,
            "eps": 0.41,
            "eps_growth_year": -50,
            "eps_4q": 2.87,
            "eps_4q_growth_year": 0.19,
            "roe": 1.18,
            "roe_4q": 10.21,
            "gross_profit": 358462,
            "gross_margin": 13.18,
            "gross_margin_4q_avg": 14.43,
            "net_income": 47318,
            "revenue": 2719805,
            "common_shares": 1353127,
            "book_valuer_per_share": 27.43,
            "book_valuer_per_share_4q_avg": 26.24,
            "equity": 4044845,
            "current_ratio": 220.49,
            "debt_ratio": 36.11,
            "inventory_turnover_ratio": 1.61,
            "account_receivable_turnover_ratio": 1.25,
            "reinvestment_rate": -93.8,
            "research_to_sale_ratio": 3.17,
            "price_fair": 118.07,
            "eps_avg_yearly": 3.37,
            "eps_latest_yearly": 1.64,
            "eps_growth_yearly": 2974.45
        },
        "20182": {
            "year_quarter": 20182,
            "year": 2018,
            "quarter": 2,
            "eps": 1.4,
            "eps_growth_year": 115.38,
            "eps_4q": 3.63,
            "eps_4q_growth_year": -0.55,
            "roe": 5.07,
            "roe_4q": 12.870000000000001,
            "gross_profit": 322747,
            "gross_margin": 12.22,
            "gross_margin_4q_avg": 13.89,
            "net_income": 201401,
            "revenue": 2641046,
            "common_shares": 1353127,
            "book_valuer_per_share": 26.29,
            "book_valuer_per_share_4q_avg": 26.57,
            "equity": 3892377,
            "current_ratio": 196.93,
            "debt_ratio": 40.18,
            "inventory_turnover_ratio": 1.72,
            "account_receivable_turnover_ratio": 1.28,
            "reinvestment_rate": -47.49,
            "research_to_sale_ratio": 3.48,
            "price_fair": 125.86,
            "eps_avg_yearly": 3.6,
            "eps_latest_yearly": 5.6,
            "eps_growth_yearly": 2773.59
        },
        "20183": {
            "year_quarter": 20183,
            "year": 2018,
            "quarter": 3,
            "eps": 0.7,
            "eps_growth_year": 62.79,
            "eps_4q": 3.91,
            "eps_4q_growth_year": 4.04,
            "roe": 2.66,
            "roe_4q": 13.98,
            "gross_profit": 315538,
            "gross_margin": 13.56,
            "gross_margin_4q_avg": 13.58,
            "net_income": 104218,
            "revenue": 2326119,
            "common_shares": 1353127,
            "book_valuer_per_share": 26.7,
            "book_valuer_per_share_4q_avg": 26.84,
            "equity": 3957501,
            "current_ratio": 194.95,
            "debt_ratio": 40.09,
            "inventory_turnover_ratio": 1.37,
            "account_receivable_turnover_ratio": 1.27,
            "reinvestment_rate": -28.88,
            "research_to_sale_ratio": 4.69,
            "price_fair": 123.33,
            "eps_avg_yearly": 3.52,
            "eps_latest_yearly": 2.8,
            "eps_growth_yearly": 2503.26
        },
        "20184": {
            "year_quarter": 20184,
            "year": 2018,
            "quarter": 4,
            "eps": 1.7,
            "eps_growth_year": 21.27,
            "eps_4q": 4.2,
            "eps_4q_growth_year": 28.58,
            "roe": 6.16,
            "roe_4q": 15.07,
            "gross_profit": 604431,
            "gross_margin": 17.63,
            "gross_margin_4q_avg": 14.15,
            "net_income": 251461,
            "revenue": 3427837,
            "common_shares": 1353127,
            "book_valuer_per_share": 28.43,
            "book_valuer_per_share_4q_avg": 27.21,
            "equity": 4213098,
            "current_ratio": 181.09,
            "debt_ratio": 44.59,
            "inventory_turnover_ratio": 1.51,
            "account_receivable_turnover_ratio": 1.57,
            "reinvestment_rate": -14.14,
            "research_to_sale_ratio": 3.52,
            "price_fair": 132.88,
            "eps_avg_yearly": 3.8,
            "eps_latest_yearly": 6.8,
            "eps_growth_yearly": 2342.28
        },
        "20191": {
            "year_quarter": 20191,
            "year": 2019,
            "quarter": 1,
            "eps": 1.52,
            "eps_growth_year": 270.73,
            "eps_4q": 5.32,
            "eps_4q_growth_year": 84.95,
            "roe": 5.04,
            "roe_4q": 18.93,
            "gross_profit": 565142,
            "gross_margin": 16.24,
            "gross_margin_4q_avg": 14.91,
            "net_income": 218706,
            "revenue": 3480857,
            "common_shares": 1353127,
            "book_valuer_per_share": 30.19,
            "book_valuer_per_share_4q_avg": 27.9,
            "equity": 4463509,
            "current_ratio": 208.14,
            "debt_ratio": 40.53,
            "inventory_turnover_ratio": 1.6,
            "account_receivable_turnover_ratio": 1.26,
            "reinvestment_rate": -3.22,
            "research_to_sale_ratio": 3.06,
            "price_fair": 148.63,
            "eps_avg_yearly": 4.25,
            "eps_latest_yearly": 6.08,
            "eps_growth_yearly": 2363.98
        },
        "20192": {
            "year_quarter": 20192,
            "year": 2019,
            "quarter": 2,
            "eps": 1.08,
            "eps_growth_year": -22.86,
            "eps_4q": 5,
            "eps_4q_growth_year": 37.54,
            "roe": 3.73,
            "roe_4q": 17.59,
            "gross_profit": 425148,
            "gross_margin": 15.61,
            "gross_margin_4q_avg": 15.76,
            "net_income": 163202,
            "revenue": 2723232,
            "common_shares": 1353127,
            "book_valuer_per_share": 28.97,
            "book_valuer_per_share_4q_avg": 28.57,
            "equity": 4297295,
            "current_ratio": 198.23,
            "debt_ratio": 42.31,
            "inventory_turnover_ratio": 1.56,
            "account_receivable_turnover_ratio": 1.09,
            "reinvestment_rate": 8.6,
            "research_to_sale_ratio": 4.07,
            "price_fair": 148.83,
            "eps_avg_yearly": 4.25,
            "eps_latest_yearly": 4.32,
            "eps_growth_yearly": 2173.23
        },
        "20193": {
            "year_quarter": 20193,
            "year": 2019,
            "quarter": 3,
            "eps": 0.56,
            "eps_growth_year": -20,
            "eps_4q": 4.86,
            "eps_4q_growth_year": 24.39,
            "roe": 2.18,
            "roe_4q": 17.11,
            "gross_profit": 367194,
            "gross_margin": 16.43,
            "gross_margin_4q_avg": 16.48,
            "net_income": 94271,
            "revenue": 2235025,
            "common_shares": 1353127,
            "book_valuer_per_share": 29.16,
            "book_valuer_per_share_4q_avg": 29.19,
            "equity": 4342516,
            "current_ratio": 199.03,
            "debt_ratio": 41.68,
            "inventory_turnover_ratio": 1.17,
            "account_receivable_turnover_ratio": 1.21,
            "reinvestment_rate": 12.16,
            "research_to_sale_ratio": 5.83,
            "price_fair": 143.8,
            "eps_avg_yearly": 4.11,
            "eps_latest_yearly": 2.24,
            "eps_growth_yearly": 2004.25
        },
        "20194": {
            "year_quarter": 20194,
            "year": 2019,
            "quarter": 4,
            "eps": 1.39,
            "eps_growth_year": -18.13,
            "eps_4q": 4.55,
            "eps_4q_growth_year": 8.23,
            "roe": 4.44,
            "roe_4q": 15.39,
            "gross_profit": 625842,
            "gross_margin": 18.86,
            "gross_margin_4q_avg": 16.79,
            "net_income": 196334,
            "revenue": 3317747,
            "common_shares": 1353127,
            "book_valuer_per_share": 30.32,
            "book_valuer_per_share_4q_avg": 29.66,
            "equity": 4506990,
            "current_ratio": 179.3,
            "debt_ratio": 45.49,
            "inventory_turnover_ratio": 1.45,
            "account_receivable_turnover_ratio": 1.6,
            "reinvestment_rate": 16.62,
            "research_to_sale_ratio": 4.32,
            "price_fair": 145.1,
            "eps_avg_yearly": 4.15,
            "eps_latest_yearly": 5.56,
            "eps_growth_yearly": 275.16
        },
        "20201": {
            "year_quarter": 20201,
            "year": 2020,
            "quarter": 1,
            "eps": 0.79,
            "eps_growth_year": -48.03,
            "eps_4q": 3.82,
            "eps_4q_growth_year": -28.1,
            "roe": 2.43,
            "roe_4q": 12.780000000000001,
            "gross_profit": 377354,
            "gross_margin": 14.06,
            "gross_margin_4q_avg": 16.24,
            "net_income": 111064,
            "revenue": 2684000,
            "common_shares": 1353127,
            "book_valuer_per_share": 31.11,
            "book_valuer_per_share_4q_avg": 29.89,
            "equity": 4618670,
            "current_ratio": 150.26,
            "debt_ratio": 49.82,
            "inventory_turnover_ratio": 1.26,
            "account_receivable_turnover_ratio": 1.14,
            "reinvestment_rate": 28.61,
            "research_to_sale_ratio": 4.13,
            "price_fair": 147.6,
            "eps_avg_yearly": 4.22,
            "eps_latest_yearly": 3.16,
            "eps_growth_yearly": 279.16
        },
        "20202": {
            "year_quarter": 20202,
            "year": 2020,
            "quarter": 2,
            "eps": 0.26,
            "eps_growth_year": -75.93,
            "eps_4q": 3,
            "eps_4q_growth_year": -39.94,
            "roe": 0.69,
            "roe_4q": 9.74,
            "gross_profit": 234009,
            "gross_margin": 11.24,
            "gross_margin_4q_avg": 15.15,
            "net_income": 30597,
            "revenue": 2081364,
            "common_shares": 1353127,
            "book_valuer_per_share": 28.93,
            "book_valuer_per_share_4q_avg": 29.88,
            "equity": 4288654,
            "current_ratio": 140.03,
            "debt_ratio": 51.07,
            "inventory_turnover_ratio": 1.11,
            "account_receivable_turnover_ratio": 1.01,
            "reinvestment_rate": 36.08,
            "research_to_sale_ratio": 4.79,
            "price_fair": 140.19,
            "eps_avg_yearly": 4.01,
            "eps_latest_yearly": 1.04,
            "eps_growth_yearly": 242.66
        },
        "20203": {
            "year_quarter": 20203,
            "year": 2020,
            "quarter": 3,
            "eps": 1.86,
            "eps_growth_year": 232.14,
            "eps_4q": 4.3,
            "eps_4q_growth_year": -11.51,
            "roe": 6.04,
            "roe_4q": 13.600000000000001,
            "gross_profit": 697270,
            "gross_margin": 21.55,
            "gross_margin_4q_avg": 16.43,
            "net_income": 267194,
            "revenue": 3235769,
            "common_shares": 1353127,
            "book_valuer_per_share": 30.76,
            "book_valuer_per_share_4q_avg": 30.28,
            "equity": 4552826,
            "current_ratio": 139.22,
            "debt_ratio": 54.08,
            "inventory_turnover_ratio": 1.52,
            "account_receivable_turnover_ratio": 1.31,
            "reinvestment_rate": 39.29,
            "research_to_sale_ratio": 3.82,
            "price_fair": 147.7,
            "eps_avg_yearly": 4.22,
            "eps_latest_yearly": 7.44,
            "eps_growth_yearly": 381.34
        },
        "20204": {
            "year_quarter": 20204,
            "year": 2020,
            "quarter": 4,
            "eps": 2.12,
            "eps_growth_year": 52.54,
            "eps_4q": 5.03,
            "eps_4q_growth_year": 10.56,
            "roe": 6.48,
            "roe_4q": 15.639999999999999,
            "gross_profit": 858932,
            "gross_margin": 21.08,
            "gross_margin_4q_avg": 16.98,
            "net_income": 305108,
            "revenue": 4074220,
            "common_shares": 1353127,
            "book_valuer_per_share": 32.96,
            "book_valuer_per_share_4q_avg": 30.94,
            "equity": 4868874,
            "current_ratio": 142.01,
            "debt_ratio": 54.99,
            "inventory_turnover_ratio": 1.6,
            "account_receivable_turnover_ratio": 1.35,
            "reinvestment_rate": 44.71,
            "research_to_sale_ratio": 4.63,
            "price_fair": 149.54,
            "eps_avg_yearly": 4.27,
            "eps_latest_yearly": 8.48,
            "eps_growth_yearly": 239.3
        },
        "20211": {
            "year_quarter": 20211,
            "year": 2021,
            "quarter": 1,
            "eps": 2.23,
            "eps_growth_year": 182.28,
            "eps_4q": 6.47,
            "eps_4q_growth_year": 69.3,
            "roe": 6.2,
            "roe_4q": 19.41,
            "gross_profit": 747728,
            "gross_margin": 18.66,
            "gross_margin_4q_avg": 18.13,
            "net_income": 311486,
            "revenue": 4006330,
            "common_shares": 1353127,
            "book_valuer_per_share": 35.15,
            "book_valuer_per_share_4q_avg": 31.95,
            "equity": 5174366,
            "current_ratio": 141.8,
            "debt_ratio": 55.15,
            "inventory_turnover_ratio": 1.45,
            "account_receivable_turnover_ratio": 1.13,
            "reinvestment_rate": 49.83,
            "research_to_sale_ratio": 3.62,
            "price_fair": 161.88,
            "eps_avg_yearly": 4.63,
            "eps_latest_yearly": 8.92,
            "eps_growth_yearly": 254.86
        },
        "20212": {
            "year_quarter": 20212,
            "year": 2021,
            "quarter": 2,
            "eps": 2.77,
            "eps_growth_year": 965.38,
            "eps_4q": 8.98,
            "eps_4q_growth_year": 199.14,
            "roe": 7.49,
            "roe_4q": 26.21,
            "gross_profit": 873983,
            "gross_margin": 20.06,
            "gross_margin_4q_avg": 20.34,
            "net_income": 400991,
            "revenue": 4357719,
            "common_shares": 1353127,
            "book_valuer_per_share": 37.76,
            "book_valuer_per_share_4q_avg": 34.16,
            "equity": 5535425,
            "current_ratio": 145.97,
            "debt_ratio": 53.6,
            "inventory_turnover_ratio": 1.47,
            "account_receivable_turnover_ratio": 1.16,
            "reinvestment_rate": 49.24,
            "research_to_sale_ratio": 3.94,
            "price_fair": 180.43,
            "eps_avg_yearly": 5.16,
            "eps_latest_yearly": 11.08,
            "eps_growth_yearly": 266.1
        },
        "20213": {
            "year_quarter": 20213,
            "year": 2021,
            "quarter": 3,
            "eps": 1.87,
            "eps_growth_year": 0.54,
            "eps_4q": 9.02,
            "eps_4q_growth_year": 109.84,
            "roe": 5.24,
            "roe_4q": 25.41,
            "gross_profit": 663198,
            "gross_margin": 18.02,
            "gross_margin_4q_avg": 19.46,
            "net_income": 287108,
            "revenue": 3680814,
            "common_shares": 1353127,
            "book_valuer_per_share": 36.81,
            "book_valuer_per_share_4q_avg": 35.67,
            "equity": 5426297,
            "current_ratio": 145.26,
            "debt_ratio": 51.84,
            "inventory_turnover_ratio": 1.15,
            "account_receivable_turnover_ratio": 1.16,
            "reinvestment_rate": 49.43,
            "research_to_sale_ratio": 4.35,
            "price_fair": 193.03,
            "eps_avg_yearly": 5.52,
            "eps_latest_yearly": 7.48,
            "eps_growth_yearly": 266.44
        },
        "20214": {
            "year_quarter": 20214,
            "year": 2021,
            "quarter": 4,
            "eps": 3.17,
            "eps_growth_year": 49.11,
            "eps_4q": 10.21,
            "eps_4q_growth_year": 103.02,
            "roe": 8.16,
            "roe_4q": 27.09,
            "gross_profit": 931703,
            "gross_margin": 19.16,
            "gross_margin_4q_avg": 18.98,
            "net_income": 452255,
            "revenue": 4863161,
            "common_shares": 1353127,
            "book_valuer_per_share": 39.09,
            "book_valuer_per_share_4q_avg": 37.2,
            "equity": 5652483,
            "current_ratio": 135.99,
            "debt_ratio": 56.62,
            "inventory_turnover_ratio": 1.33,
            "account_receivable_turnover_ratio": 1.41,
            "reinvestment_rate": 50.47,
            "research_to_sale_ratio": 3.97,
            "price_fair": 208.51,
            "eps_avg_yearly": 5.96,
            "eps_latest_yearly": 12.68,
            "eps_growth_yearly": 227.42
        },
        "20221": {
            "year_quarter": 20221,
            "year": 2022,
            "quarter": 1,
            "eps": 3.64,
            "eps_growth_year": 63.23,
            "eps_4q": 11.54,
            "eps_4q_growth_year": 78.37,
            "roe": 8.75,
            "roe_4q": 29.64,
            "gross_profit": 915131,
            "gross_margin": 18.37,
            "gross_margin_4q_avg": 18.9,
            "net_income": 520951,
            "revenue": 4981212,
            "common_shares": 1353127,
            "book_valuer_per_share": 43.19,
            "book_valuer_per_share_4q_avg": 39.21,
            "equity": 6249200,
            "current_ratio": 143.24,
            "debt_ratio": 53.55,
            "inventory_turnover_ratio": 1.24,
            "account_receivable_turnover_ratio": 1.19,
            "reinvestment_rate": 51.44,
            "research_to_sale_ratio": 3.22,
            "price_fair": 236.78,
            "eps_avg_yearly": 6.77,
            "eps_latest_yearly": 14.56,
            "eps_growth_yearly": 248.8
        },
        "20222": {
            "year_quarter": 20222,
            "year": 2022,
            "quarter": 2,
            "eps": 4.59,
            "eps_growth_year": 65.7,
            "eps_4q": 13.29,
            "eps_4q_growth_year": 48.04,
            "roe": 10.86,
            "roe_4q": 33.01,
            "gross_profit": 1047544,
            "gross_margin": 18.98,
            "gross_margin_4q_avg": 18.63,
            "net_income": 672927,
            "revenue": 5520290,
            "common_shares": 1353127,
            "book_valuer_per_share": 42.33,
            "book_valuer_per_share_4q_avg": 40.36,
            "equity": 6145995,
            "current_ratio": 134.96,
            "debt_ratio": 56.29,
            "inventory_turnover_ratio": 1.37,
            "account_receivable_turnover_ratio": 1.34,
            "reinvestment_rate": 49.06,
            "research_to_sale_ratio": 3.39,
            "price_fair": 264.69,
            "eps_avg_yearly": 7.56,
            "eps_latest_yearly": 18.36,
            "eps_growth_yearly": 194.96
        },
        "20223": {
            "year_quarter": 20223,
            "year": 2022,
            "quarter": 3,
            "eps": 4.74,
            "eps_growth_year": 153.48,
            "eps_4q": 16.12,
            "eps_4q_growth_year": 78.72,
            "roe": 10.67,
            "roe_4q": 38.44,
            "gross_profit": 996184,
            "gross_margin": 20,
            "gross_margin_4q_avg": 19.13,
            "net_income": 698819,
            "revenue": 4981604,
            "common_shares": 1353127,
            "book_valuer_per_share": 47.92,
            "book_valuer_per_share_4q_avg": 43.13,
            "equity": 6956985,
            "current_ratio": 163.07,
            "debt_ratio": 55,
            "inventory_turnover_ratio": 1.12,
            "account_receivable_turnover_ratio": 1.28,
            "reinvestment_rate": 44.22,
            "research_to_sale_ratio": 4.1,
            "price_fair": 300.04,
            "eps_avg_yearly": 8.57,
            "eps_latest_yearly": 18.96,
            "eps_growth_yearly": 208.28
        },
        "20224": {
            "year_quarter": 20224,
            "year": 2022,
            "quarter": 4,
            "eps": 3.91,
            "eps_growth_year": 23.49,
            "eps_4q": 16.7,
            "eps_4q_growth_year": 63.47,
            "roe": 8.27,
            "roe_4q": 38.55,
            "gross_profit": 1395975,
            "gross_margin": 23.5,
            "gross_margin_4q_avg": 20.21,
            "net_income": 607540,
            "revenue": 5939679,
            "common_shares": 1371929,
            "book_valuer_per_share": 52.13,
            "book_valuer_per_share_4q_avg": 46.39,
            "equity": 7737096,
            "current_ratio": 172.09,
            "debt_ratio": 53.99,
            "inventory_turnover_ratio": 1.13,
            "account_receivable_turnover_ratio": 1.34,
            "reinvestment_rate": 41.86,
            "research_to_sale_ratio": 3.45,
            "price_fair": 319.38,
            "eps_avg_yearly": 9.13,
            "eps_latest_yearly": 15.64,
            "eps_growth_yearly": 168.19
        },
        "20231": {
            "year_quarter": 20231,
            "year": 2023,
            "quarter": 1,
            "eps": 1.87,
            "eps_growth_year": -48.63,
            "eps_4q": 14.63,
            "eps_4q_growth_year": 26.8,
            "roe": 4.4,
            "roe_4q": 34.2,
            "gross_profit": 836633,
            "gross_margin": 16.79,
            "gross_margin_4q_avg": 19.82,
            "net_income": 324562,
            "revenue": 4984134,
            "common_shares": 1402003,
            "book_valuer_per_share": 45.82,
            "book_valuer_per_share_4q_avg": 47.05,
            "equity": 7025940,
            "current_ratio": 160.89,
            "debt_ratio": 54.79,
            "inventory_turnover_ratio": 1.21,
            "account_receivable_turnover_ratio": 1.09,
            "reinvestment_rate": 40.62,
            "research_to_sale_ratio": 3.45,
            "price_fair": 322.44,
            "eps_avg_yearly": 9.21,
            "eps_latest_yearly": 7.48,
            "eps_growth_yearly": 157.79
        }
    },
    "months": {
        "2002-12": {
            "month": "2002-12",
            "price": "77.68",
            "revenue": 428759
        },
        "2003-01": {
            "month": "2003-01",
            "price": "70.53",
            "revenue": 454926
        },
        "2003-02": {
            "month": "2003-02",
            "price": "65.38",
            "revenue": 342251
        },
        "2003-03": {
            "month": "2003-03",
            "price": "68.55",
            "revenue": 417577
        },
        "2003-04": {
            "month": "2003-04",
            "price": "72.59",
            "revenue": 419918
        },
        "2003-05": {
            "month": "2003-05",
            "price": "79.48",
            "revenue": 382739
        },
        "2003-06": {
            "month": "2003-06",
            "price": "88.65",
            "revenue": 405862
        },
        "2003-07": {
            "month": "2003-07",
            "price": "107.91",
            "revenue": 342841
        },
        "2003-08": {
            "month": "2003-08",
            "price": "101.14",
            "revenue": 340385
        },
        "2003-09": {
            "month": "2003-09",
            "price": "104.62",
            "revenue": 369856
        },
        "2003-10": {
            "month": "2003-10",
            "price": "101.02",
            "revenue": 394298
        },
        "2003-11": {
            "month": "2003-11",
            "price": "101.18",
            "revenue": 406333
        },
        "2003-12": {
            "month": "2003-12",
            "price": "101.67",
            "revenue": 470416
        },
        "2004-01": {
            "month": "2004-01",
            "price": "103.10",
            "revenue": 476064
        },
        "2004-02": {
            "month": "2004-02",
            "price": "107.75",
            "revenue": 489969
        },
        "2004-03": {
            "month": "2004-03",
            "price": "103.39",
            "revenue": 481744
        },
        "2004-04": {
            "month": "2004-04",
            "price": "97.55",
            "revenue": 480753
        },
        "2004-05": {
            "month": "2004-05",
            "price": "86.24",
            "revenue": 474127
        },
        "2004-06": {
            "month": "2004-06",
            "price": "78.02",
            "revenue": 381747
        },
        "2004-07": {
            "month": "2004-07",
            "price": "67.30",
            "revenue": 480489
        },
        "2004-08": {
            "month": "2004-08",
            "price": "62.55",
            "revenue": 530852
        },
        "2004-09": {
            "month": "2004-09",
            "price": "67.62",
            "revenue": 504759
        },
        "2004-10": {
            "month": "2004-10",
            "price": "65.20",
            "revenue": 495206
        },
        "2004-11": {
            "month": "2004-11",
            "price": "62.68",
            "revenue": 445449
        },
        "2004-12": {
            "month": "2004-12",
            "price": "60.28",
            "revenue": 583212
        },
        "2005-01": {
            "month": "2005-01",
            "price": "60.74",
            "revenue": 536984
        },
        "2005-02": {
            "month": "2005-02",
            "price": "65.38",
            "revenue": 418198
        },
        "2005-03": {
            "month": "2005-03",
            "price": "64.38",
            "revenue": 571262
        },
        "2005-04": {
            "month": "2005-04",
            "price": "64.30",
            "revenue": 610522
        },
        "2005-05": {
            "month": "2005-05",
            "price": "64.22",
            "revenue": 458385
        },
        "2005-06": {
            "month": "2005-06",
            "price": "65.15",
            "revenue": 530141
        },
        "2005-07": {
            "month": "2005-07",
            "price": "65.62",
            "revenue": 500462
        },
        "2005-08": {
            "month": "2005-08",
            "price": "56.95",
            "revenue": 511456
        },
        "2005-09": {
            "month": "2005-09",
            "price": "54.66",
            "revenue": 518665
        },
        "2005-10": {
            "month": "2005-10",
            "price": "51.65",
            "revenue": 511911
        },
        "2005-11": {
            "month": "2005-11",
            "price": "49.75",
            "revenue": 570545
        },
        "2005-12": {
            "month": "2005-12",
            "price": "52.60",
            "revenue": 587148
        },
        "2006-01": {
            "month": "2006-01",
            "price": "53.36",
            "revenue": 518072
        },
        "2006-02": {
            "month": "2006-02",
            "price": "52.34",
            "revenue": 493901
        },
        "2006-03": {
            "month": "2006-03",
            "price": "51.79",
            "revenue": 660324
        },
        "2006-04": {
            "month": "2006-04",
            "price": "55.45",
            "revenue": 686410
        },
        "2006-05": {
            "month": "2006-05",
            "price": "65.18",
            "revenue": 611270
        },
        "2006-06": {
            "month": "2006-06",
            "price": "58.42",
            "revenue": 650213
        },
        "2006-07": {
            "month": "2006-07",
            "price": "56.39",
            "revenue": 542128
        },
        "2006-08": {
            "month": "2006-08",
            "price": "54.74",
            "revenue": 502609
        },
        "2006-09": {
            "month": "2006-09",
            "price": "55.32",
            "revenue": 519089
        },
        "2006-10": {
            "month": "2006-10",
            "price": "57.86",
            "revenue": 513435
        },
        "2006-11": {
            "month": "2006-11",
            "price": "57.84",
            "revenue": 501917
        },
        "2006-12": {
            "month": "2006-12",
            "price": "57.30",
            "revenue": 494723
        },
        "2007-01": {
            "month": "2007-01",
            "price": "59.98",
            "revenue": 694428
        },
        "2007-02": {
            "month": "2007-02",
            "price": "63.35",
            "revenue": 511121
        },
        "2007-03": {
            "month": "2007-03",
            "price": "69.34",
            "revenue": 811133
        },
        "2007-04": {
            "month": "2007-04",
            "price": "70.16",
            "revenue": 794420
        },
        "2007-05": {
            "month": "2007-05",
            "price": "68.68",
            "revenue": 715666
        },
        "2007-06": {
            "month": "2007-06",
            "price": "68.66",
            "revenue": 674571
        },
        "2007-07": {
            "month": "2007-07",
            "price": "74.23",
            "revenue": 605040
        },
        "2007-08": {
            "month": "2007-08",
            "price": "87.66",
            "revenue": 614429
        },
        "2007-09": {
            "month": "2007-09",
            "price": "84.75",
            "revenue": 608451
        },
        "2007-10": {
            "month": "2007-10",
            "price": "77.35",
            "revenue": 718833
        },
        "2007-11": {
            "month": "2007-11",
            "price": "68.95",
            "revenue": 746672
        },
        "2007-12": {
            "month": "2007-12",
            "price": "63.81",
            "revenue": 617505
        },
        "2008-01": {
            "month": "2008-01",
            "price": "58.09",
            "revenue": 731123
        },
        "2008-02": {
            "month": "2008-02",
            "price": "56.56",
            "revenue": 611180
        },
        "2008-03": {
            "month": "2008-03",
            "price": "58.83",
            "revenue": 687052
        },
        "2008-04": {
            "month": "2008-04",
            "price": "60.58",
            "revenue": 771969
        },
        "2008-05": {
            "month": "2008-05",
            "price": "59.13",
            "revenue": 829370
        },
        "2008-06": {
            "month": "2008-06",
            "price": "56.33",
            "revenue": 611744
        },
        "2008-07": {
            "month": "2008-07",
            "price": "46.59",
            "revenue": 718650
        },
        "2008-08": {
            "month": "2008-08",
            "price": "45.11",
            "revenue": 820879
        },
        "2008-09": {
            "month": "2008-09",
            "price": "41.72",
            "revenue": 722789
        },
        "2008-10": {
            "month": "2008-10",
            "price": "33.72",
            "revenue": 660148
        },
        "2008-11": {
            "month": "2008-11",
            "price": "31.73",
            "revenue": 652982
        },
        "2008-12": {
            "month": "2008-12",
            "price": "32.27",
            "revenue": 500656
        },
        "2009-01": {
            "month": "2009-01",
            "price": "31.87",
            "revenue": 600323
        },
        "2009-02": {
            "month": "2009-02",
            "price": "32.36",
            "revenue": 589128
        },
        "2009-03": {
            "month": "2009-03",
            "price": "36.23",
            "revenue": 624898
        },
        "2009-04": {
            "month": "2009-04",
            "price": "40.06",
            "revenue": 823993
        },
        "2009-05": {
            "month": "2009-05",
            "price": "55.67",
            "revenue": 771511
        },
        "2009-06": {
            "month": "2009-06",
            "price": "57.79",
            "revenue": 466703
        },
        "2009-07": {
            "month": "2009-07",
            "price": "52.57",
            "revenue": 521677
        },
        "2009-08": {
            "month": "2009-08",
            "price": "59.29",
            "revenue": 418699
        },
        "2009-09": {
            "month": "2009-09",
            "price": "61.80",
            "revenue": 640792
        },
        "2009-10": {
            "month": "2009-10",
            "price": "60.82",
            "revenue": 831553
        },
        "2009-11": {
            "month": "2009-11",
            "price": "58.56",
            "revenue": 965437
        },
        "2009-12": {
            "month": "2009-12",
            "price": "59.52",
            "revenue": 929369
        },
        "2010-01": {
            "month": "2010-01",
            "price": "73.70",
            "revenue": 1488231
        },
        "2010-02": {
            "month": "2010-02",
            "price": "69.67",
            "revenue": 1079902
        },
        "2010-03": {
            "month": "2010-03",
            "price": "71.00",
            "revenue": 1169024
        },
        "2010-04": {
            "month": "2010-04",
            "price": "68.34",
            "revenue": 1480875
        },
        "2010-05": {
            "month": "2010-05",
            "price": "60.91",
            "revenue": 1138236
        },
        "2010-06": {
            "month": "2010-06",
            "price": "58.30",
            "revenue": 937329
        },
        "2010-07": {
            "month": "2010-07",
            "price": "58.55",
            "revenue": 727165
        },
        "2010-08": {
            "month": "2010-08",
            "price": "58.58",
            "revenue": 804200
        },
        "2010-09": {
            "month": "2010-09",
            "price": "59.56",
            "revenue": 745775
        },
        "2010-10": {
            "month": "2010-10",
            "price": "61.69",
            "revenue": 631804
        },
        "2010-11": {
            "month": "2010-11",
            "price": "56.83",
            "revenue": 663844
        },
        "2010-12": {
            "month": "2010-12",
            "price": "59.60",
            "revenue": 1075791
        },
        "2011-01": {
            "month": "2011-01",
            "price": "59.56",
            "revenue": 1124184
        },
        "2011-02": {
            "month": "2011-02",
            "price": "56.74",
            "revenue": 883821
        },
        "2011-03": {
            "month": "2011-03",
            "price": "56.07",
            "revenue": 1335744
        },
        "2011-04": {
            "month": "2011-04",
            "price": "61.93",
            "revenue": 1298062
        },
        "2011-05": {
            "month": "2011-05",
            "price": "58.40",
            "revenue": 1022293
        },
        "2011-06": {
            "month": "2011-06",
            "price": "51.39",
            "revenue": 559500
        },
        "2011-07": {
            "month": "2011-07",
            "price": "42.63",
            "revenue": 570818
        },
        "2011-08": {
            "month": "2011-08",
            "price": "35.34",
            "revenue": 510212
        },
        "2011-09": {
            "month": "2011-09",
            "price": "34.34",
            "revenue": 567164
        },
        "2011-10": {
            "month": "2011-10",
            "price": "34.32",
            "revenue": 620747
        },
        "2011-11": {
            "month": "2011-11",
            "price": "30.62",
            "revenue": 850012
        },
        "2011-12": {
            "month": "2011-12",
            "price": "28.61",
            "revenue": 1232108
        },
        "2012-01": {
            "month": "2012-01",
            "price": "30.37",
            "revenue": 1239963
        },
        "2012-02": {
            "month": "2012-02",
            "price": "36.24",
            "revenue": 1416959
        },
        "2012-03": {
            "month": "2012-03",
            "price": "39.45",
            "revenue": 1314297
        },
        "2012-04": {
            "month": "2012-04",
            "price": "36.08",
            "revenue": 1438654
        },
        "2012-05": {
            "month": "2012-05",
            "price": "37.90",
            "revenue": 1017616
        },
        "2012-06": {
            "month": "2012-06",
            "price": "36.62",
            "revenue": 747523
        },
        "2012-07": {
            "month": "2012-07",
            "price": "36.63",
            "revenue": 621182
        },
        "2012-08": {
            "month": "2012-08",
            "price": "39.68",
            "revenue": 700703
        },
        "2012-09": {
            "month": "2012-09",
            "price": "44.35",
            "revenue": 607412
        },
        "2012-10": {
            "month": "2012-10",
            "price": "41.92",
            "revenue": 801361
        },
        "2012-11": {
            "month": "2012-11",
            "price": "39.56",
            "revenue": 1225240
        },
        "2012-12": {
            "month": "2012-12",
            "price": "41.31",
            "revenue": 1111123
        },
        "2013-01": {
            "month": "2013-01",
            "price": "41.84",
            "revenue": 1917431
        },
        "2013-02": {
            "month": "2013-02",
            "price": "42.87",
            "revenue": 919678
        },
        "2013-03": {
            "month": "2013-03",
            "price": "42.06",
            "revenue": 943753
        },
        "2013-04": {
            "month": "2013-04",
            "price": "38.77",
            "revenue": 1298333
        },
        "2013-05": {
            "month": "2013-05",
            "price": "35.74",
            "revenue": 691525
        },
        "2013-06": {
            "month": "2013-06",
            "price": "32.94",
            "revenue": 499337
        },
        "2013-07": {
            "month": "2013-07",
            "price": "31.79",
            "revenue": 634574
        },
        "2013-08": {
            "month": "2013-08",
            "price": "31.10",
            "revenue": 689333
        },
        "2013-09": {
            "month": "2013-09",
            "price": "30.02",
            "revenue": 677317
        },
        "2013-10": {
            "month": "2013-10",
            "price": "31.58",
            "revenue": 863616
        },
        "2013-11": {
            "month": "2013-11",
            "price": "29.87",
            "revenue": 1221937
        },
        "2013-12": {
            "month": "2013-12",
            "price": "31.62",
            "revenue": 1121027
        },
        "2014-01": {
            "month": "2014-01",
            "price": "31.76",
            "revenue": 1435166
        },
        "2014-02": {
            "month": "2014-02",
            "price": "32.10",
            "revenue": 897012
        },
        "2014-03": {
            "month": "2014-03",
            "price": "31.15",
            "revenue": 854310
        },
        "2014-04": {
            "month": "2014-04",
            "price": "31.13",
            "revenue": 972159
        },
        "2014-05": {
            "month": "2014-05",
            "price": "29.92",
            "revenue": 688091
        },
        "2014-06": {
            "month": "2014-06",
            "price": "29.50",
            "revenue": 421556
        },
        "2014-07": {
            "month": "2014-07",
            "price": "28.79",
            "revenue": 564218
        },
        "2014-08": {
            "month": "2014-08",
            "price": "28.01",
            "revenue": 473803
        },
        "2014-09": {
            "month": "2014-09",
            "price": "25.38",
            "revenue": 589675
        },
        "2014-10": {
            "month": "2014-10",
            "price": "22.25",
            "revenue": 860739
        },
        "2014-11": {
            "month": "2014-11",
            "price": "20.22",
            "revenue": 868887
        },
        "2014-12": {
            "month": "2014-12",
            "price": "21.20",
            "revenue": 907131
        },
        "2015-01": {
            "month": "2015-01",
            "price": "22.68",
            "revenue": 1255979
        },
        "2015-02": {
            "month": "2015-02",
            "price": "23.73",
            "revenue": 627336
        },
        "2015-03": {
            "month": "2015-03",
            "price": "23.83",
            "revenue": 633244
        },
        "2015-04": {
            "month": "2015-04",
            "price": "25.54",
            "revenue": 772840
        },
        "2015-05": {
            "month": "2015-05",
            "price": "22.45",
            "revenue": 471313
        },
        "2015-06": {
            "month": "2015-06",
            "price": "22.32",
            "revenue": 388365
        },
        "2015-07": {
            "month": "2015-07",
            "price": "20.72",
            "revenue": 551652
        },
        "2015-08": {
            "month": "2015-08",
            "price": "18.03",
            "revenue": 696124
        },
        "2015-09": {
            "month": "2015-09",
            "price": "18.70",
            "revenue": 725449
        },
        "2015-10": {
            "month": "2015-10",
            "price": "20.53",
            "revenue": 813556
        },
        "2015-11": {
            "month": "2015-11",
            "price": "20.65",
            "revenue": 934470
        },
        "2015-12": {
            "month": "2015-12",
            "price": "19.47",
            "revenue": 915834
        },
        "2016-01": {
            "month": "2016-01",
            "price": "18.58",
            "revenue": 1089225
        },
        "2016-02": {
            "month": "2016-02",
            "price": "18.54",
            "revenue": 628549
        },
        "2016-03": {
            "month": "2016-03",
            "price": "20.62",
            "revenue": 677263
        },
        "2016-04": {
            "month": "2016-04",
            "price": "21.94",
            "revenue": 889116
        },
        "2016-05": {
            "month": "2016-05",
            "price": "20.58",
            "revenue": 543231
        },
        "2016-06": {
            "month": "2016-06",
            "price": "20.29",
            "revenue": 450093
        },
        "2016-07": {
            "month": "2016-07",
            "price": "20.58",
            "revenue": 692194
        },
        "2016-08": {
            "month": "2016-08",
            "price": "20.57",
            "revenue": 649590
        },
        "2016-09": {
            "month": "2016-09",
            "price": "20.88",
            "revenue": 548085
        },
        "2016-10": {
            "month": "2016-10",
            "price": "20.45",
            "revenue": 794700
        },
        "2016-11": {
            "month": "2016-11",
            "price": "20.67",
            "revenue": 971655
        },
        "2016-12": {
            "month": "2016-12",
            "price": "23.17",
            "revenue": 1018577
        },
        "2017-01": {
            "month": "2017-01",
            "price": "25.92",
            "revenue": 1032674
        },
        "2017-02": {
            "month": "2017-02",
            "price": "26.03",
            "revenue": 749713
        },
        "2017-03": {
            "month": "2017-03",
            "price": "27.81",
            "revenue": 887382
        },
        "2017-04": {
            "month": "2017-04",
            "price": "28.08",
            "revenue": 978562
        },
        "2017-05": {
            "month": "2017-05",
            "price": "29.01",
            "revenue": 758941
        },
        "2017-06": {
            "month": "2017-06",
            "price": "31.33",
            "revenue": 608231
        },
        "2017-07": {
            "month": "2017-07",
            "price": "34.17",
            "revenue": 791978
        },
        "2017-08": {
            "month": "2017-08",
            "price": "42.28",
            "revenue": 754962
        },
        "2017-09": {
            "month": "2017-09",
            "price": "43.58",
            "revenue": 595364
        },
        "2017-10": {
            "month": "2017-10",
            "price": "40.36",
            "revenue": 854422
        },
        "2017-11": {
            "month": "2017-11",
            "price": "37.50",
            "revenue": 1163977
        },
        "2017-12": {
            "month": "2017-12",
            "price": "36.21",
            "revenue": 1015429
        },
        "2018-01": {
            "month": "2018-01",
            "price": "34.61",
            "revenue": 1247133
        },
        "2018-02": {
            "month": "2018-02",
            "price": "30.71",
            "revenue": 612941
        },
        "2018-03": {
            "month": "2018-03",
            "price": "41.38",
            "revenue": 859730
        },
        "2018-04": {
            "month": "2018-04",
            "price": "44.87",
            "revenue": 1067955
        },
        "2018-05": {
            "month": "2018-05",
            "price": "41.47",
            "revenue": 929618
        },
        "2018-06": {
            "month": "2018-06",
            "price": "38.87",
            "revenue": 643472
        },
        "2018-07": {
            "month": "2018-07",
            "price": "34.07",
            "revenue": 876434
        },
        "2018-08": {
            "month": "2018-08",
            "price": "36.43",
            "revenue": 768474
        },
        "2018-09": {
            "month": "2018-09",
            "price": "34.96",
            "revenue": 681213
        },
        "2018-10": {
            "month": "2018-10",
            "price": "33.22",
            "revenue": 1037554
        },
        "2018-11": {
            "month": "2018-11",
            "price": "34.37",
            "revenue": 1384726
        },
        "2018-12": {
            "month": "2018-12",
            "price": "36.92",
            "revenue": 1005559
        },
        "2019-01": {
            "month": "2019-01",
            "price": "36.81",
            "revenue": 1745982
        },
        "2019-02": {
            "month": "2019-02",
            "price": "40.50",
            "revenue": 707092
        },
        "2019-03": {
            "month": "2019-03",
            "price": "40.65",
            "revenue": 1027783
        },
        "2019-04": {
            "month": "2019-04",
            "price": "42.71",
            "revenue": 1231003
        },
        "2019-05": {
            "month": "2019-05",
            "price": "44.88",
            "revenue": 817058
        },
        "2019-06": {
            "month": "2019-06",
            "price": "43.82",
            "revenue": 675172
        },
        "2019-07": {
            "month": "2019-07",
            "price": "41.77",
            "revenue": 847200
        },
        "2019-08": {
            "month": "2019-08",
            "price": "40.57",
            "revenue": 740984
        },
        "2019-09": {
            "month": "2019-09",
            "price": "40.97",
            "revenue": 646841
        },
        "2019-10": {
            "month": "2019-10",
            "price": "40.43",
            "revenue": 1036200
        },
        "2019-11": {
            "month": "2019-11",
            "price": "41.58",
            "revenue": 1079289
        },
        "2019-12": {
            "month": "2019-12",
            "price": "40.42",
            "revenue": 1202256
        },
        "2020-01": {
            "month": "2020-01",
            "price": "39.67",
            "revenue": 1263409
        },
        "2020-02": {
            "month": "2020-02",
            "price": "37.07",
            "revenue": 557264
        },
        "2020-03": {
            "month": "2020-03",
            "price": "32.62",
            "revenue": 863327
        },
        "2020-04": {
            "month": "2020-04",
            "price": "31.25",
            "revenue": 785264
        },
        "2020-05": {
            "month": "2020-05",
            "price": "32.68",
            "revenue": 561736
        },
        "2020-06": {
            "month": "2020-06",
            "price": "33.73",
            "revenue": 734364
        },
        "2020-07": {
            "month": "2020-07",
            "price": "31.17",
            "revenue": 997135
        },
        "2020-08": {
            "month": "2020-08",
            "price": "31.20",
            "revenue": 1143718
        },
        "2020-09": {
            "month": "2020-09",
            "price": "38.33",
            "revenue": 1094916
        },
        "2020-10": {
            "month": "2020-10",
            "price": "39.08",
            "revenue": 1356687
        },
        "2020-11": {
            "month": "2020-11",
            "price": "41.97",
            "revenue": 1241836
        },
        "2020-12": {
            "month": "2020-12",
            "price": "41.56",
            "revenue": 1475697
        },
        "2021-01": {
            "month": "2021-01",
            "price": "40.38",
            "revenue": 1682118
        },
        "2021-02": {
            "month": "2021-02",
            "price": "47.57",
            "revenue": 974253
        },
        "2021-03": {
            "month": "2021-03",
            "price": "61.19",
            "revenue": 1349959
        },
        "2021-04": {
            "month": "2021-04",
            "price": "71.24",
            "revenue": 1652530
        },
        "2021-05": {
            "month": "2021-05",
            "price": "71.06",
            "revenue": 1484974
        },
        "2021-06": {
            "month": "2021-06",
            "price": "82.71",
            "revenue": 1220215
        },
        "2021-07": {
            "month": "2021-07",
            "price": "80.69",
            "revenue": 1505349
        },
        "2021-08": {
            "month": "2021-08",
            "price": "81.71",
            "revenue": 1135193
        },
        "2021-09": {
            "month": "2021-09",
            "price": "75.17",
            "revenue": 1040272
        },
        "2021-10": {
            "month": "2021-10",
            "price": "76.34",
            "revenue": 1521563
        },
        "2021-11": {
            "month": "2021-11",
            "price": "77.24",
            "revenue": 1666442
        },
        "2021-12": {
            "month": "2021-12",
            "price": "74.85",
            "revenue": 1675156
        },
        "2022-01": {
            "month": "2022-01",
            "price": "75.34",
            "revenue": 2179232
        },
        "2022-02": {
            "month": "2022-02",
            "price": "84.77",
            "revenue": 1098233
        },
        "2022-03": {
            "month": "2022-03",
            "price": "78.90",
            "revenue": 1703747
        },
        "2022-04": {
            "month": "2022-04",
            "price": "83.58",
            "revenue": 2217859
        },
        "2022-05": {
            "month": "2022-05",
            "price": "90.70",
            "revenue": 1699944
        },
        "2022-06": {
            "month": "2022-06",
            "price": "84.29",
            "revenue": 1602487
        },
        "2022-07": {
            "month": "2022-07",
            "price": "78.06",
            "revenue": 1680161
        },
        "2022-08": {
            "month": "2022-08",
            "price": "90.32",
            "revenue": 1707232
        },
        "2022-09": {
            "month": "2022-09",
            "price": "100.64",
            "revenue": 1594211
        },
        "2022-10": {
            "month": "2022-10",
            "price": "90.11",
            "revenue": 1763331
        },
        "2022-11": {
            "month": "2022-11",
            "price": "97.78",
            "revenue": 2000576
        },
        "2022-12": {
            "month": "2022-12",
            "price": "97.52",
            "revenue": 2175772
        },
        "2023-01": {
            "month": "2023-01",
            "price": "98.32",
            "revenue": 1615592
        },
        "2023-02": {
            "month": "2023-02",
            "price": "97.65",
            "revenue": 1751397
        },
        "2023-03": {
            "month": "2023-03",
            "price": "110.14",
            "revenue": 1617145
        },
        "2023-04": {
            "month": "2023-04",
            "price": "93.04",
            "revenue": 1282139
        },
        "2023-05": {
            "month": "2023-05",
            "price": "82.61",
            "revenue": 984243
        }
    }
}
