{
    "summary": {
        "stock_name": "新天地",
        "stock_id": "8940",
        "category": "觀光",
        "main_business": "各種果汁飲料雜貨食品及生鮮魚肉海鮮冷凍食品買賣<br>各種餐具用品之進口買賣及餐廳業務之經營<br>前各項有關產品之加工製造及進出口業務",
        "website_url": "http://www.newpalace.com.tw",
        "ceo": "歐敏雄",
        "pe_ratio": 100,
        "report_year_from": 2001,
        "report_year_to": 2023,
        "age": 22,
        "eps_negative_percentage": 27,
        "eps_growth_avg": {
            "last_all": -7.94,
            "last_2y": null,
            "last_4y": null,
            "last_8y": -33.33,
            "last_12y": 0.44,
            "last_16y": -9.86,
            "last_20y": null,
            "at_2006_last_3y": -10.12,
            "at_2007_last_3y": 1.34,
            "at_2008_last_3y": 2.73,
            "at_2009_last_3y": -27.9,
            "at_2010_last_3y": 6.55,
            "at_2011_last_3y": 26,
            "at_2012_last_3y": 19.21,
            "at_2013_last_3y": 25.78,
            "at_2014_last_3y": -24.22,
            "at_2015_last_3y": -65.63,
            "at_2016_last_3y": -21.83,
            "at_2017_last_3y": -33.33,
            "at_2018_last_3y": 0,
            "at_2019_last_3y": 0,
            "at_2020_last_3y": -100,
            "at_2021_last_3y": null,
            "at_2022_last_3y": null,
            "at_2023_last_3y": null,
            "at_2006_last_all": -10.12,
            "at_2007_last_all": -3.66,
            "at_2008_last_all": -3.75,
            "at_2009_last_all": -16.33,
            "at_2010_last_all": -1.79,
            "at_2011_last_all": 9.52,
            "at_2012_last_all": 5.43,
            "at_2013_last_all": -1.02,
            "at_2014_last_all": -9.27,
            "at_2015_last_all": -9.27,
            "at_2016_last_all": -0.86,
            "at_2017_last_all": -7.94,
            "at_2018_last_all": -7.94,
            "at_2019_last_all": -7.94,
            "at_2020_last_all": -7.94,
            "at_2021_last_all": -7.94,
            "at_2022_last_all": -7.94,
            "at_2023_last_all": -7.94
        },
        "latest_eps": 0.35,
        "latest_price": 35.5,
        "latest_roe": 3.14,
        "latest_gross_margin": 53.53,
        "latest_equity": 735394,
        "latest_revenue": 416243,
        "latest_gross_profit": 222834,
        "latest_net_income": 51813,
        "latest_debt_ratio": 64.27,
        "latest_current_ratio": 82.02,
        "latest_account_receivable_turnover_ratio": 12.44,
        "latest_inventory_turnover_ratio": 2.2,
        "latest_reinvestment_rate": null,
        "latest_research_to_sale_ratio": null
    },
    "eps_dividends": {
        "2001": {
            "cash": 0,
            "stock": 0,
            "eps": 0
        },
        "2002": {
            "cash": 0,
            "stock": 0,
            "eps": 2.41
        },
        "2003": {
            "cash": 1.4,
            "stock": 0.6,
            "eps": 1.84
        },
        "2004": {
            "cash": 1,
            "stock": 0.5,
            "eps": 1.66
        },
        "2005": {
            "cash": 1,
            "stock": 0.5,
            "eps": 2.17
        },
        "2006": {
            "cash": 1.5,
            "stock": 0.5,
            "eps": 1.35
        },
        "2007": {
            "cash": 1.1,
            "stock": 0.4,
            "eps": 1.65
        },
        "2008": {
            "cash": 0,
            "stock": 1.5,
            "eps": 1.58
        },
        "2009": {
            "cash": 1.1,
            "stock": 0.4,
            "eps": 0.13
        },
        "2010": {
            "cash": 0.1,
            "stock": 0.4,
            "eps": 1
        },
        "2011": {
            "cash": 2.85,
            "stock": 0.15,
            "eps": 2.07
        },
        "2012": {
            "cash": 0,
            "stock": 0,
            "eps": 1.42
        },
        "2013": {
            "cash": 1,
            "stock": 0,
            "eps": 0.49
        },
        "2014": {
            "cash": 0,
            "stock": 0,
            "eps": -1.1
        },
        "2015": {
            "cash": 0,
            "stock": 0,
            "eps": 0.11
        },
        "2016": {
            "cash": 0,
            "stock": 0,
            "eps": 0.46
        },
        "2017": {
            "cash": 0,
            "stock": 0,
            "eps": -0.37
        },
        "2018": {
            "cash": 0,
            "stock": 0,
            "eps": -0.5
        },
        "2019": {
            "cash": 0,
            "stock": 0,
            "eps": -0.27
        },
        "2020": {
            "cash": 0,
            "stock": 0,
            "eps": -0.86
        },
        "2021": {
            "cash": 0,
            "stock": 0,
            "eps": -1.74
        },
        "2022": {
            "cash": 0,
            "stock": 0,
            "eps": 0.34
        },
        "2023": {
            "cash": 0,
            "stock": 0,
            "eps": 0.74
        }
    },
    "dividends": {
        "2003-03-20": {
            "cash": 1.4,
            "stock": 0.6
        },
        "2004-03-23": {
            "cash": 1,
            "stock": 0.5
        },
        "2005-04-12": {
            "cash": 1,
            "stock": 0.5
        },
        "2006-04-12": {
            "cash": 1.5,
            "stock": 0.5
        },
        "2007-03-16": {
            "cash": 1.1,
            "stock": 0.4
        },
        "2008-04-03": {
            "cash": 0,
            "stock": 1.5
        },
        "2009-02-10": {
            "cash": 1.1,
            "stock": 0.4
        },
        "2010-02-25": {
            "cash": 0.1,
            "stock": 0.4
        },
        "2011-01-01": {
            "cash": 2,
            "stock": 0
        },
        "2011-04-02": {
            "cash": 0.85,
            "stock": 0.15
        },
        "2013-02-23": {
            "cash": 1,
            "stock": 0
        }
    },
    "prices": {
        "200101": "無",
        "200102": "無",
        "200103": "無",
        "200104": "無",
        "200105": "無",
        "200106": "無",
        "200107": "無",
        "200108": "無",
        "200109": "無",
        "200110": "無",
        "200111": "無",
        "200112": "無",
        "200201": "無",
        "200202": "無",
        "200203": "無",
        "200204": "無",
        "200205": "無",
        "200206": "無",
        "200207": "無",
        "200208": "無",
        "200209": "無",
        "200210": "無",
        "200211": "無",
        "200212": "無",
        "200301": "25.05",
        "200302": "23.31",
        "200303": "21.34",
        "200304": "21.61",
        "200305": "20.74",
        "200306": "19.82",
        "200307": "19.82",
        "200308": "19.07",
        "200309": "19.67",
        "200310": "20.42",
        "200311": "21.00",
        "200312": "24.13",
        "200401": "25.33",
        "200402": "24.68",
        "200403": "23.75",
        "200404": "25.24",
        "200405": "23.72",
        "200406": "20.79",
        "200407": "17.93",
        "200408": "17.16",
        "200409": "18.74",
        "200410": "17.54",
        "200411": "15.78",
        "200412": "17.10",
        "200501": "17.89",
        "200502": "18.79",
        "200503": "18.57",
        "200504": "18.42",
        "200505": "18.31",
        "200506": "19.50",
        "200507": "18.86",
        "200508": "18.29",
        "200509": "18.99",
        "200510": "19.11",
        "200511": "18.16",
        "200512": "18.65",
        "200601": "18.85",
        "200602": "18.27",
        "200603": "17.88",
        "200604": "20.08",
        "200605": "32.44",
        "200606": "28.02",
        "200607": "24.88",
        "200608": "25.59",
        "200609": "25.15",
        "200610": "25.46",
        "200611": "24.54",
        "200612": "25.42",
        "200701": "24.93",
        "200702": "27.44",
        "200703": "26.99",
        "200704": "33.43",
        "200705": "30.80",
        "200706": "30.47",
        "200707": "32.10",
        "200708": "26.76",
        "200709": "27.02",
        "200710": "27.33",
        "200711": "25.78",
        "200712": "24.59",
        "200801": "25.22",
        "200802": "26.57",
        "200803": "28.20",
        "200804": "29.64",
        "200805": "30.70",
        "200806": "33.38",
        "200807": "29.32",
        "200808": "22.84",
        "200809": "18.56",
        "200810": "17.36",
        "200811": "17.22",
        "200812": "18.82",
        "200901": "19.41",
        "200902": "19.39",
        "200903": "22.35",
        "200904": "26.92",
        "200905": "29.45",
        "200906": "24.60",
        "200907": "22.14",
        "200908": "21.64",
        "200909": "21.83",
        "200910": "22.20",
        "200911": "22.13",
        "200912": "23.44",
        "201001": "23.67",
        "201002": "21.45",
        "201003": "21.94",
        "201004": "22.60",
        "201005": "29.18",
        "201006": "35.48",
        "201007": "34.16",
        "201008": "33.01",
        "201009": "33.40",
        "201010": "34.20",
        "201011": "31.05",
        "201012": "31.26",
        "201101": "31.54",
        "201102": "29.36",
        "201103": "25.55",
        "201104": "27.76",
        "201105": "29.15",
        "201106": "31.03",
        "201107": "32.33",
        "201108": "26.67",
        "201109": "24.77",
        "201110": "25.13",
        "201111": "24.99",
        "201112": "23.41",
        "201201": "24.77",
        "201202": "25.71",
        "201203": "28.68",
        "201204": "26.66",
        "201205": "27.98",
        "201206": "24.99",
        "201207": "24.62",
        "201208": "26.09",
        "201209": "25.66",
        "201210": "24.96",
        "201211": "23.87",
        "201212": "24.94",
        "201301": "25.05",
        "201302": "25.17",
        "201303": "24.74",
        "201304": "24.22",
        "201305": "24.18",
        "201306": "23.45",
        "201307": "22.82",
        "201308": "22.50",
        "201309": "22.34",
        "201310": "22.76",
        "201311": "21.96",
        "201312": "22.91",
        "201401": "24.92",
        "201402": "24.71",
        "201403": "23.02",
        "201404": "22.60",
        "201405": "22.17",
        "201406": "22.28",
        "201407": "22.34",
        "201408": "20.97",
        "201409": "20.11",
        "201410": "18.86",
        "201411": "18.16",
        "201412": "19.43",
        "201501": "20.82",
        "201502": "19.65",
        "201503": "19.11",
        "201504": "18.54",
        "201505": "18.49",
        "201506": "17.36",
        "201507": "15.95",
        "201508": "14.42",
        "201509": "15.03",
        "201510": "16.24",
        "201511": "16.26",
        "201512": "15.63",
        "201601": "15.35",
        "201602": "15.46",
        "201603": "15.34",
        "201604": "14.56",
        "201605": "15.61",
        "201606": "15.98",
        "201607": "14.96",
        "201608": "14.56",
        "201609": "15.17",
        "201610": "15.14",
        "201611": "14.96",
        "201612": "14.59",
        "201701": "14.27",
        "201702": "14.36",
        "201703": "14.60",
        "201704": "14.24",
        "201705": "13.81",
        "201706": "14.13",
        "201707": "14.19",
        "201708": "14.05",
        "201709": "14.10",
        "201710": "13.94",
        "201711": "13.71",
        "201712": "13.65",
        "201801": "13.73",
        "201802": "13.63",
        "201803": "13.65",
        "201804": "13.61",
        "201805": "13.65",
        "201806": "13.93",
        "201807": "13.94",
        "201808": "13.88",
        "201809": "13.60",
        "201810": "13.22",
        "201811": "12.85",
        "201812": "12.72",
        "201901": "12.40",
        "201902": "12.43",
        "201903": "12.20",
        "201904": "12.01",
        "201905": "12.22",
        "201906": "12.38",
        "201907": "13.98",
        "201908": "13.22",
        "201909": "12.57",
        "201910": "12.60",
        "201911": "12.09",
        "201912": "11.76",
        "202001": "11.48",
        "202002": "10.48",
        "202003": "9.53",
        "202004": "8.66",
        "202005": "10.25",
        "202006": "12.34",
        "202007": "11.19",
        "202008": "10.15",
        "202009": "10.07",
        "202010": "10.00",
        "202011": "10.50",
        "202012": "11.65",
        "202101": "10.51",
        "202102": "10.62",
        "202103": "12.08",
        "202104": "12.70",
        "202105": "11.70",
        "202106": "12.03",
        "202107": "14.81",
        "202108": "13.87",
        "202109": "13.52",
        "202110": "13.57",
        "202111": "13.15",
        "202112": "12.96",
        "202201": "12.72",
        "202202": "13.23",
        "202203": "13.65",
        "202204": "13.52",
        "202205": "13.49",
        "202206": "16.55",
        "202207": "14.23",
        "202208": "14.97",
        "202209": "15.16",
        "202210": "15.50",
        "202211": "15.71",
        "202212": "16.59",
        "202301": "16.58",
        "202302": "19.77",
        "202303": "24.83",
        "202304": "24.47",
        "202305": "28.47",
        "202306": "33.87"
    },
    "quarters": {
        "20011": {
            "year_quarter": 20011,
            "year": 2001,
            "quarter": 1,
            "eps": null,
            "eps_growth_year": null,
            "eps_4q": null,
            "eps_4q_growth_year": null,
            "roe": null,
            "roe_4q": 0,
            "gross_profit": null,
            "gross_margin": null,
            "gross_margin_4q_avg": 0,
            "net_income": null,
            "revenue": null,
            "common_shares": null,
            "book_valuer_per_share": null,
            "book_valuer_per_share_4q_avg": 0,
            "equity": null,
            "current_ratio": null,
            "debt_ratio": null,
            "inventory_turnover_ratio": null,
            "account_receivable_turnover_ratio": null,
            "reinvestment_rate": null,
            "research_to_sale_ratio": null,
            "price_fair": 0,
            "eps_avg_yearly": 0,
            "eps_latest_yearly": 0,
            "eps_growth_yearly": 0
        },
        "20012": {
            "year_quarter": 20012,
            "year": 2001,
            "quarter": 2,
            "eps": null,
            "eps_growth_year": null,
            "eps_4q": null,
            "eps_4q_growth_year": null,
            "roe": null,
            "roe_4q": 0,
            "gross_profit": null,
            "gross_margin": null,
            "gross_margin_4q_avg": 0,
            "net_income": null,
            "revenue": null,
            "common_shares": null,
            "book_valuer_per_share": null,
            "book_valuer_per_share_4q_avg": 0,
            "equity": null,
            "current_ratio": null,
            "debt_ratio": null,
            "inventory_turnover_ratio": null,
            "account_receivable_turnover_ratio": null,
            "reinvestment_rate": null,
            "research_to_sale_ratio": null,
            "price_fair": 0,
            "eps_avg_yearly": 0,
            "eps_latest_yearly": 0,
            "eps_growth_yearly": 0
        },
        "20013": {
            "year_quarter": 20013,
            "year": 2001,
            "quarter": 3,
            "eps": null,
            "eps_growth_year": null,
            "eps_4q": null,
            "eps_4q_growth_year": null,
            "roe": null,
            "roe_4q": 0,
            "gross_profit": null,
            "gross_margin": null,
            "gross_margin_4q_avg": 0,
            "net_income": null,
            "revenue": null,
            "common_shares": null,
            "book_valuer_per_share": null,
            "book_valuer_per_share_4q_avg": 0,
            "equity": null,
            "current_ratio": null,
            "debt_ratio": null,
            "inventory_turnover_ratio": null,
            "account_receivable_turnover_ratio": null,
            "reinvestment_rate": null,
            "research_to_sale_ratio": null,
            "price_fair": 0,
            "eps_avg_yearly": 0,
            "eps_latest_yearly": 0,
            "eps_growth_yearly": 0
        },
        "20014": {
            "year_quarter": 20014,
            "year": 2001,
            "quarter": 4,
            "eps": null,
            "eps_growth_year": null,
            "eps_4q": null,
            "eps_4q_growth_year": null,
            "roe": null,
            "roe_4q": 0,
            "gross_profit": null,
            "gross_margin": null,
            "gross_margin_4q_avg": 0,
            "net_income": null,
            "revenue": null,
            "common_shares": 320760,
            "book_valuer_per_share": 16.49,
            "book_valuer_per_share_4q_avg": 4.12,
            "equity": 528966,
            "current_ratio": 32.25,
            "debt_ratio": 53.46,
            "inventory_turnover_ratio": null,
            "account_receivable_turnover_ratio": null,
            "reinvestment_rate": null,
            "research_to_sale_ratio": null,
            "price_fair": 0,
            "eps_avg_yearly": 0,
            "eps_latest_yearly": 0,
            "eps_growth_yearly": 0
        },
        "20021": {
            "year_quarter": 20021,
            "year": 2002,
            "quarter": 1,
            "eps": 1.41,
            "eps_growth_year": null,
            "eps_4q": null,
            "eps_4q_growth_year": null,
            "roe": 8.19,
            "roe_4q": 8.19,
            "gross_profit": 130311,
            "gross_margin": 49.12,
            "gross_margin_4q_avg": 12.28,
            "net_income": 45177,
            "revenue": 265316,
            "common_shares": 320760,
            "book_valuer_per_share": 17.9,
            "book_valuer_per_share_4q_avg": 8.6,
            "equity": 574143,
            "current_ratio": 43.42,
            "debt_ratio": 50.01,
            "inventory_turnover_ratio": 7.01,
            "account_receivable_turnover_ratio": null,
            "reinvestment_rate": null,
            "research_to_sale_ratio": null,
            "price_fair": 0,
            "eps_avg_yearly": 0,
            "eps_latest_yearly": 0,
            "eps_growth_yearly": 0
        },
        "20022": {
            "year_quarter": 20022,
            "year": 2002,
            "quarter": 2,
            "eps": 0.35,
            "eps_growth_year": null,
            "eps_4q": null,
            "eps_4q_growth_year": null,
            "roe": 1.97,
            "roe_4q": 10.16,
            "gross_profit": 83940,
            "gross_margin": 43.55,
            "gross_margin_4q_avg": 23.17,
            "net_income": 11234,
            "revenue": 192763,
            "common_shares": 320760,
            "book_valuer_per_share": 17.68,
            "book_valuer_per_share_4q_avg": 13.02,
            "equity": 567231,
            "current_ratio": 46.35,
            "debt_ratio": 49.81,
            "inventory_turnover_ratio": 5.97,
            "account_receivable_turnover_ratio": null,
            "reinvestment_rate": null,
            "research_to_sale_ratio": null,
            "price_fair": 4.2,
            "eps_avg_yearly": 1.4,
            "eps_latest_yearly": 1.4,
            "eps_growth_yearly": -300.71
        },
        "20023": {
            "year_quarter": 20023,
            "year": 2002,
            "quarter": 3,
            "eps": -0.2,
            "eps_growth_year": null,
            "eps_4q": null,
            "eps_4q_growth_year": null,
            "roe": -1.12,
            "roe_4q": 9.04,
            "gross_profit": 64135,
            "gross_margin": 39.68,
            "gross_margin_4q_avg": 33.09,
            "net_income": -6313,
            "revenue": 161618,
            "common_shares": 320760,
            "book_valuer_per_share": 17.49,
            "book_valuer_per_share_4q_avg": 17.39,
            "equity": 560918,
            "current_ratio": 32.58,
            "debt_ratio": 49.34,
            "inventory_turnover_ratio": 4.78,
            "account_receivable_turnover_ratio": null,
            "reinvestment_rate": null,
            "research_to_sale_ratio": null,
            "price_fair": 4.2,
            "eps_avg_yearly": 1.4,
            "eps_latest_yearly": 1.4,
            "eps_growth_yearly": -300.71
        },
        "20024": {
            "year_quarter": 20024,
            "year": 2002,
            "quarter": 4,
            "eps": 0.85,
            "eps_growth_year": null,
            "eps_4q": 2.21,
            "eps_4q_growth_year": null,
            "roe": 5.43,
            "roe_4q": 14.469999999999999,
            "gross_profit": 107114,
            "gross_margin": 47.21,
            "gross_margin_4q_avg": 44.89,
            "net_income": 31337,
            "revenue": 226897,
            "common_shares": 368874,
            "book_valuer_per_share": 16.06,
            "book_valuer_per_share_4q_avg": 17.28,
            "equity": 592255,
            "current_ratio": 50.79,
            "debt_ratio": 45.25,
            "inventory_turnover_ratio": 5.55,
            "account_receivable_turnover_ratio": null,
            "reinvestment_rate": null,
            "research_to_sale_ratio": null,
            "price_fair": 4.2,
            "eps_avg_yearly": 1.4,
            "eps_latest_yearly": 1.4,
            "eps_growth_yearly": -300.71
        },
        "20031": {
            "year_quarter": 20031,
            "year": 2003,
            "quarter": 1,
            "eps": 1.07,
            "eps_growth_year": -24.11,
            "eps_4q": 2.05,
            "eps_4q_growth_year": null,
            "roe": 6.46,
            "roe_4q": 12.74,
            "gross_profit": 125654,
            "gross_margin": 45.69,
            "gross_margin_4q_avg": 44.03,
            "net_income": 39553,
            "revenue": 275014,
            "common_shares": 368874,
            "book_valuer_per_share": 17.13,
            "book_valuer_per_share_4q_avg": 17.09,
            "equity": 631808,
            "current_ratio": 74.05,
            "debt_ratio": 42.73,
            "inventory_turnover_ratio": 8.5,
            "account_receivable_turnover_ratio": null,
            "reinvestment_rate": null,
            "research_to_sale_ratio": null,
            "price_fair": 8.52,
            "eps_avg_yearly": 2.84,
            "eps_latest_yearly": 4.28,
            "eps_growth_yearly": -98.59
        },
        "20032": {
            "year_quarter": 20032,
            "year": 2003,
            "quarter": 2,
            "eps": -0.37,
            "eps_growth_year": -205.71,
            "eps_4q": 1.28,
            "eps_4q_growth_year": null,
            "roe": -2.44,
            "roe_4q": 8.329999999999998,
            "gross_profit": 44112,
            "gross_margin": 36.09,
            "gross_margin_4q_avg": 42.17,
            "net_income": -14570,
            "revenue": 122225,
            "common_shares": 391006,
            "book_valuer_per_share": 14.41,
            "book_valuer_per_share_4q_avg": 16.27,
            "equity": 563537,
            "current_ratio": 55.9,
            "debt_ratio": 48.57,
            "inventory_turnover_ratio": 4.58,
            "account_receivable_turnover_ratio": null,
            "reinvestment_rate": null,
            "research_to_sale_ratio": null,
            "price_fair": 8.52,
            "eps_avg_yearly": 2.84,
            "eps_latest_yearly": 4.28,
            "eps_growth_yearly": -98.59
        },
        "20033": {
            "year_quarter": 20033,
            "year": 2003,
            "quarter": 3,
            "eps": 0.14,
            "eps_growth_year": null,
            "eps_4q": 1.63,
            "eps_4q_growth_year": null,
            "roe": 0.94,
            "roe_4q": 10.39,
            "gross_profit": 73904,
            "gross_margin": 42.31,
            "gross_margin_4q_avg": 42.83,
            "net_income": 5297,
            "revenue": 174677,
            "common_shares": 391006,
            "book_valuer_per_share": 14.55,
            "book_valuer_per_share_4q_avg": 15.54,
            "equity": 568833,
            "current_ratio": 63.98,
            "debt_ratio": 47.41,
            "inventory_turnover_ratio": 4.15,
            "account_receivable_turnover_ratio": null,
            "reinvestment_rate": null,
            "research_to_sale_ratio": null,
            "price_fair": 8.52,
            "eps_avg_yearly": 2.84,
            "eps_latest_yearly": 4.28,
            "eps_growth_yearly": -98.59
        },
        "20034": {
            "year_quarter": 20034,
            "year": 2003,
            "quarter": 4,
            "eps": 1,
            "eps_growth_year": 17.65,
            "eps_4q": 1.78,
            "eps_4q_growth_year": -19.56,
            "roe": 6.62,
            "roe_4q": 11.580000000000002,
            "gross_profit": 119302,
            "gross_margin": 46.72,
            "gross_margin_4q_avg": 42.7,
            "net_income": 38975,
            "revenue": 255329,
            "common_shares": 391006,
            "book_valuer_per_share": 15.54,
            "book_valuer_per_share_4q_avg": 15.41,
            "equity": 607808,
            "current_ratio": 72.64,
            "debt_ratio": 45.83,
            "inventory_turnover_ratio": 3.68,
            "account_receivable_turnover_ratio": null,
            "reinvestment_rate": null,
            "research_to_sale_ratio": null,
            "price_fair": 112.93,
            "eps_avg_yearly": 3.23,
            "eps_latest_yearly": 4,
            "eps_growth_yearly": 753.32
        },
        "20041": {
            "year_quarter": 20041,
            "year": 2004,
            "quarter": 1,
            "eps": 1.25,
            "eps_growth_year": 16.82,
            "eps_4q": 2.01,
            "eps_4q_growth_year": -2.07,
            "roe": 7.74,
            "roe_4q": 12.86,
            "gross_profit": 133509,
            "gross_margin": 48.24,
            "gross_margin_4q_avg": 43.34,
            "net_income": 48953,
            "revenue": 276772,
            "common_shares": 391006,
            "book_valuer_per_share": 16.8,
            "book_valuer_per_share_4q_avg": 15.33,
            "equity": 656761,
            "current_ratio": 92.72,
            "debt_ratio": 40.66,
            "inventory_turnover_ratio": 4.21,
            "account_receivable_turnover_ratio": null,
            "reinvestment_rate": null,
            "research_to_sale_ratio": null,
            "price_fair": 128.45,
            "eps_avg_yearly": 3.67,
            "eps_latest_yearly": 5,
            "eps_growth_yearly": 589.99
        },
        "20042": {
            "year_quarter": 20042,
            "year": 2004,
            "quarter": 2,
            "eps": 0.01,
            "eps_growth_year": null,
            "eps_4q": 2.28,
            "eps_4q_growth_year": 78.25,
            "roe": 0.06,
            "roe_4q": 15.36,
            "gross_profit": 68479,
            "gross_margin": 42.13,
            "gross_margin_4q_avg": 44.85,
            "net_income": 369,
            "revenue": 162531,
            "common_shares": 410557,
            "book_valuer_per_share": 15,
            "book_valuer_per_share_4q_avg": 15.47,
            "equity": 615870,
            "current_ratio": 87.43,
            "debt_ratio": 46.39,
            "inventory_turnover_ratio": 4.1,
            "account_receivable_turnover_ratio": null,
            "reinvestment_rate": null,
            "research_to_sale_ratio": null,
            "price_fair": 103.04,
            "eps_avg_yearly": 2.94,
            "eps_latest_yearly": 0.04,
            "eps_growth_yearly": 392.63
        },
        "20043": {
            "year_quarter": 20043,
            "year": 2004,
            "quarter": 3,
            "eps": -0.16,
            "eps_growth_year": -214.29,
            "eps_4q": 1.99,
            "eps_4q_growth_year": 22.24,
            "roe": -1.07,
            "roe_4q": 13.350000000000001,
            "gross_profit": 53485,
            "gross_margin": 36.57,
            "gross_margin_4q_avg": 43.42,
            "net_income": -6564,
            "revenue": 146237,
            "common_shares": 410557,
            "book_valuer_per_share": 14.84,
            "book_valuer_per_share_4q_avg": 15.55,
            "equity": 609306,
            "current_ratio": 71.53,
            "debt_ratio": 42.8,
            "inventory_turnover_ratio": 3.29,
            "account_receivable_turnover_ratio": null,
            "reinvestment_rate": null,
            "research_to_sale_ratio": null,
            "price_fair": 103.04,
            "eps_avg_yearly": 2.94,
            "eps_latest_yearly": 0.04,
            "eps_growth_yearly": 392.63
        },
        "20044": {
            "year_quarter": 20044,
            "year": 2004,
            "quarter": 4,
            "eps": 0.56,
            "eps_growth_year": -44,
            "eps_4q": 1.61,
            "eps_4q_growth_year": -9.59,
            "roe": 3.69,
            "roe_4q": 10.42,
            "gross_profit": 91303,
            "gross_margin": 45.06,
            "gross_margin_4q_avg": 43,
            "net_income": 22881,
            "revenue": 202645,
            "common_shares": 410557,
            "book_valuer_per_share": 15.4,
            "book_valuer_per_share_4q_avg": 15.51,
            "equity": 632186,
            "current_ratio": 95.74,
            "debt_ratio": 42.58,
            "inventory_turnover_ratio": 3.02,
            "account_receivable_turnover_ratio": null,
            "reinvestment_rate": null,
            "research_to_sale_ratio": null,
            "price_fair": 103.04,
            "eps_avg_yearly": 2.94,
            "eps_latest_yearly": 0.04,
            "eps_growth_yearly": 392.63
        },
        "20051": {
            "year_quarter": 20051,
            "year": 2005,
            "quarter": 1,
            "eps": 1.15,
            "eps_growth_year": -8,
            "eps_4q": 1.56,
            "eps_4q_growth_year": -22.47,
            "roe": 7.19,
            "roe_4q": 9.870000000000001,
            "gross_profit": 135448,
            "gross_margin": 44.95,
            "gross_margin_4q_avg": 42.18,
            "net_income": 47136,
            "revenue": 301346,
            "common_shares": 410557,
            "book_valuer_per_share": 16.55,
            "book_valuer_per_share_4q_avg": 15.45,
            "equity": 679322,
            "current_ratio": 93.24,
            "debt_ratio": 38.72,
            "inventory_turnover_ratio": 4.56,
            "account_receivable_turnover_ratio": null,
            "reinvestment_rate": null,
            "research_to_sale_ratio": null,
            "price_fair": 112.7,
            "eps_avg_yearly": 3.22,
            "eps_latest_yearly": 4.6,
            "eps_growth_yearly": 397.43
        },
        "20052": {
            "year_quarter": 20052,
            "year": 2005,
            "quarter": 2,
            "eps": 0.26,
            "eps_growth_year": 2500,
            "eps_4q": 1.78,
            "eps_4q_growth_year": -21.95,
            "roe": 1.64,
            "roe_4q": 11.45,
            "gross_profit": 80404,
            "gross_margin": 41.75,
            "gross_margin_4q_avg": 42.08,
            "net_income": 10859,
            "revenue": 192565,
            "common_shares": 431085,
            "book_valuer_per_share": 15.01,
            "book_valuer_per_share_4q_avg": 15.45,
            "equity": 646965,
            "current_ratio": 100.92,
            "debt_ratio": 42.79,
            "inventory_turnover_ratio": 3.65,
            "account_receivable_turnover_ratio": null,
            "reinvestment_rate": null,
            "research_to_sale_ratio": null,
            "price_fair": 101.8,
            "eps_avg_yearly": 2.91,
            "eps_latest_yearly": 1.04,
            "eps_growth_yearly": 296.43
        },
        "20053": {
            "year_quarter": 20053,
            "year": 2005,
            "quarter": 3,
            "eps": -0.04,
            "eps_growth_year": null,
            "eps_4q": 1.84,
            "eps_4q_growth_year": -7.72,
            "roe": -0.26,
            "roe_4q": 12.26,
            "gross_profit": 61197,
            "gross_margin": 39.1,
            "gross_margin_4q_avg": 42.72,
            "net_income": -1683,
            "revenue": 156520,
            "common_shares": 431085,
            "book_valuer_per_share": 14.97,
            "book_valuer_per_share_4q_avg": 15.48,
            "equity": 645283,
            "current_ratio": 91.15,
            "debt_ratio": 39.33,
            "inventory_turnover_ratio": 2.81,
            "account_receivable_turnover_ratio": null,
            "reinvestment_rate": null,
            "research_to_sale_ratio": null,
            "price_fair": 101.8,
            "eps_avg_yearly": 2.91,
            "eps_latest_yearly": 1.04,
            "eps_growth_yearly": 296.43
        },
        "20054": {
            "year_quarter": 20054,
            "year": 2005,
            "quarter": 4,
            "eps": 0.8,
            "eps_growth_year": 42.86,
            "eps_4q": 2.11,
            "eps_4q_growth_year": 31.46,
            "roe": 5.18,
            "roe_4q": 13.75,
            "gross_profit": 113119,
            "gross_margin": 46.57,
            "gross_margin_4q_avg": 43.09,
            "net_income": 34338,
            "revenue": 242895,
            "common_shares": 431085,
            "book_valuer_per_share": 15.77,
            "book_valuer_per_share_4q_avg": 15.58,
            "equity": 679621,
            "current_ratio": 77.14,
            "debt_ratio": 38.63,
            "inventory_turnover_ratio": 2.92,
            "account_receivable_turnover_ratio": null,
            "reinvestment_rate": -51.96,
            "research_to_sale_ratio": null,
            "price_fair": 101.8,
            "eps_avg_yearly": 2.91,
            "eps_latest_yearly": 1.04,
            "eps_growth_yearly": 296.43
        },
        "20061": {
            "year_quarter": 20061,
            "year": 2006,
            "quarter": 1,
            "eps": 1.04,
            "eps_growth_year": -9.57,
            "eps_4q": 2.05,
            "eps_4q_growth_year": 31.37,
            "roe": 6.41,
            "roe_4q": 12.97,
            "gross_profit": 125404,
            "gross_margin": 48.06,
            "gross_margin_4q_avg": 43.87,
            "net_income": 45007,
            "revenue": 260930,
            "common_shares": 431085,
            "book_valuer_per_share": 16.81,
            "book_valuer_per_share_4q_avg": 15.64,
            "equity": 724628,
            "current_ratio": 77.9,
            "debt_ratio": 30.85,
            "inventory_turnover_ratio": 3.06,
            "account_receivable_turnover_ratio": null,
            "reinvestment_rate": -51.15,
            "research_to_sale_ratio": null,
            "price_fair": 107.28,
            "eps_avg_yearly": 3.07,
            "eps_latest_yearly": 4.16,
            "eps_growth_yearly": 274.38
        },
        "20062": {
            "year_quarter": 20062,
            "year": 2006,
            "quarter": 2,
            "eps": 0.16,
            "eps_growth_year": -38.46,
            "eps_4q": 1.98,
            "eps_4q_growth_year": 11.21,
            "roe": 0.98,
            "roe_4q": 12.31,
            "gross_profit": 72925,
            "gross_margin": 42.79,
            "gross_margin_4q_avg": 44.13,
            "net_income": 6832,
            "revenue": 170412,
            "common_shares": 431085,
            "book_valuer_per_share": 15.42,
            "book_valuer_per_share_4q_avg": 15.74,
            "equity": 664762,
            "current_ratio": 59.01,
            "debt_ratio": 35.96,
            "inventory_turnover_ratio": 2.86,
            "account_receivable_turnover_ratio": null,
            "reinvestment_rate": -53.19,
            "research_to_sale_ratio": null,
            "price_fair": 103.95,
            "eps_avg_yearly": 2.97,
            "eps_latest_yearly": 0.64,
            "eps_growth_yearly": 269.66
        },
        "20063": {
            "year_quarter": 20063,
            "year": 2006,
            "quarter": 3,
            "eps": -0.53,
            "eps_growth_year": null,
            "eps_4q": 1.38,
            "eps_4q_growth_year": -25.15,
            "roe": -3.67,
            "roe_4q": 8.9,
            "gross_profit": 31872,
            "gross_margin": 31.04,
            "gross_margin_4q_avg": 42.12,
            "net_income": -23935,
            "revenue": 102670,
            "common_shares": 452639,
            "book_valuer_per_share": 14.15,
            "book_valuer_per_share_4q_avg": 15.54,
            "equity": 640702,
            "current_ratio": 51.9,
            "debt_ratio": 35.23,
            "inventory_turnover_ratio": 2.46,
            "account_receivable_turnover_ratio": null,
            "reinvestment_rate": -49.25,
            "research_to_sale_ratio": null,
            "price_fair": 103.95,
            "eps_avg_yearly": 2.97,
            "eps_latest_yearly": 0.64,
            "eps_growth_yearly": 269.66
        },
        "20064": {
            "year_quarter": 20064,
            "year": 2006,
            "quarter": 4,
            "eps": 0.68,
            "eps_growth_year": -15,
            "eps_4q": 1.3,
            "eps_4q_growth_year": -38.52,
            "roe": 4.68,
            "roe_4q": 8.4,
            "gross_profit": 113627,
            "gross_margin": 48.48,
            "gross_margin_4q_avg": 42.59,
            "net_income": 30684,
            "revenue": 234374,
            "common_shares": 452639,
            "book_valuer_per_share": 14.83,
            "book_valuer_per_share_4q_avg": 15.3,
            "equity": 671423,
            "current_ratio": 58.77,
            "debt_ratio": 37.61,
            "inventory_turnover_ratio": 3.76,
            "account_receivable_turnover_ratio": null,
            "reinvestment_rate": -36.67,
            "research_to_sale_ratio": null,
            "price_fair": 103.95,
            "eps_avg_yearly": 2.97,
            "eps_latest_yearly": 0.64,
            "eps_growth_yearly": 269.66
        },
        "20071": {
            "year_quarter": 20071,
            "year": 2007,
            "quarter": 1,
            "eps": 1.11,
            "eps_growth_year": 6.73,
            "eps_4q": 1.41,
            "eps_4q_growth_year": -31.05,
            "roe": 7.21,
            "roe_4q": 9.200000000000001,
            "gross_profit": 142384,
            "gross_margin": 51.87,
            "gross_margin_4q_avg": 43.55,
            "net_income": 50199,
            "revenue": 274495,
            "common_shares": 452639,
            "book_valuer_per_share": 15.94,
            "book_valuer_per_share_4q_avg": 15.09,
            "equity": 721586,
            "current_ratio": 72.1,
            "debt_ratio": 31.7,
            "inventory_turnover_ratio": 3.72,
            "account_receivable_turnover_ratio": null,
            "reinvestment_rate": -34.1,
            "research_to_sale_ratio": null,
            "price_fair": 104.65,
            "eps_avg_yearly": 2.99,
            "eps_latest_yearly": 4.44,
            "eps_growth_yearly": 288.34
        },
        "20072": {
            "year_quarter": 20072,
            "year": 2007,
            "quarter": 2,
            "eps": 0.43,
            "eps_growth_year": 168.75,
            "eps_4q": 1.68,
            "eps_4q_growth_year": -15.12,
            "roe": 2.78,
            "roe_4q": 11,
            "gross_profit": 99391,
            "gross_margin": 47.2,
            "gross_margin_4q_avg": 44.65,
            "net_income": 19595,
            "revenue": 210591,
            "common_shares": 452639,
            "book_valuer_per_share": 15.22,
            "book_valuer_per_share_4q_avg": 15.04,
            "equity": 689088,
            "current_ratio": 62.73,
            "debt_ratio": 34.86,
            "inventory_turnover_ratio": 3.28,
            "account_receivable_turnover_ratio": null,
            "reinvestment_rate": -31.39,
            "research_to_sale_ratio": null,
            "price_fair": 99.71,
            "eps_avg_yearly": 2.85,
            "eps_latest_yearly": 1.72,
            "eps_growth_yearly": 229.07
        },
        "20073": {
            "year_quarter": 20073,
            "year": 2007,
            "quarter": 3,
            "eps": -0.3,
            "eps_growth_year": null,
            "eps_4q": 1.83,
            "eps_4q_growth_year": 33.14,
            "roe": -2.1,
            "roe_4q": 12.57,
            "gross_profit": 53074,
            "gross_margin": 39.26,
            "gross_margin_4q_avg": 46.7,
            "net_income": -14296,
            "revenue": 135171,
            "common_shares": 470745,
            "book_valuer_per_share": 14.34,
            "book_valuer_per_share_4q_avg": 15.08,
            "equity": 675004,
            "current_ratio": 52.62,
            "debt_ratio": 33.54,
            "inventory_turnover_ratio": 2.25,
            "account_receivable_turnover_ratio": null,
            "reinvestment_rate": -37.03,
            "research_to_sale_ratio": null,
            "price_fair": 99.71,
            "eps_avg_yearly": 2.85,
            "eps_latest_yearly": 1.72,
            "eps_growth_yearly": 229.07
        },
        "20074": {
            "year_quarter": 20074,
            "year": 2007,
            "quarter": 4,
            "eps": 0.41,
            "eps_growth_year": -39.71,
            "eps_4q": 1.59,
            "eps_4q_growth_year": 22.51,
            "roe": 2.82,
            "roe_4q": 10.709999999999999,
            "gross_profit": 99319,
            "gross_margin": 47.18,
            "gross_margin_4q_avg": 46.38,
            "net_income": 19272,
            "revenue": 210528,
            "common_shares": 470745,
            "book_valuer_per_share": 14.73,
            "book_valuer_per_share_4q_avg": 15.06,
            "equity": 693569,
            "current_ratio": 59.86,
            "debt_ratio": 31.78,
            "inventory_turnover_ratio": 2.52,
            "account_receivable_turnover_ratio": null,
            "reinvestment_rate": -37.91,
            "research_to_sale_ratio": null,
            "price_fair": 8.12,
            "eps_avg_yearly": 2.71,
            "eps_latest_yearly": 1.72,
            "eps_growth_yearly": -49.44
        },
        "20081": {
            "year_quarter": 20081,
            "year": 2008,
            "quarter": 1,
            "eps": 1.11,
            "eps_growth_year": 0,
            "eps_4q": 1.63,
            "eps_4q_growth_year": 15.83,
            "roe": 7.24,
            "roe_4q": 10.74,
            "gross_profit": 157773,
            "gross_margin": 53.12,
            "gross_margin_4q_avg": 46.69,
            "net_income": 52097,
            "revenue": 297032,
            "common_shares": 470745,
            "book_valuer_per_share": 15.82,
            "book_valuer_per_share_4q_avg": 15.03,
            "equity": 744912,
            "current_ratio": 79.33,
            "debt_ratio": 28.56,
            "inventory_turnover_ratio": 3.41,
            "account_receivable_turnover_ratio": null,
            "reinvestment_rate": -36.38,
            "research_to_sale_ratio": null,
            "price_fair": 88.08,
            "eps_avg_yearly": 2.64,
            "eps_latest_yearly": 4.44,
            "eps_growth_yearly": 23.43
        },
        "20082": {
            "year_quarter": 20082,
            "year": 2008,
            "quarter": 2,
            "eps": -0.16,
            "eps_growth_year": -137.21,
            "eps_4q": 1.05,
            "eps_4q_growth_year": -37.46,
            "roe": -1.02,
            "roe_4q": 6.940000000000001,
            "gross_profit": 74269,
            "gross_margin": 44.95,
            "gross_margin_4q_avg": 46.13,
            "net_income": -7621,
            "revenue": 165211,
            "common_shares": 470745,
            "book_valuer_per_share": 15.77,
            "book_valuer_per_share_4q_avg": 15.17,
            "equity": 742180,
            "current_ratio": 69.84,
            "debt_ratio": 26.64,
            "inventory_turnover_ratio": 2.48,
            "account_receivable_turnover_ratio": null,
            "reinvestment_rate": -33.29,
            "research_to_sale_ratio": null,
            "price_fair": 105.2,
            "eps_avg_yearly": 3.01,
            "eps_latest_yearly": 4.44,
            "eps_growth_yearly": 83.46
        },
        "20083": {
            "year_quarter": 20083,
            "year": 2008,
            "quarter": 3,
            "eps": -0.42,
            "eps_growth_year": null,
            "eps_4q": 0.64,
            "eps_4q_growth_year": -64.77,
            "roe": -2.96,
            "roe_4q": 6.08,
            "gross_profit": 43494,
            "gross_margin": 35.78,
            "gross_margin_4q_avg": 45.26,
            "net_income": -24101,
            "revenue": 121575,
            "common_shares": 614771,
            "book_valuer_per_share": 14.38,
            "book_valuer_per_share_4q_avg": 15.18,
            "equity": 883938,
            "current_ratio": 110.41,
            "debt_ratio": 22.14,
            "inventory_turnover_ratio": 1.82,
            "account_receivable_turnover_ratio": null,
            "reinvestment_rate": -15.84,
            "research_to_sale_ratio": null,
            "price_fair": 105.2,
            "eps_avg_yearly": 3.01,
            "eps_latest_yearly": 4.44,
            "eps_growth_yearly": 83.46
        },
        "20084": {
            "year_quarter": 20084,
            "year": 2008,
            "quarter": 4,
            "eps": 1.05,
            "eps_growth_year": 156.1,
            "eps_4q": 1.4,
            "eps_4q_growth_year": -12.02,
            "roe": 6.7,
            "roe_4q": 9.96,
            "gross_profit": 159084,
            "gross_margin": 53.7,
            "gross_margin_4q_avg": 46.89,
            "net_income": 61225,
            "revenue": 296231,
            "common_shares": 614771,
            "book_valuer_per_share": 15.36,
            "book_valuer_per_share_4q_avg": 15.33,
            "equity": 944428,
            "current_ratio": 122.85,
            "debt_ratio": 21.95,
            "inventory_turnover_ratio": 3.38,
            "account_receivable_turnover_ratio": 21.98,
            "reinvestment_rate": -4.76,
            "research_to_sale_ratio": null,
            "price_fair": 105.2,
            "eps_avg_yearly": 3.01,
            "eps_latest_yearly": 4.44,
            "eps_growth_yearly": 83.46
        },
        "20091": {
            "year_quarter": 20091,
            "year": 2009,
            "quarter": 1,
            "eps": 0.39,
            "eps_growth_year": -64.86,
            "eps_4q": 0.92,
            "eps_4q_growth_year": -43.83,
            "roe": 2.36,
            "roe_4q": 5.08,
            "gross_profit": 116396,
            "gross_margin": 50.26,
            "gross_margin_4q_avg": 46.17,
            "net_income": 22747,
            "revenue": 231592,
            "common_shares": 614771,
            "book_valuer_per_share": 15.75,
            "book_valuer_per_share_4q_avg": 15.32,
            "equity": 983557,
            "current_ratio": 139.62,
            "debt_ratio": 18.31,
            "inventory_turnover_ratio": 3.63,
            "account_receivable_turnover_ratio": 8.37,
            "reinvestment_rate": -2.63,
            "research_to_sale_ratio": null,
            "price_fair": 7.71,
            "eps_avg_yearly": 2.57,
            "eps_latest_yearly": 1.56,
            "eps_growth_yearly": -12.66
        },
        "20092": {
            "year_quarter": 20092,
            "year": 2009,
            "quarter": 2,
            "eps": -0.22,
            "eps_growth_year": null,
            "eps_4q": 0.78,
            "eps_4q_growth_year": -26.18,
            "roe": -2.02,
            "roe_4q": 4.08,
            "gross_profit": 68912,
            "gross_margin": 42.34,
            "gross_margin_4q_avg": 45.52,
            "net_income": -19259,
            "revenue": 162747,
            "common_shares": 614771,
            "book_valuer_per_share": 14.42,
            "book_valuer_per_share_4q_avg": 14.98,
            "equity": 920480,
            "current_ratio": 87.14,
            "debt_ratio": 23.5,
            "inventory_turnover_ratio": 2.61,
            "account_receivable_turnover_ratio": 7.52,
            "reinvestment_rate": 3.15,
            "research_to_sale_ratio": null,
            "price_fair": 98.93,
            "eps_avg_yearly": 2.83,
            "eps_latest_yearly": 1.56,
            "eps_growth_yearly": 36.82
        },
        "20093": {
            "year_quarter": 20093,
            "year": 2009,
            "quarter": 3,
            "eps": -0.35,
            "eps_growth_year": null,
            "eps_4q": 0.77,
            "eps_4q_growth_year": 19.07,
            "roe": -2.21,
            "roe_4q": 4.83,
            "gross_profit": 61725,
            "gross_margin": 36.24,
            "gross_margin_4q_avg": 45.64,
            "net_income": -20092,
            "revenue": 170301,
            "common_shares": 639362,
            "book_valuer_per_share": 13.51,
            "book_valuer_per_share_4q_avg": 14.76,
            "equity": 899316,
            "current_ratio": 75.71,
            "debt_ratio": 22.92,
            "inventory_turnover_ratio": 2.45,
            "account_receivable_turnover_ratio": 11.62,
            "reinvestment_rate": 6.09,
            "research_to_sale_ratio": null,
            "price_fair": 98.93,
            "eps_avg_yearly": 2.83,
            "eps_latest_yearly": 1.56,
            "eps_growth_yearly": 36.82
        },
        "20094": {
            "year_quarter": 20094,
            "year": 2009,
            "quarter": 4,
            "eps": 0.31,
            "eps_growth_year": -70.48,
            "eps_4q": 0.12,
            "eps_4q_growth_year": -91.32,
            "roe": 2.2,
            "roe_4q": 0.33000000000000007,
            "gross_profit": 140729,
            "gross_margin": 50.49,
            "gross_margin_4q_avg": 44.83,
            "net_income": 20051,
            "revenue": 278747,
            "common_shares": 639362,
            "book_valuer_per_share": 13.82,
            "book_valuer_per_share_4q_avg": 14.38,
            "equity": 919562,
            "current_ratio": 79.88,
            "debt_ratio": 24.02,
            "inventory_turnover_ratio": 2.83,
            "account_receivable_turnover_ratio": 23.53,
            "reinvestment_rate": 23.69,
            "research_to_sale_ratio": null,
            "price_fair": 98.93,
            "eps_avg_yearly": 2.83,
            "eps_latest_yearly": 1.56,
            "eps_growth_yearly": 36.82
        },
        "20101": {
            "year_quarter": 20101,
            "year": 2010,
            "quarter": 1,
            "eps": 0.81,
            "eps_growth_year": 107.69,
            "eps_4q": 0.56,
            "eps_4q_growth_year": -39.18,
            "roe": 5.97,
            "roe_4q": 3.94,
            "gross_profit": 183014,
            "gross_margin": 51.33,
            "gross_margin_4q_avg": 45.1,
            "net_income": 56612,
            "revenue": 356543,
            "common_shares": 639362,
            "book_valuer_per_share": 14.63,
            "book_valuer_per_share_4q_avg": 14.1,
            "equity": 975584,
            "current_ratio": 97.45,
            "debt_ratio": 19.45,
            "inventory_turnover_ratio": 3.8,
            "account_receivable_turnover_ratio": 10.33,
            "reinvestment_rate": 30.37,
            "research_to_sale_ratio": null,
            "price_fair": 93.57,
            "eps_avg_yearly": 2.67,
            "eps_latest_yearly": 3.24,
            "eps_growth_yearly": 124.35
        },
        "20102": {
            "year_quarter": 20102,
            "year": 2010,
            "quarter": 2,
            "eps": 0.09,
            "eps_growth_year": null,
            "eps_4q": 0.83,
            "eps_4q_growth_year": 6.55,
            "roe": 0.91,
            "roe_4q": 6.87,
            "gross_profit": 117638,
            "gross_margin": 47.31,
            "gross_margin_4q_avg": 46.34,
            "net_income": 8858,
            "revenue": 248649,
            "common_shares": 639362,
            "book_valuer_per_share": 14.57,
            "book_valuer_per_share_4q_avg": 14.13,
            "equity": 976350,
            "current_ratio": 130.83,
            "debt_ratio": 25.77,
            "inventory_turnover_ratio": 3.35,
            "account_receivable_turnover_ratio": 8.35,
            "reinvestment_rate": 32.34,
            "research_to_sale_ratio": null,
            "price_fair": 91.93,
            "eps_avg_yearly": 2.63,
            "eps_latest_yearly": 0.36,
            "eps_growth_yearly": 121.5
        },
        "20103": {
            "year_quarter": 20103,
            "year": 2010,
            "quarter": 3,
            "eps": -0.08,
            "eps_growth_year": null,
            "eps_4q": 1.09,
            "eps_4q_growth_year": 41.45,
            "roe": -0.01,
            "roe_4q": 9.07,
            "gross_profit": 121025,
            "gross_margin": 42.22,
            "gross_margin_4q_avg": 47.84,
            "net_income": -56,
            "revenue": 286682,
            "common_shares": 664936,
            "book_valuer_per_share": 13.99,
            "book_valuer_per_share_4q_avg": 14.25,
            "equity": 1051278,
            "current_ratio": 133.72,
            "debt_ratio": 27.98,
            "inventory_turnover_ratio": 3.09,
            "account_receivable_turnover_ratio": 10.28,
            "reinvestment_rate": 69.68,
            "research_to_sale_ratio": null,
            "price_fair": 91.93,
            "eps_avg_yearly": 2.63,
            "eps_latest_yearly": 0.36,
            "eps_growth_yearly": 121.5
        },
        "20104": {
            "year_quarter": 20104,
            "year": 2010,
            "quarter": 4,
            "eps": 0.18,
            "eps_growth_year": -41.32,
            "eps_4q": 0.97,
            "eps_4q_growth_year": 697.69,
            "roe": 0.69,
            "roe_4q": 7.56,
            "gross_profit": 202143,
            "gross_margin": 52.94,
            "gross_margin_4q_avg": 48.45,
            "net_income": 7278,
            "revenue": 381854,
            "common_shares": 664936,
            "book_valuer_per_share": 14.1,
            "book_valuer_per_share_4q_avg": 14.32,
            "equity": 1045438,
            "current_ratio": 120.1,
            "debt_ratio": 30.05,
            "inventory_turnover_ratio": 2.24,
            "account_receivable_turnover_ratio": 8.11,
            "reinvestment_rate": 77.63,
            "research_to_sale_ratio": null,
            "price_fair": 91.93,
            "eps_avg_yearly": 2.63,
            "eps_latest_yearly": 0.36,
            "eps_growth_yearly": 121.5
        },
        "20111": {
            "year_quarter": 20111,
            "year": 2011,
            "quarter": 1,
            "eps": 1.07,
            "eps_growth_year": 32.1,
            "eps_4q": 1.26,
            "eps_4q_growth_year": 126.16,
            "roe": 6.74,
            "roe_4q": 8.33,
            "gross_profit": 268944,
            "gross_margin": 52.71,
            "gross_margin_4q_avg": 48.8,
            "net_income": 72775,
            "revenue": 510250,
            "common_shares": 664936,
            "book_valuer_per_share": 15.15,
            "book_valuer_per_share_4q_avg": 14.45,
            "equity": 1114245,
            "current_ratio": 127.75,
            "debt_ratio": 29.36,
            "inventory_turnover_ratio": 3.07,
            "account_receivable_turnover_ratio": 7.36,
            "reinvestment_rate": 64.31,
            "research_to_sale_ratio": null,
            "price_fair": 91,
            "eps_avg_yearly": 2.6,
            "eps_latest_yearly": 4.28,
            "eps_growth_yearly": 408.97
        },
        "20112": {
            "year_quarter": 20112,
            "year": 2011,
            "quarter": 2,
            "eps": 0.17,
            "eps_growth_year": 90.2,
            "eps_4q": 1.32,
            "eps_4q_growth_year": 60.16,
            "roe": 0.82,
            "roe_4q": 8.24,
            "gross_profit": 184546,
            "gross_margin": 51.06,
            "gross_margin_4q_avg": 49.73,
            "net_income": 8937,
            "revenue": 361454,
            "common_shares": 664936,
            "book_valuer_per_share": 14.49,
            "book_valuer_per_share_4q_avg": 14.43,
            "equity": 1064487,
            "current_ratio": 122.47,
            "debt_ratio": 31.64,
            "inventory_turnover_ratio": 2.45,
            "account_receivable_turnover_ratio": 5.65,
            "reinvestment_rate": 58.67,
            "research_to_sale_ratio": null,
            "price_fair": 84.93,
            "eps_avg_yearly": 2.43,
            "eps_latest_yearly": 0.68,
            "eps_growth_yearly": 393.74
        },
        "20113": {
            "year_quarter": 20113,
            "year": 2011,
            "quarter": 3,
            "eps": -0.26,
            "eps_growth_year": null,
            "eps_4q": 1.15,
            "eps_4q_growth_year": 5.51,
            "roe": -1.73,
            "roe_4q": 6.52,
            "gross_profit": 131733,
            "gross_margin": 42.13,
            "gross_margin_4q_avg": 49.71,
            "net_income": -18249,
            "revenue": 312687,
            "common_shares": 674910,
            "book_valuer_per_share": 14.06,
            "book_valuer_per_share_4q_avg": 14.45,
            "equity": 1044697,
            "current_ratio": 115.76,
            "debt_ratio": 33.7,
            "inventory_turnover_ratio": 1.75,
            "account_receivable_turnover_ratio": 7.06,
            "reinvestment_rate": 63.82,
            "research_to_sale_ratio": null,
            "price_fair": 84.93,
            "eps_avg_yearly": 2.43,
            "eps_latest_yearly": 0.68,
            "eps_growth_yearly": 393.74
        },
        "20114": {
            "year_quarter": 20114,
            "year": 2011,
            "quarter": 4,
            "eps": 1.09,
            "eps_growth_year": 497.63,
            "eps_4q": 2.05,
            "eps_4q_growth_year": 111.98,
            "roe": 5.22,
            "roe_4q": 11.05,
            "gross_profit": 299441,
            "gross_margin": 57.12,
            "gross_margin_4q_avg": 50.76,
            "net_income": 55902,
            "revenue": 524214,
            "common_shares": 674910,
            "book_valuer_per_share": 15.19,
            "book_valuer_per_share_4q_avg": 14.72,
            "equity": 1098863,
            "current_ratio": 119.67,
            "debt_ratio": 32.47,
            "inventory_turnover_ratio": 1.92,
            "account_receivable_turnover_ratio": 10.31,
            "reinvestment_rate": 43.53,
            "research_to_sale_ratio": null,
            "price_fair": 84.93,
            "eps_avg_yearly": 2.43,
            "eps_latest_yearly": 0.68,
            "eps_growth_yearly": 393.74
        },
        "20121": {
            "year_quarter": 20121,
            "year": 2012,
            "quarter": 1,
            "eps": 0.96,
            "eps_growth_year": -10.28,
            "eps_4q": 1.95,
            "eps_4q_growth_year": 54.87,
            "roe": 5.1,
            "roe_4q": 9.41,
            "gross_profit": 236986,
            "gross_margin": 51.12,
            "gross_margin_4q_avg": 50.36,
            "net_income": 57447,
            "revenue": 463544,
            "common_shares": 674910,
            "book_valuer_per_share": 16.17,
            "book_valuer_per_share_4q_avg": 14.98,
            "equity": 1155785,
            "current_ratio": 127.63,
            "debt_ratio": 28.09,
            "inventory_turnover_ratio": 2.47,
            "account_receivable_turnover_ratio": 7.96,
            "reinvestment_rate": 27.73,
            "research_to_sale_ratio": null,
            "price_fair": 81.43,
            "eps_avg_yearly": 2.33,
            "eps_latest_yearly": 3.84,
            "eps_growth_yearly": 271.97
        },
        "20122": {
            "year_quarter": 20122,
            "year": 2012,
            "quarter": 2,
            "eps": -0.11,
            "eps_growth_year": -163.6,
            "eps_4q": 1.68,
            "eps_4q_growth_year": 27.17,
            "roe": -0.76,
            "roe_4q": 7.829999999999998,
            "gross_profit": 132910,
            "gross_margin": 45.8,
            "gross_margin_4q_avg": 49.04,
            "net_income": -8243,
            "revenue": 290189,
            "common_shares": 674910,
            "book_valuer_per_share": 14.04,
            "book_valuer_per_share_4q_avg": 14.87,
            "equity": 1018465,
            "current_ratio": 106.36,
            "debt_ratio": 34.85,
            "inventory_turnover_ratio": 1.93,
            "account_receivable_turnover_ratio": 5.21,
            "reinvestment_rate": 35.6,
            "research_to_sale_ratio": null,
            "price_fair": 81.43,
            "eps_avg_yearly": 2.33,
            "eps_latest_yearly": 3.84,
            "eps_growth_yearly": 271.97
        },
        "20123": {
            "year_quarter": 20123,
            "year": 2012,
            "quarter": 3,
            "eps": -0.19,
            "eps_growth_year": null,
            "eps_4q": 1.75,
            "eps_4q_growth_year": 52.81,
            "roe": -1.7,
            "roe_4q": 7.859999999999999,
            "gross_profit": 110136,
            "gross_margin": 40.24,
            "gross_margin_4q_avg": 48.57,
            "net_income": -17143,
            "revenue": 273724,
            "common_shares": 674910,
            "book_valuer_per_share": 13.84,
            "book_valuer_per_share_4q_avg": 14.81,
            "equity": 999896,
            "current_ratio": 99.79,
            "debt_ratio": 32.16,
            "inventory_turnover_ratio": 1.76,
            "account_receivable_turnover_ratio": 6.63,
            "reinvestment_rate": 22.87,
            "research_to_sale_ratio": null,
            "price_fair": 81.43,
            "eps_avg_yearly": 2.33,
            "eps_latest_yearly": 3.84,
            "eps_growth_yearly": 271.97
        },
        "20124": {
            "year_quarter": 20124,
            "year": 2012,
            "quarter": 4,
            "eps": 0.76,
            "eps_growth_year": -29.97,
            "eps_4q": 1.43,
            "eps_4q_growth_year": -30.6,
            "roe": 5.08,
            "roe_4q": 7.72,
            "gross_profit": 206242,
            "gross_margin": 54.52,
            "gross_margin_4q_avg": 47.92,
            "net_income": 52076,
            "revenue": 378297,
            "common_shares": 674910,
            "book_valuer_per_share": 14.62,
            "book_valuer_per_share_4q_avg": 14.67,
            "equity": 1051121,
            "current_ratio": 177.94,
            "debt_ratio": 27.58,
            "inventory_turnover_ratio": 1.87,
            "account_receivable_turnover_ratio": 8.35,
            "reinvestment_rate": 16.17,
            "research_to_sale_ratio": null,
            "price_fair": 81.43,
            "eps_avg_yearly": 2.33,
            "eps_latest_yearly": 3.84,
            "eps_growth_yearly": 271.97
        },
        "20131": {
            "year_quarter": 20131,
            "year": 2013,
            "quarter": 1,
            "eps": 0.84,
            "eps_growth_year": -12.5,
            "eps_4q": 1.31,
            "eps_4q_growth_year": -32.98,
            "roe": 5.42,
            "roe_4q": 8.040000000000001,
            "gross_profit": 203117,
            "gross_margin": 51.05,
            "gross_margin_4q_avg": 47.9,
            "net_income": 58111,
            "revenue": 397862,
            "common_shares": 674910,
            "book_valuer_per_share": 15.18,
            "book_valuer_per_share_4q_avg": 14.42,
            "equity": 1091842,
            "current_ratio": 239.48,
            "debt_ratio": 35.3,
            "inventory_turnover_ratio": 2.63,
            "account_receivable_turnover_ratio": 6.44,
            "reinvestment_rate": -16.56,
            "research_to_sale_ratio": null,
            "price_fair": 91.93,
            "eps_avg_yearly": 2.63,
            "eps_latest_yearly": 3.36,
            "eps_growth_yearly": 320.89
        },
        "20132": {
            "year_quarter": 20132,
            "year": 2013,
            "quarter": 2,
            "eps": 0.52,
            "eps_growth_year": null,
            "eps_4q": 0.9,
            "eps_4q_growth_year": -46.5,
            "roe": -3.63,
            "roe_4q": 5.17,
            "gross_profit": 107553,
            "gross_margin": 42.18,
            "gross_margin_4q_avg": 47,
            "net_income": -37772,
            "revenue": 255015,
            "common_shares": 674910,
            "book_valuer_per_share": 13.77,
            "book_valuer_per_share_4q_avg": 14.35,
            "equity": 992051,
            "current_ratio": 107.02,
            "debt_ratio": 38.4,
            "inventory_turnover_ratio": 2.39,
            "account_receivable_turnover_ratio": 5.19,
            "reinvestment_rate": 43.49,
            "research_to_sale_ratio": null,
            "price_fair": 89.2,
            "eps_avg_yearly": 2.55,
            "eps_latest_yearly": 2.08,
            "eps_growth_yearly": 253.28
        },
        "20133": {
            "year_quarter": 20133,
            "year": 2013,
            "quarter": 3,
            "eps": -0.9,
            "eps_growth_year": null,
            "eps_4q": 0.19,
            "eps_4q_growth_year": -89.17,
            "roe": -6.47,
            "roe_4q": 0.40000000000000036,
            "gross_profit": 94408,
            "gross_margin": 37.81,
            "gross_margin_4q_avg": 46.39,
            "net_income": -61746,
            "revenue": 249704,
            "common_shares": 674910,
            "book_valuer_per_share": 12.76,
            "book_valuer_per_share_4q_avg": 14.08,
            "equity": 916655,
            "current_ratio": 88.3,
            "debt_ratio": 46.26,
            "inventory_turnover_ratio": 2.16,
            "account_receivable_turnover_ratio": 7.05,
            "reinvestment_rate": 73.39,
            "research_to_sale_ratio": null,
            "price_fair": 89.2,
            "eps_avg_yearly": 2.55,
            "eps_latest_yearly": 2.08,
            "eps_growth_yearly": 253.28
        },
        "20134": {
            "year_quarter": 20134,
            "year": 2013,
            "quarter": 4,
            "eps": 0.03,
            "eps_growth_year": -96.04,
            "eps_4q": -0.54,
            "eps_4q_growth_year": -137.98,
            "roe": -0.16,
            "roe_4q": -4.84,
            "gross_profit": 197901,
            "gross_margin": 50.21,
            "gross_margin_4q_avg": 45.31,
            "net_income": -1497,
            "revenue": 394174,
            "common_shares": 674910,
            "book_valuer_per_share": 12.8,
            "book_valuer_per_share_4q_avg": 13.63,
            "equity": 916705,
            "current_ratio": 80.34,
            "debt_ratio": 47.44,
            "inventory_turnover_ratio": 2.27,
            "account_receivable_turnover_ratio": 8.5,
            "reinvestment_rate": 90.94,
            "research_to_sale_ratio": null,
            "price_fair": 89.2,
            "eps_avg_yearly": 2.55,
            "eps_latest_yearly": 2.08,
            "eps_growth_yearly": 253.28
        },
        "20141": {
            "year_quarter": 20141,
            "year": 2014,
            "quarter": 1,
            "eps": 0.24,
            "eps_growth_year": -71.43,
            "eps_4q": -1.14,
            "eps_4q_growth_year": -187,
            "roe": 1.49,
            "roe_4q": -8.77,
            "gross_profit": 228141,
            "gross_margin": 46.03,
            "gross_margin_4q_avg": 44.06,
            "net_income": 13714,
            "revenue": 495682,
            "common_shares": 674910,
            "book_valuer_per_share": 13.04,
            "book_valuer_per_share_4q_avg": 13.09,
            "equity": 930002,
            "current_ratio": 70.22,
            "debt_ratio": 46.25,
            "inventory_turnover_ratio": 3.34,
            "account_receivable_turnover_ratio": 10.2,
            "reinvestment_rate": 125.07,
            "research_to_sale_ratio": null,
            "price_fair": 77.8,
            "eps_avg_yearly": 2.22,
            "eps_latest_yearly": 0.96,
            "eps_growth_yearly": 561.11
        },
        "20142": {
            "year_quarter": 20142,
            "year": 2014,
            "quarter": 2,
            "eps": -0.49,
            "eps_growth_year": -194.23,
            "eps_4q": -1.11,
            "eps_4q_growth_year": -223.39,
            "roe": -5.13,
            "roe_4q": -10.27,
            "gross_profit": 146650,
            "gross_margin": 39.83,
            "gross_margin_4q_avg": 43.47,
            "net_income": -46365,
            "revenue": 368202,
            "common_shares": 674910,
            "book_valuer_per_share": 12.49,
            "book_valuer_per_share_4q_avg": 12.77,
            "equity": 879235,
            "current_ratio": 67.77,
            "debt_ratio": 45.76,
            "inventory_turnover_ratio": 3.2,
            "account_receivable_turnover_ratio": 9.47,
            "reinvestment_rate": 127.77,
            "research_to_sale_ratio": null,
            "price_fair": 88.67,
            "eps_avg_yearly": 2.53,
            "eps_latest_yearly": 0.96,
            "eps_growth_yearly": 713.89
        },
        "20143": {
            "year_quarter": 20143,
            "year": 2014,
            "quarter": 3,
            "eps": -1.26,
            "eps_growth_year": null,
            "eps_4q": -1.47,
            "eps_4q_growth_year": -874.91,
            "roe": -10.47,
            "roe_4q": -14.270000000000001,
            "gross_profit": 67024,
            "gross_margin": 25.43,
            "gross_margin_4q_avg": 40.38,
            "net_income": -87805,
            "revenue": 263547,
            "common_shares": 674910,
            "book_valuer_per_share": 11.33,
            "book_valuer_per_share_4q_avg": 12.42,
            "equity": 798134,
            "current_ratio": 52.62,
            "debt_ratio": 54.22,
            "inventory_turnover_ratio": 2.33,
            "account_receivable_turnover_ratio": 7.02,
            "reinvestment_rate": 145.13,
            "research_to_sale_ratio": null,
            "price_fair": 88.67,
            "eps_avg_yearly": 2.53,
            "eps_latest_yearly": 0.96,
            "eps_growth_yearly": 713.89
        },
        "20144": {
            "year_quarter": 20144,
            "year": 2014,
            "quarter": 4,
            "eps": 0.41,
            "eps_growth_year": 1246.73,
            "eps_4q": -1.09,
            "eps_4q_growth_year": null,
            "roe": 2.69,
            "roe_4q": -11.42,
            "gross_profit": 212606,
            "gross_margin": 47.62,
            "gross_margin_4q_avg": 39.73,
            "net_income": 21856,
            "revenue": 446474,
            "common_shares": 674910,
            "book_valuer_per_share": 11.83,
            "book_valuer_per_share_4q_avg": 12.17,
            "equity": 827233,
            "current_ratio": 57.5,
            "debt_ratio": 54.39,
            "inventory_turnover_ratio": 2.32,
            "account_receivable_turnover_ratio": 10.24,
            "reinvestment_rate": 145.19,
            "research_to_sale_ratio": null,
            "price_fair": 88.67,
            "eps_avg_yearly": 2.53,
            "eps_latest_yearly": 0.96,
            "eps_growth_yearly": 713.89
        },
        "20151": {
            "year_quarter": 20151,
            "year": 2015,
            "quarter": 1,
            "eps": 0.67,
            "eps_growth_year": 179.17,
            "eps_4q": -0.67,
            "eps_4q_growth_year": null,
            "roe": 4.7,
            "roe_4q": -8.21,
            "gross_profit": 252050,
            "gross_margin": 47.95,
            "gross_margin_4q_avg": 40.21,
            "net_income": 39839,
            "revenue": 525611,
            "common_shares": 674910,
            "book_valuer_per_share": 12.5,
            "book_valuer_per_share_4q_avg": 12.04,
            "equity": 866913,
            "current_ratio": 55.81,
            "debt_ratio": 51,
            "inventory_turnover_ratio": 3.13,
            "account_receivable_turnover_ratio": 8.6,
            "reinvestment_rate": 188.84,
            "research_to_sale_ratio": null,
            "price_fair": 79.33,
            "eps_avg_yearly": 2.27,
            "eps_latest_yearly": 2.68,
            "eps_growth_yearly": 426.54
        },
        "20152": {
            "year_quarter": 20152,
            "year": 2015,
            "quarter": 2,
            "eps": -0.21,
            "eps_growth_year": null,
            "eps_4q": -0.39,
            "eps_4q_growth_year": null,
            "roe": -1.98,
            "roe_4q": -5.0600000000000005,
            "gross_profit": 168183,
            "gross_margin": 44.87,
            "gross_margin_4q_avg": 41.47,
            "net_income": -16928,
            "revenue": 374792,
            "common_shares": 674910,
            "book_valuer_per_share": 12.22,
            "book_valuer_per_share_4q_avg": 11.97,
            "equity": 845275,
            "current_ratio": 49.29,
            "debt_ratio": 49.63,
            "inventory_turnover_ratio": 2.79,
            "account_receivable_turnover_ratio": 6.03,
            "reinvestment_rate": 254.3,
            "research_to_sale_ratio": null,
            "price_fair": 90.44,
            "eps_avg_yearly": 2.58,
            "eps_latest_yearly": 2.68,
            "eps_growth_yearly": 579.14
        },
        "20153": {
            "year_quarter": 20153,
            "year": 2015,
            "quarter": 3,
            "eps": -1.19,
            "eps_growth_year": null,
            "eps_4q": -0.33,
            "eps_4q_growth_year": null,
            "roe": -10.27,
            "roe_4q": -4.859999999999999,
            "gross_profit": 70136,
            "gross_margin": 29.34,
            "gross_margin_4q_avg": 42.45,
            "net_income": -83112,
            "revenue": 239086,
            "common_shares": 674910,
            "book_valuer_per_share": 11.19,
            "book_valuer_per_share_4q_avg": 11.94,
            "equity": 773424,
            "current_ratio": 58.06,
            "debt_ratio": 52.67,
            "inventory_turnover_ratio": 2.25,
            "account_receivable_turnover_ratio": 6.18,
            "reinvestment_rate": 1718.19,
            "research_to_sale_ratio": null,
            "price_fair": 90.44,
            "eps_avg_yearly": 2.58,
            "eps_latest_yearly": 2.68,
            "eps_growth_yearly": 579.14
        },
        "20154": {
            "year_quarter": 20154,
            "year": 2015,
            "quarter": 4,
            "eps": 0.84,
            "eps_growth_year": 107.05,
            "eps_4q": 0.1,
            "eps_4q_growth_year": null,
            "roe": 6.2,
            "roe_4q": -1.3499999999999988,
            "gross_profit": 269686,
            "gross_margin": 52.59,
            "gross_margin_4q_avg": 43.69,
            "net_income": 49069,
            "revenue": 512807,
            "common_shares": 674910,
            "book_valuer_per_share": 11.84,
            "book_valuer_per_share_4q_avg": 11.94,
            "equity": 809232,
            "current_ratio": 60.71,
            "debt_ratio": 49.42,
            "inventory_turnover_ratio": 3.15,
            "account_receivable_turnover_ratio": 11.25,
            "reinvestment_rate": null,
            "research_to_sale_ratio": null,
            "price_fair": 90.44,
            "eps_avg_yearly": 2.58,
            "eps_latest_yearly": 2.68,
            "eps_growth_yearly": 579.14
        },
        "20161": {
            "year_quarter": 20161,
            "year": 2016,
            "quarter": 1,
            "eps": 1.07,
            "eps_growth_year": 59.7,
            "eps_4q": 0.5,
            "eps_4q_growth_year": null,
            "roe": 8.36,
            "roe_4q": 2.309999999999999,
            "gross_profit": 273275,
            "gross_margin": 54.16,
            "gross_margin_4q_avg": 45.24,
            "net_income": 70523,
            "revenue": 504587,
            "common_shares": 674910,
            "book_valuer_per_share": 12.88,
            "book_valuer_per_share_4q_avg": 12.03,
            "equity": 878616,
            "current_ratio": 65.98,
            "debt_ratio": 41.27,
            "inventory_turnover_ratio": 3.45,
            "account_receivable_turnover_ratio": 9.29,
            "reinvestment_rate": 120079.71,
            "research_to_sale_ratio": null,
            "price_fair": 93.52,
            "eps_avg_yearly": 2.67,
            "eps_latest_yearly": 4.28,
            "eps_growth_yearly": 610.58
        },
        "20162": {
            "year_quarter": 20162,
            "year": 2016,
            "quarter": 2,
            "eps": -0.4,
            "eps_growth_year": null,
            "eps_4q": 0.32,
            "eps_4q_growth_year": null,
            "roe": -3.2,
            "roe_4q": 1.0899999999999999,
            "gross_profit": 125232,
            "gross_margin": 43.25,
            "gross_margin_4q_avg": 44.84,
            "net_income": -27567,
            "revenue": 289523,
            "common_shares": 674910,
            "book_valuer_per_share": 12.39,
            "book_valuer_per_share_4q_avg": 12.08,
            "equity": 844454,
            "current_ratio": 83.96,
            "debt_ratio": 43.6,
            "inventory_turnover_ratio": 2.73,
            "account_receivable_turnover_ratio": 8.15,
            "reinvestment_rate": null,
            "research_to_sale_ratio": null,
            "price_fair": 93.52,
            "eps_avg_yearly": 2.67,
            "eps_latest_yearly": 4.28,
            "eps_growth_yearly": 610.58
        },
        "20163": {
            "year_quarter": 20163,
            "year": 2016,
            "quarter": 3,
            "eps": -1.22,
            "eps_growth_year": null,
            "eps_4q": 0.3,
            "eps_4q_growth_year": null,
            "roe": -10.29,
            "roe_4q": 1.0700000000000012,
            "gross_profit": 70484,
            "gross_margin": 32.6,
            "gross_margin_4q_avg": 45.65,
            "net_income": -82217,
            "revenue": 216217,
            "common_shares": 674910,
            "book_valuer_per_share": 11.08,
            "book_valuer_per_share_4q_avg": 12.05,
            "equity": 753135,
            "current_ratio": 112.86,
            "debt_ratio": 52.46,
            "inventory_turnover_ratio": 1.9,
            "account_receivable_turnover_ratio": 7.14,
            "reinvestment_rate": null,
            "research_to_sale_ratio": null,
            "price_fair": 93.52,
            "eps_avg_yearly": 2.67,
            "eps_latest_yearly": 4.28,
            "eps_growth_yearly": 610.58
        },
        "20164": {
            "year_quarter": 20164,
            "year": 2016,
            "quarter": 4,
            "eps": 1.01,
            "eps_growth_year": 20.25,
            "eps_4q": 0.47,
            "eps_4q_growth_year": 344.79,
            "roe": 8.86,
            "roe_4q": 3.7299999999999995,
            "gross_profit": 264975,
            "gross_margin": 54.15,
            "gross_margin_4q_avg": 46.04,
            "net_income": 69619,
            "revenue": 489378,
            "common_shares": 674910,
            "book_valuer_per_share": 12.02,
            "book_valuer_per_share_4q_avg": 12.09,
            "equity": 818014,
            "current_ratio": 114.91,
            "debt_ratio": 52.97,
            "inventory_turnover_ratio": 2.74,
            "account_receivable_turnover_ratio": 9.01,
            "reinvestment_rate": null,
            "research_to_sale_ratio": null,
            "price_fair": 93.52,
            "eps_avg_yearly": 2.67,
            "eps_latest_yearly": 4.28,
            "eps_growth_yearly": 610.58
        },
        "20171": {
            "year_quarter": 20171,
            "year": 2017,
            "quarter": 1,
            "eps": 0.53,
            "eps_growth_year": -50.47,
            "eps_4q": -0.06,
            "eps_4q_growth_year": -112.81,
            "roe": 4.44,
            "roe_4q": -0.18999999999999861,
            "gross_profit": 239737,
            "gross_margin": 52.01,
            "gross_margin_4q_avg": 45.5,
            "net_income": 36940,
            "revenue": 460958,
            "common_shares": 674910,
            "book_valuer_per_share": 12.42,
            "book_valuer_per_share_4q_avg": 11.98,
            "equity": 845595,
            "current_ratio": 118.92,
            "debt_ratio": 51.28,
            "inventory_turnover_ratio": 3.25,
            "account_receivable_turnover_ratio": 7.82,
            "reinvestment_rate": null,
            "research_to_sale_ratio": null,
            "price_fair": 84.84,
            "eps_avg_yearly": 2.42,
            "eps_latest_yearly": 2.12,
            "eps_growth_yearly": 564.14
        },
        "20172": {
            "year_quarter": 20172,
            "year": 2017,
            "quarter": 2,
            "eps": -0.34,
            "eps_growth_year": null,
            "eps_4q": -0.02,
            "eps_4q_growth_year": -105.35,
            "roe": -2.79,
            "roe_4q": 0.22000000000000064,
            "gross_profit": 140198,
            "gross_margin": 46.58,
            "gross_margin_4q_avg": 46.34,
            "net_income": -23309,
            "revenue": 301006,
            "common_shares": 674910,
            "book_valuer_per_share": 12.12,
            "book_valuer_per_share_4q_avg": 11.91,
            "equity": 825645,
            "current_ratio": 89.32,
            "debt_ratio": 51.67,
            "inventory_turnover_ratio": 2.82,
            "account_receivable_turnover_ratio": 7.75,
            "reinvestment_rate": null,
            "research_to_sale_ratio": null,
            "price_fair": 87.85,
            "eps_avg_yearly": 2.51,
            "eps_latest_yearly": 2.12,
            "eps_growth_yearly": 743.27
        },
        "20173": {
            "year_quarter": 20173,
            "year": 2017,
            "quarter": 3,
            "eps": -1.47,
            "eps_growth_year": null,
            "eps_4q": -0.27,
            "eps_4q_growth_year": -190.91,
            "roe": -11.58,
            "roe_4q": -1.0700000000000003,
            "gross_profit": 51670,
            "gross_margin": 27.17,
            "gross_margin_4q_avg": 44.98,
            "net_income": -98697,
            "revenue": 190169,
            "common_shares": 674910,
            "book_valuer_per_share": 10.69,
            "book_valuer_per_share_4q_avg": 11.81,
            "equity": 879309,
            "current_ratio": 200.46,
            "debt_ratio": 62.23,
            "inventory_turnover_ratio": 2.3,
            "account_receivable_turnover_ratio": 7.07,
            "reinvestment_rate": null,
            "research_to_sale_ratio": null,
            "price_fair": 87.85,
            "eps_avg_yearly": 2.51,
            "eps_latest_yearly": 2.12,
            "eps_growth_yearly": 743.27
        },
        "20174": {
            "year_quarter": 20174,
            "year": 2017,
            "quarter": 4,
            "eps": 0.91,
            "eps_growth_year": -9.91,
            "eps_4q": -0.37,
            "eps_4q_growth_year": -179.2,
            "roe": 6.6,
            "roe_4q": -3.33,
            "gross_profit": 263832,
            "gross_margin": 54.17,
            "gross_margin_4q_avg": 44.98,
            "net_income": 62985,
            "revenue": 487059,
            "common_shares": 674910,
            "book_valuer_per_share": 11.58,
            "book_valuer_per_share_4q_avg": 11.7,
            "equity": 1029508,
            "current_ratio": 140.66,
            "debt_ratio": 53.5,
            "inventory_turnover_ratio": 3.02,
            "account_receivable_turnover_ratio": 11.43,
            "reinvestment_rate": null,
            "research_to_sale_ratio": null,
            "price_fair": 87.85,
            "eps_avg_yearly": 2.51,
            "eps_latest_yearly": 2.12,
            "eps_growth_yearly": 743.27
        },
        "20181": {
            "year_quarter": 20181,
            "year": 2018,
            "quarter": 1,
            "eps": 0.68,
            "eps_growth_year": 28.3,
            "eps_4q": -0.23,
            "eps_4q_growth_year": null,
            "roe": 4.33,
            "roe_4q": -3.4400000000000004,
            "gross_profit": 259587,
            "gross_margin": 51.63,
            "gross_margin_4q_avg": 44.89,
            "net_income": 45646,
            "revenue": 502785,
            "common_shares": 674910,
            "book_valuer_per_share": 12.31,
            "book_valuer_per_share_4q_avg": 11.68,
            "equity": 1078700,
            "current_ratio": 134.16,
            "debt_ratio": 50.57,
            "inventory_turnover_ratio": 3.2,
            "account_receivable_turnover_ratio": 7.92,
            "reinvestment_rate": null,
            "research_to_sale_ratio": null,
            "price_fair": 82.59,
            "eps_avg_yearly": 2.95,
            "eps_latest_yearly": 2.72,
            "eps_growth_yearly": 18
        },
        "20182": {
            "year_quarter": 20182,
            "year": 2018,
            "quarter": 2,
            "eps": -0.44,
            "eps_growth_year": null,
            "eps_4q": -0.32,
            "eps_4q_growth_year": null,
            "roe": -2.73,
            "roe_4q": -3.380000000000001,
            "gross_profit": 136630,
            "gross_margin": 43.78,
            "gross_margin_4q_avg": 44.19,
            "net_income": -29036,
            "revenue": 312108,
            "common_shares": 674910,
            "book_valuer_per_share": 11.83,
            "book_valuer_per_share_4q_avg": 11.6,
            "equity": 1047702,
            "current_ratio": 126.71,
            "debt_ratio": 51.11,
            "inventory_turnover_ratio": 2.63,
            "account_receivable_turnover_ratio": 5.93,
            "reinvestment_rate": null,
            "research_to_sale_ratio": null,
            "price_fair": 82.59,
            "eps_avg_yearly": 2.95,
            "eps_latest_yearly": 2.72,
            "eps_growth_yearly": 18
        },
        "20183": {
            "year_quarter": 20183,
            "year": 2018,
            "quarter": 3,
            "eps": -1.36,
            "eps_growth_year": null,
            "eps_4q": -0.22,
            "eps_4q_growth_year": null,
            "roe": -9.47,
            "roe_4q": -1.2700000000000014,
            "gross_profit": 63417,
            "gross_margin": 31.96,
            "gross_margin_4q_avg": 45.39,
            "net_income": -93246,
            "revenue": 198423,
            "common_shares": 674910,
            "book_valuer_per_share": 10.42,
            "book_valuer_per_share_4q_avg": 11.54,
            "equity": 920915,
            "current_ratio": 106.56,
            "debt_ratio": 54.08,
            "inventory_turnover_ratio": 1.88,
            "account_receivable_turnover_ratio": 5.48,
            "reinvestment_rate": null,
            "research_to_sale_ratio": null,
            "price_fair": 82.59,
            "eps_avg_yearly": 2.95,
            "eps_latest_yearly": 2.72,
            "eps_growth_yearly": 18
        },
        "20184": {
            "year_quarter": 20184,
            "year": 2018,
            "quarter": 4,
            "eps": 0.62,
            "eps_growth_year": -32.5,
            "eps_4q": -0.51,
            "eps_4q_growth_year": null,
            "roe": 4.4,
            "roe_4q": -3.4700000000000006,
            "gross_profit": 242871,
            "gross_margin": 52.52,
            "gross_margin_4q_avg": 44.97,
            "net_income": 43282,
            "revenue": 462476,
            "common_shares": 674910,
            "book_valuer_per_share": 11.14,
            "book_valuer_per_share_4q_avg": 11.43,
            "equity": 1044823,
            "current_ratio": 92.16,
            "debt_ratio": 51.58,
            "inventory_turnover_ratio": 2.5,
            "account_receivable_turnover_ratio": 10.19,
            "reinvestment_rate": null,
            "research_to_sale_ratio": null,
            "price_fair": 82.59,
            "eps_avg_yearly": 2.95,
            "eps_latest_yearly": 2.72,
            "eps_growth_yearly": 18
        },
        "20191": {
            "year_quarter": 20191,
            "year": 2019,
            "quarter": 1,
            "eps": 0.93,
            "eps_growth_year": 36.76,
            "eps_4q": -0.26,
            "eps_4q_growth_year": null,
            "roe": 6.61,
            "roe_4q": -1.189999999999999,
            "gross_profit": 293181,
            "gross_margin": 53.12,
            "gross_margin_4q_avg": 45.35,
            "net_income": 71471,
            "revenue": 551880,
            "common_shares": 674910,
            "book_valuer_per_share": 12.11,
            "book_valuer_per_share_4q_avg": 11.38,
            "equity": 1118465,
            "current_ratio": 82.64,
            "debt_ratio": 56.27,
            "inventory_turnover_ratio": 3.06,
            "account_receivable_turnover_ratio": 9.02,
            "reinvestment_rate": null,
            "research_to_sale_ratio": null,
            "price_fair": 46.81,
            "eps_avg_yearly": 3.21,
            "eps_latest_yearly": 3.72,
            "eps_growth_yearly": 4.58
        },
        "20192": {
            "year_quarter": 20192,
            "year": 2019,
            "quarter": 2,
            "eps": -0.53,
            "eps_growth_year": null,
            "eps_4q": -0.34,
            "eps_4q_growth_year": null,
            "roe": -2.91,
            "roe_4q": -1.3699999999999992,
            "gross_profit": 151663,
            "gross_margin": 45.52,
            "gross_margin_4q_avg": 45.78,
            "net_income": -31996,
            "revenue": 333189,
            "common_shares": 674910,
            "book_valuer_per_share": 11.57,
            "book_valuer_per_share_4q_avg": 11.31,
            "equity": 1082234,
            "current_ratio": 73.93,
            "debt_ratio": 55.43,
            "inventory_turnover_ratio": 2.76,
            "account_receivable_turnover_ratio": 6.34,
            "reinvestment_rate": null,
            "research_to_sale_ratio": null,
            "price_fair": 46.81,
            "eps_avg_yearly": 3.21,
            "eps_latest_yearly": 3.72,
            "eps_growth_yearly": 4.58
        },
        "20193": {
            "year_quarter": 20193,
            "year": 2019,
            "quarter": 3,
            "eps": -1.59,
            "eps_growth_year": null,
            "eps_4q": -0.57,
            "eps_4q_growth_year": null,
            "roe": -10.61,
            "roe_4q": -2.509999999999999,
            "gross_profit": 78149,
            "gross_margin": 35.64,
            "gross_margin_4q_avg": 46.7,
            "net_income": -108962,
            "revenue": 219266,
            "common_shares": 674910,
            "book_valuer_per_share": 9.96,
            "book_valuer_per_share_4q_avg": 11.2,
            "equity": 972132,
            "current_ratio": 121.63,
            "debt_ratio": 59.6,
            "inventory_turnover_ratio": 2.35,
            "account_receivable_turnover_ratio": 6.95,
            "reinvestment_rate": null,
            "research_to_sale_ratio": null,
            "price_fair": 46.81,
            "eps_avg_yearly": 3.21,
            "eps_latest_yearly": 3.72,
            "eps_growth_yearly": 4.58
        },
        "20194": {
            "year_quarter": 20194,
            "year": 2019,
            "quarter": 4,
            "eps": 0.92,
            "eps_growth_year": 49.79,
            "eps_4q": -0.26,
            "eps_4q_growth_year": null,
            "roe": 7.47,
            "roe_4q": 0.5600000000000005,
            "gross_profit": 237629,
            "gross_margin": 55.26,
            "gross_margin_4q_avg": 47.39,
            "net_income": 68597,
            "revenue": 429992,
            "common_shares": 674910,
            "book_valuer_per_share": 10.86,
            "book_valuer_per_share_4q_avg": 11.13,
            "equity": 864218,
            "current_ratio": 95.27,
            "debt_ratio": 60.42,
            "inventory_turnover_ratio": 2.71,
            "account_receivable_turnover_ratio": 13.9,
            "reinvestment_rate": null,
            "research_to_sale_ratio": null,
            "price_fair": 46.81,
            "eps_avg_yearly": 3.21,
            "eps_latest_yearly": 3.72,
            "eps_growth_yearly": 4.58
        },
        "20201": {
            "year_quarter": 20201,
            "year": 2020,
            "quarter": 1,
            "eps": 0.08,
            "eps_growth_year": -91.4,
            "eps_4q": -1.11,
            "eps_4q_growth_year": null,
            "roe": 0.75,
            "roe_4q": -5.300000000000001,
            "gross_profit": 176031,
            "gross_margin": 50.31,
            "gross_margin_4q_avg": 46.68,
            "net_income": 6525,
            "revenue": 349870,
            "common_shares": 674910,
            "book_valuer_per_share": 10.94,
            "book_valuer_per_share_4q_avg": 10.83,
            "equity": 870637,
            "current_ratio": 108.04,
            "debt_ratio": 56.9,
            "inventory_turnover_ratio": 2.71,
            "account_receivable_turnover_ratio": 12.5,
            "reinvestment_rate": null,
            "research_to_sale_ratio": null,
            "price_fair": 6.66,
            "eps_avg_yearly": 2.22,
            "eps_latest_yearly": 0.32,
            "eps_growth_yearly": -114.1
        },
        "20202": {
            "year_quarter": 20202,
            "year": 2020,
            "quarter": 2,
            "eps": -1.42,
            "eps_growth_year": null,
            "eps_4q": -2.01,
            "eps_4q_growth_year": null,
            "roe": -12.55,
            "roe_4q": -14.940000000000001,
            "gross_profit": -1255,
            "gross_margin": -1.74,
            "gross_margin_4q_avg": 34.87,
            "net_income": -100264,
            "revenue": 72144,
            "common_shares": 674910,
            "book_valuer_per_share": 9.54,
            "book_valuer_per_share_4q_avg": 10.33,
            "equity": 727004,
            "current_ratio": 75.52,
            "debt_ratio": 59.98,
            "inventory_turnover_ratio": 1.61,
            "account_receivable_turnover_ratio": 6.85,
            "reinvestment_rate": null,
            "research_to_sale_ratio": null,
            "price_fair": 6.66,
            "eps_avg_yearly": 2.22,
            "eps_latest_yearly": 0.32,
            "eps_growth_yearly": -114.1
        },
        "20203": {
            "year_quarter": 20203,
            "year": 2020,
            "quarter": 3,
            "eps": -0.74,
            "eps_growth_year": null,
            "eps_4q": -1.15,
            "eps_4q_growth_year": null,
            "roe": -7.14,
            "roe_4q": -11.470000000000002,
            "gross_profit": 70038,
            "gross_margin": 36.62,
            "gross_margin_4q_avg": 35.11,
            "net_income": -50060,
            "revenue": 191247,
            "common_shares": 674910,
            "book_valuer_per_share": 8.78,
            "book_valuer_per_share_4q_avg": 10.03,
            "equity": 674757,
            "current_ratio": 73.22,
            "debt_ratio": 62.77,
            "inventory_turnover_ratio": 2.72,
            "account_receivable_turnover_ratio": 15,
            "reinvestment_rate": null,
            "research_to_sale_ratio": null,
            "price_fair": 6.66,
            "eps_avg_yearly": 2.22,
            "eps_latest_yearly": 0.32,
            "eps_growth_yearly": -114.1
        },
        "20204": {
            "year_quarter": 20204,
            "year": 2020,
            "quarter": 4,
            "eps": 1.22,
            "eps_growth_year": 31.94,
            "eps_4q": -0.86,
            "eps_4q_growth_year": null,
            "roe": 12.25,
            "roe_4q": -6.69,
            "gross_profit": 216767,
            "gross_margin": 53.68,
            "gross_margin_4q_avg": 34.72,
            "net_income": 88588,
            "revenue": 403832,
            "common_shares": 674910,
            "book_valuer_per_share": 10.11,
            "book_valuer_per_share_4q_avg": 9.84,
            "equity": 771333,
            "current_ratio": 98.47,
            "debt_ratio": 56.14,
            "inventory_turnover_ratio": 3.79,
            "account_receivable_turnover_ratio": 13.48,
            "reinvestment_rate": null,
            "research_to_sale_ratio": null,
            "price_fair": 6.66,
            "eps_avg_yearly": 2.22,
            "eps_latest_yearly": 0.32,
            "eps_growth_yearly": -114.1
        },
        "20211": {
            "year_quarter": 20211,
            "year": 2021,
            "quarter": 1,
            "eps": 0.27,
            "eps_growth_year": 237.5,
            "eps_4q": -0.67,
            "eps_4q_growth_year": null,
            "roe": 2.77,
            "roe_4q": -4.670000000000001,
            "gross_profit": 148406,
            "gross_margin": 52.88,
            "gross_margin_4q_avg": 35.36,
            "net_income": 21660,
            "revenue": 280657,
            "common_shares": 674910,
            "book_valuer_per_share": 10.38,
            "book_valuer_per_share_4q_avg": 9.7,
            "equity": 792993,
            "current_ratio": 99.36,
            "debt_ratio": 54.53,
            "inventory_turnover_ratio": 2.84,
            "account_receivable_turnover_ratio": 9.3,
            "reinvestment_rate": null,
            "research_to_sale_ratio": null,
            "price_fair": 5.88,
            "eps_avg_yearly": 1.96,
            "eps_latest_yearly": 1.08,
            "eps_growth_yearly": -144.45
        },
        "20212": {
            "year_quarter": 20212,
            "year": 2021,
            "quarter": 2,
            "eps": -1,
            "eps_growth_year": null,
            "eps_4q": -0.25,
            "eps_4q_growth_year": null,
            "roe": -9.28,
            "roe_4q": -1.3999999999999995,
            "gross_profit": 30366,
            "gross_margin": 28.81,
            "gross_margin_4q_avg": 43,
            "net_income": -70246,
            "revenue": 105399,
            "common_shares": 674910,
            "book_valuer_per_share": 9.38,
            "book_valuer_per_share_4q_avg": 9.66,
            "equity": 720237,
            "current_ratio": 73.82,
            "debt_ratio": 55.46,
            "inventory_turnover_ratio": 1.67,
            "account_receivable_turnover_ratio": 11.48,
            "reinvestment_rate": null,
            "research_to_sale_ratio": null,
            "price_fair": 5.88,
            "eps_avg_yearly": 1.96,
            "eps_latest_yearly": 1.08,
            "eps_growth_yearly": -144.45
        },
        "20213": {
            "year_quarter": 20213,
            "year": 2021,
            "quarter": 3,
            "eps": -1.38,
            "eps_growth_year": null,
            "eps_4q": -0.9,
            "eps_4q_growth_year": null,
            "roe": -14.78,
            "roe_4q": -9.04,
            "gross_profit": -19520,
            "gross_margin": -49.75,
            "gross_margin_4q_avg": 21.41,
            "net_income": -99132,
            "revenue": 39240,
            "common_shares": 674910,
            "book_valuer_per_share": 8,
            "book_valuer_per_share_4q_avg": 9.47,
            "equity": 621105,
            "current_ratio": 68.4,
            "debt_ratio": 61.23,
            "inventory_turnover_ratio": 1.23,
            "account_receivable_turnover_ratio": 21.97,
            "reinvestment_rate": null,
            "research_to_sale_ratio": null,
            "price_fair": 5.88,
            "eps_avg_yearly": 1.96,
            "eps_latest_yearly": 1.08,
            "eps_growth_yearly": -144.45
        },
        "20214": {
            "year_quarter": 20214,
            "year": 2021,
            "quarter": 4,
            "eps": 0.37,
            "eps_growth_year": -69.2,
            "eps_4q": -1.74,
            "eps_4q_growth_year": null,
            "roe": 4.45,
            "roe_4q": -16.84,
            "gross_profit": 120924,
            "gross_margin": 49.68,
            "gross_margin_4q_avg": 20.41,
            "net_income": 28261,
            "revenue": 243420,
            "common_shares": 674910,
            "book_valuer_per_share": 8.38,
            "book_valuer_per_share_4q_avg": 9.04,
            "equity": 649872,
            "current_ratio": 84.42,
            "debt_ratio": 62.78,
            "inventory_turnover_ratio": 2.28,
            "account_receivable_turnover_ratio": 16.46,
            "reinvestment_rate": null,
            "research_to_sale_ratio": null,
            "price_fair": 5.88,
            "eps_avg_yearly": 1.96,
            "eps_latest_yearly": 1.08,
            "eps_growth_yearly": -144.45
        },
        "20221": {
            "year_quarter": 20221,
            "year": 2022,
            "quarter": 1,
            "eps": 0.73,
            "eps_growth_year": 170.37,
            "eps_4q": -1.28,
            "eps_4q_growth_year": null,
            "roe": 7.8,
            "roe_4q": -11.809999999999999,
            "gross_profit": 166423,
            "gross_margin": 54,
            "gross_margin_4q_avg": 20.69,
            "net_income": 52725,
            "revenue": 308208,
            "common_shares": 674910,
            "book_valuer_per_share": 9.12,
            "book_valuer_per_share_4q_avg": 8.72,
            "equity": 702597,
            "current_ratio": 105.85,
            "debt_ratio": 58.77,
            "inventory_turnover_ratio": 2.53,
            "account_receivable_turnover_ratio": 14.48,
            "reinvestment_rate": null,
            "research_to_sale_ratio": null,
            "price_fair": 6.03,
            "eps_avg_yearly": 2.01,
            "eps_latest_yearly": 2.92,
            "eps_growth_yearly": -21.88
        },
        "20222": {
            "year_quarter": 20222,
            "year": 2022,
            "quarter": 2,
            "eps": -0.77,
            "eps_growth_year": null,
            "eps_4q": -1.04,
            "eps_4q_growth_year": null,
            "roe": -7.98,
            "roe_4q": -10.51,
            "gross_profit": 35397,
            "gross_margin": 31.79,
            "gross_margin_4q_avg": 21.43,
            "net_income": -53945,
            "revenue": 111332,
            "common_shares": 674910,
            "book_valuer_per_share": 8.35,
            "book_valuer_per_share_4q_avg": 8.46,
            "equity": 648652,
            "current_ratio": 89.38,
            "debt_ratio": 60.48,
            "inventory_turnover_ratio": 1.45,
            "account_receivable_turnover_ratio": 11.16,
            "reinvestment_rate": null,
            "research_to_sale_ratio": null,
            "price_fair": 6.03,
            "eps_avg_yearly": 2.01,
            "eps_latest_yearly": 2.92,
            "eps_growth_yearly": -21.88
        },
        "20223": {
            "year_quarter": 20223,
            "year": 2022,
            "quarter": 3,
            "eps": -0.38,
            "eps_growth_year": null,
            "eps_4q": -0.04,
            "eps_4q_growth_year": null,
            "roe": -4.48,
            "roe_4q": -0.21000000000000085,
            "gross_profit": 74920,
            "gross_margin": 42.77,
            "gross_margin_4q_avg": 44.56,
            "net_income": -28403,
            "revenue": 175153,
            "common_shares": 674910,
            "book_valuer_per_share": 7.97,
            "book_valuer_per_share_4q_avg": 8.46,
            "equity": 620249,
            "current_ratio": 85.14,
            "debt_ratio": 68.13,
            "inventory_turnover_ratio": 1.64,
            "account_receivable_turnover_ratio": 17.18,
            "reinvestment_rate": null,
            "research_to_sale_ratio": null,
            "price_fair": 6.03,
            "eps_avg_yearly": 2.01,
            "eps_latest_yearly": 2.92,
            "eps_growth_yearly": -21.88
        },
        "20224": {
            "year_quarter": 20224,
            "year": 2022,
            "quarter": 4,
            "eps": 0.76,
            "eps_growth_year": 101.94,
            "eps_4q": 0.35,
            "eps_4q_growth_year": null,
            "roe": 8.15,
            "roe_4q": 3.4899999999999993,
            "gross_profit": 210608,
            "gross_margin": 54.95,
            "gross_margin_4q_avg": 45.88,
            "net_income": 53099,
            "revenue": 383256,
            "common_shares": 674910,
            "book_valuer_per_share": 8.88,
            "book_valuer_per_share_4q_avg": 8.58,
            "equity": 683581,
            "current_ratio": 79.73,
            "debt_ratio": 67.82,
            "inventory_turnover_ratio": 2.1,
            "account_receivable_turnover_ratio": 12.99,
            "reinvestment_rate": null,
            "research_to_sale_ratio": null,
            "price_fair": 6.03,
            "eps_avg_yearly": 2.01,
            "eps_latest_yearly": 2.92,
            "eps_growth_yearly": -21.88
        },
        "20231": {
            "year_quarter": 20231,
            "year": 2023,
            "quarter": 1,
            "eps": 0.74,
            "eps_growth_year": 1.37,
            "eps_4q": 0.35,
            "eps_4q_growth_year": null,
            "roe": 7.3,
            "roe_4q": 2.9899999999999984,
            "gross_profit": 222834,
            "gross_margin": 53.53,
            "gross_margin_4q_avg": 45.76,
            "net_income": 51813,
            "revenue": 416243,
            "common_shares": 674910,
            "book_valuer_per_share": 9.62,
            "book_valuer_per_share_4q_avg": 8.71,
            "equity": 735394,
            "current_ratio": 82.02,
            "debt_ratio": 64.27,
            "inventory_turnover_ratio": 2.2,
            "account_receivable_turnover_ratio": 12.44,
            "reinvestment_rate": null,
            "research_to_sale_ratio": null,
            "price_fair": 5.46,
            "eps_avg_yearly": 1.82,
            "eps_latest_yearly": 2.96,
            "eps_growth_yearly": -74.51
        }
    },
    "months": {
        "2003-01": {
            "month": "2003-01",
            "price": "25.05",
            "revenue": 145206
        },
        "2003-02": {
            "month": "2003-02",
            "price": "23.31",
            "revenue": 64110
        },
        "2003-03": {
            "month": "2003-03",
            "price": "21.34",
            "revenue": 66621
        },
        "2003-04": {
            "month": "2003-04",
            "price": "21.61",
            "revenue": 40292
        },
        "2003-05": {
            "month": "2003-05",
            "price": "20.74",
            "revenue": 38889
        },
        "2003-06": {
            "month": "2003-06",
            "price": "19.82",
            "revenue": 43837
        },
        "2003-07": {
            "month": "2003-07",
            "price": "19.82",
            "revenue": 52622
        },
        "2003-08": {
            "month": "2003-08",
            "price": "19.07",
            "revenue": 51698
        },
        "2003-09": {
            "month": "2003-09",
            "price": "19.67",
            "revenue": 71221
        },
        "2003-10": {
            "month": "2003-10",
            "price": "20.42",
            "revenue": 73291
        },
        "2003-11": {
            "month": "2003-11",
            "price": "21.00",
            "revenue": 82554
        },
        "2003-12": {
            "month": "2003-12",
            "price": "24.13",
            "revenue": 100538
        },
        "2004-01": {
            "month": "2004-01",
            "price": "25.33",
            "revenue": 164694
        },
        "2004-02": {
            "month": "2004-02",
            "price": "24.68",
            "revenue": 68129
        },
        "2004-03": {
            "month": "2004-03",
            "price": "23.75",
            "revenue": 45448
        },
        "2004-04": {
            "month": "2004-04",
            "price": "25.24",
            "revenue": 37294
        },
        "2004-05": {
            "month": "2004-05",
            "price": "23.72",
            "revenue": 71404
        },
        "2004-06": {
            "month": "2004-06",
            "price": "20.79",
            "revenue": 54718
        },
        "2004-07": {
            "month": "2004-07",
            "price": "17.93",
            "revenue": 57429
        },
        "2004-08": {
            "month": "2004-08",
            "price": "17.16",
            "revenue": 46572
        },
        "2004-09": {
            "month": "2004-09",
            "price": "18.74",
            "revenue": 42164
        },
        "2004-10": {
            "month": "2004-10",
            "price": "17.54",
            "revenue": 71645
        },
        "2004-11": {
            "month": "2004-11",
            "price": "15.78",
            "revenue": 62848
        },
        "2004-12": {
            "month": "2004-12",
            "price": "17.10",
            "revenue": 70026
        },
        "2005-01": {
            "month": "2005-01",
            "price": "17.89",
            "revenue": 140243
        },
        "2005-02": {
            "month": "2005-02",
            "price": "18.79",
            "revenue": 104407
        },
        "2005-03": {
            "month": "2005-03",
            "price": "18.57",
            "revenue": 57832
        },
        "2005-04": {
            "month": "2005-04",
            "price": "18.42",
            "revenue": 49816
        },
        "2005-05": {
            "month": "2005-05",
            "price": "18.31",
            "revenue": 67106
        },
        "2005-06": {
            "month": "2005-06",
            "price": "19.50",
            "revenue": 76469
        },
        "2005-07": {
            "month": "2005-07",
            "price": "18.86",
            "revenue": 60355
        },
        "2005-08": {
            "month": "2005-08",
            "price": "18.29",
            "revenue": 35421
        },
        "2005-09": {
            "month": "2005-09",
            "price": "18.99",
            "revenue": 61372
        },
        "2005-10": {
            "month": "2005-10",
            "price": "19.11",
            "revenue": 89017
        },
        "2005-11": {
            "month": "2005-11",
            "price": "18.16",
            "revenue": 64776
        },
        "2005-12": {
            "month": "2005-12",
            "price": "18.65",
            "revenue": 90998
        },
        "2006-01": {
            "month": "2006-01",
            "price": "18.85",
            "revenue": 148769
        },
        "2006-02": {
            "month": "2006-02",
            "price": "18.27",
            "revenue": 63527
        },
        "2006-03": {
            "month": "2006-03",
            "price": "17.88",
            "revenue": 49850
        },
        "2006-04": {
            "month": "2006-04",
            "price": "20.08",
            "revenue": 60864
        },
        "2006-05": {
            "month": "2006-05",
            "price": "32.44",
            "revenue": 52895
        },
        "2006-06": {
            "month": "2006-06",
            "price": "28.02",
            "revenue": 57368
        },
        "2006-07": {
            "month": "2006-07",
            "price": "24.88",
            "revenue": 48791
        },
        "2006-08": {
            "month": "2006-08",
            "price": "25.59",
            "revenue": 24892
        },
        "2006-09": {
            "month": "2006-09",
            "price": "25.15",
            "revenue": 29682
        },
        "2006-10": {
            "month": "2006-10",
            "price": "25.46",
            "revenue": 72628
        },
        "2006-11": {
            "month": "2006-11",
            "price": "24.54",
            "revenue": 68657
        },
        "2006-12": {
            "month": "2006-12",
            "price": "25.42",
            "revenue": 94906
        },
        "2007-01": {
            "month": "2007-01",
            "price": "24.93",
            "revenue": 105924
        },
        "2007-02": {
            "month": "2007-02",
            "price": "27.44",
            "revenue": 102220
        },
        "2007-03": {
            "month": "2007-03",
            "price": "26.99",
            "revenue": 68486
        },
        "2007-04": {
            "month": "2007-04",
            "price": "33.43",
            "revenue": 80381
        },
        "2007-05": {
            "month": "2007-05",
            "price": "30.80",
            "revenue": 61141
        },
        "2007-06": {
            "month": "2007-06",
            "price": "30.47",
            "revenue": 70066
        },
        "2007-07": {
            "month": "2007-07",
            "price": "32.10",
            "revenue": 52483
        },
        "2007-08": {
            "month": "2007-08",
            "price": "26.76",
            "revenue": 34439
        },
        "2007-09": {
            "month": "2007-09",
            "price": "27.02",
            "revenue": 49769
        },
        "2007-10": {
            "month": "2007-10",
            "price": "27.33",
            "revenue": 75164
        },
        "2007-11": {
            "month": "2007-11",
            "price": "25.78",
            "revenue": 57009
        },
        "2007-12": {
            "month": "2007-12",
            "price": "24.59",
            "revenue": 80822
        },
        "2008-01": {
            "month": "2008-01",
            "price": "25.22",
            "revenue": 166910
        },
        "2008-02": {
            "month": "2008-02",
            "price": "26.57",
            "revenue": 74173
        },
        "2008-03": {
            "month": "2008-03",
            "price": "28.20",
            "revenue": 51573
        },
        "2008-04": {
            "month": "2008-04",
            "price": "29.64",
            "revenue": 44131
        },
        "2008-05": {
            "month": "2008-05",
            "price": "30.70",
            "revenue": 73314
        },
        "2008-06": {
            "month": "2008-06",
            "price": "33.38",
            "revenue": 45489
        },
        "2008-07": {
            "month": "2008-07",
            "price": "29.32",
            "revenue": 47540
        },
        "2008-08": {
            "month": "2008-08",
            "price": "22.84",
            "revenue": 22373
        },
        "2008-09": {
            "month": "2008-09",
            "price": "18.56",
            "revenue": 51168
        },
        "2008-10": {
            "month": "2008-10",
            "price": "17.36",
            "revenue": 85353
        },
        "2008-11": {
            "month": "2008-11",
            "price": "17.22",
            "revenue": 121682
        },
        "2008-12": {
            "month": "2008-12",
            "price": "18.82",
            "revenue": 93012
        },
        "2009-01": {
            "month": "2009-01",
            "price": "19.41",
            "revenue": 117042
        },
        "2009-02": {
            "month": "2009-02",
            "price": "19.39",
            "revenue": 52233
        },
        "2009-03": {
            "month": "2009-03",
            "price": "22.35",
            "revenue": 65520
        },
        "2009-04": {
            "month": "2009-04",
            "price": "26.92",
            "revenue": 42295
        },
        "2009-05": {
            "month": "2009-05",
            "price": "29.45",
            "revenue": 75452
        },
        "2009-06": {
            "month": "2009-06",
            "price": "24.60",
            "revenue": 33943
        },
        "2009-07": {
            "month": "2009-07",
            "price": "22.14",
            "revenue": 33180
        },
        "2009-08": {
            "month": "2009-08",
            "price": "21.64",
            "revenue": 45172
        },
        "2009-09": {
            "month": "2009-09",
            "price": "21.83",
            "revenue": 37722
        },
        "2009-10": {
            "month": "2009-10",
            "price": "22.20",
            "revenue": 66705
        },
        "2009-11": {
            "month": "2009-11",
            "price": "22.13",
            "revenue": 72816
        },
        "2009-12": {
            "month": "2009-12",
            "price": "23.44",
            "revenue": 77989
        },
        "2010-01": {
            "month": "2010-01",
            "price": "23.67",
            "revenue": 144556
        },
        "2010-02": {
            "month": "2010-02",
            "price": "21.45",
            "revenue": 75535
        },
        "2010-03": {
            "month": "2010-03",
            "price": "21.94",
            "revenue": 72474
        },
        "2010-04": {
            "month": "2010-04",
            "price": "22.60",
            "revenue": 68991
        },
        "2010-05": {
            "month": "2010-05",
            "price": "29.18",
            "revenue": 80159
        },
        "2010-06": {
            "month": "2010-06",
            "price": "35.48",
            "revenue": 36739
        },
        "2010-07": {
            "month": "2010-07",
            "price": "34.16",
            "revenue": 58186
        },
        "2010-08": {
            "month": "2010-08",
            "price": "33.01",
            "revenue": 36807
        },
        "2010-09": {
            "month": "2010-09",
            "price": "33.40",
            "revenue": 72849
        },
        "2010-10": {
            "month": "2010-10",
            "price": "34.20",
            "revenue": 90045
        },
        "2010-11": {
            "month": "2010-11",
            "price": "31.05",
            "revenue": 66065
        },
        "2010-12": {
            "month": "2010-12",
            "price": "31.26",
            "revenue": 80806
        },
        "2011-01": {
            "month": "2011-01",
            "price": "31.54",
            "revenue": 209785
        },
        "2011-02": {
            "month": "2011-02",
            "price": "29.36",
            "revenue": 83777
        },
        "2011-03": {
            "month": "2011-03",
            "price": "25.55",
            "revenue": 58383
        },
        "2011-04": {
            "month": "2011-04",
            "price": "27.76",
            "revenue": 60426
        },
        "2011-05": {
            "month": "2011-05",
            "price": "29.15",
            "revenue": 97194
        },
        "2011-06": {
            "month": "2011-06",
            "price": "31.03",
            "revenue": 77754
        },
        "2011-07": {
            "month": "2011-07",
            "price": "32.33",
            "revenue": 69062
        },
        "2011-08": {
            "month": "2011-08",
            "price": "26.67",
            "revenue": 24552
        },
        "2011-09": {
            "month": "2011-09",
            "price": "24.77",
            "revenue": 84395
        },
        "2011-10": {
            "month": "2011-10",
            "price": "25.13",
            "revenue": 161013
        },
        "2011-11": {
            "month": "2011-11",
            "price": "24.99",
            "revenue": 131107
        },
        "2011-12": {
            "month": "2011-12",
            "price": "23.41",
            "revenue": 106322
        },
        "2012-01": {
            "month": "2012-01",
            "price": "24.77",
            "revenue": 163262
        },
        "2012-02": {
            "month": "2012-02",
            "price": "25.71",
            "revenue": 72495
        },
        "2012-03": {
            "month": "2012-03",
            "price": "28.68",
            "revenue": 107971
        },
        "2012-04": {
            "month": "2012-04",
            "price": "26.66",
            "revenue": 65742
        },
        "2012-05": {
            "month": "2012-05",
            "price": "27.98",
            "revenue": 52093
        },
        "2012-06": {
            "month": "2012-06",
            "price": "24.99",
            "revenue": 76453
        },
        "2012-07": {
            "month": "2012-07",
            "price": "24.62",
            "revenue": 81103
        },
        "2012-08": {
            "month": "2012-08",
            "price": "26.09",
            "revenue": 36543
        },
        "2012-09": {
            "month": "2012-09",
            "price": "25.66",
            "revenue": 45624
        },
        "2012-10": {
            "month": "2012-10",
            "price": "24.96",
            "revenue": 92671
        },
        "2012-11": {
            "month": "2012-11",
            "price": "23.87",
            "revenue": 108530
        },
        "2012-12": {
            "month": "2012-12",
            "price": "24.94",
            "revenue": 106663
        },
        "2013-01": {
            "month": "2013-01",
            "price": "25.05",
            "revenue": 160108
        },
        "2013-02": {
            "month": "2013-02",
            "price": "25.17",
            "revenue": 100936
        },
        "2013-03": {
            "month": "2013-03",
            "price": "24.74",
            "revenue": 136818
        },
        "2013-04": {
            "month": "2013-04",
            "price": "24.22",
            "revenue": 72122
        },
        "2013-05": {
            "month": "2013-05",
            "price": "24.18",
            "revenue": 92057
        },
        "2013-06": {
            "month": "2013-06",
            "price": "23.45",
            "revenue": 90837
        },
        "2013-07": {
            "month": "2013-07",
            "price": "22.82",
            "revenue": 81671
        },
        "2013-08": {
            "month": "2013-08",
            "price": "22.50",
            "revenue": 55612
        },
        "2013-09": {
            "month": "2013-09",
            "price": "22.34",
            "revenue": 112421
        },
        "2013-10": {
            "month": "2013-10",
            "price": "22.76",
            "revenue": 93322
        },
        "2013-11": {
            "month": "2013-11",
            "price": "21.96",
            "revenue": 132130
        },
        "2013-12": {
            "month": "2013-12",
            "price": "22.91",
            "revenue": 168722
        },
        "2014-01": {
            "month": "2014-01",
            "price": "24.92",
            "revenue": 263374
        },
        "2014-02": {
            "month": "2014-02",
            "price": "24.71",
            "revenue": 99374
        },
        "2014-03": {
            "month": "2014-03",
            "price": "23.02",
            "revenue": 132934
        },
        "2014-04": {
            "month": "2014-04",
            "price": "22.60",
            "revenue": 94108
        },
        "2014-05": {
            "month": "2014-05",
            "price": "22.17",
            "revenue": 164709
        },
        "2014-06": {
            "month": "2014-06",
            "price": "22.28",
            "revenue": 109385
        },
        "2014-07": {
            "month": "2014-07",
            "price": "22.34",
            "revenue": 80127
        },
        "2014-08": {
            "month": "2014-08",
            "price": "20.97",
            "revenue": 72011
        },
        "2014-09": {
            "month": "2014-09",
            "price": "20.11",
            "revenue": 111409
        },
        "2014-10": {
            "month": "2014-10",
            "price": "18.86",
            "revenue": 139942
        },
        "2014-11": {
            "month": "2014-11",
            "price": "18.16",
            "revenue": 156283
        },
        "2014-12": {
            "month": "2014-12",
            "price": "19.43",
            "revenue": 150249
        },
        "2015-01": {
            "month": "2015-01",
            "price": "20.82",
            "revenue": 215366
        },
        "2015-02": {
            "month": "2015-02",
            "price": "19.65",
            "revenue": 179570
        },
        "2015-03": {
            "month": "2015-03",
            "price": "19.11",
            "revenue": 130681
        },
        "2015-04": {
            "month": "2015-04",
            "price": "18.54",
            "revenue": 82304
        },
        "2015-05": {
            "month": "2015-05",
            "price": "18.49",
            "revenue": 191299
        },
        "2015-06": {
            "month": "2015-06",
            "price": "17.36",
            "revenue": 101234
        },
        "2015-07": {
            "month": "2015-07",
            "price": "15.95",
            "revenue": 86155
        },
        "2015-08": {
            "month": "2015-08",
            "price": "14.42",
            "revenue": 54284
        },
        "2015-09": {
            "month": "2015-09",
            "price": "15.03",
            "revenue": 98596
        },
        "2015-10": {
            "month": "2015-10",
            "price": "16.24",
            "revenue": 205711
        },
        "2015-11": {
            "month": "2015-11",
            "price": "16.26",
            "revenue": 153770
        },
        "2015-12": {
            "month": "2015-12",
            "price": "15.63",
            "revenue": 153972
        },
        "2016-01": {
            "month": "2016-01",
            "price": "15.35",
            "revenue": 274298
        },
        "2016-02": {
            "month": "2016-02",
            "price": "15.46",
            "revenue": 117988
        },
        "2016-03": {
            "month": "2016-03",
            "price": "15.34",
            "revenue": 112301
        },
        "2016-04": {
            "month": "2016-04",
            "price": "14.56",
            "revenue": 76601
        },
        "2016-05": {
            "month": "2016-05",
            "price": "15.61",
            "revenue": 133961
        },
        "2016-06": {
            "month": "2016-06",
            "price": "15.98",
            "revenue": 78961
        },
        "2016-07": {
            "month": "2016-07",
            "price": "14.96",
            "revenue": 73433
        },
        "2016-08": {
            "month": "2016-08",
            "price": "14.56",
            "revenue": 43979
        },
        "2016-09": {
            "month": "2016-09",
            "price": "15.17",
            "revenue": 98805
        },
        "2016-10": {
            "month": "2016-10",
            "price": "15.14",
            "revenue": 186211
        },
        "2016-11": {
            "month": "2016-11",
            "price": "14.96",
            "revenue": 138622
        },
        "2016-12": {
            "month": "2016-12",
            "price": "14.59",
            "revenue": 164545
        },
        "2017-01": {
            "month": "2017-01",
            "price": "14.27",
            "revenue": 253826
        },
        "2017-02": {
            "month": "2017-02",
            "price": "14.36",
            "revenue": 106966
        },
        "2017-03": {
            "month": "2017-03",
            "price": "14.60",
            "revenue": 100166
        },
        "2017-04": {
            "month": "2017-04",
            "price": "14.24",
            "revenue": 94117
        },
        "2017-05": {
            "month": "2017-05",
            "price": "13.81",
            "revenue": 121409
        },
        "2017-06": {
            "month": "2017-06",
            "price": "14.13",
            "revenue": 85480
        },
        "2017-07": {
            "month": "2017-07",
            "price": "14.19",
            "revenue": 70737
        },
        "2017-08": {
            "month": "2017-08",
            "price": "14.05",
            "revenue": 59700
        },
        "2017-09": {
            "month": "2017-09",
            "price": "14.10",
            "revenue": 59732
        },
        "2017-10": {
            "month": "2017-10",
            "price": "13.94",
            "revenue": 152922
        },
        "2017-11": {
            "month": "2017-11",
            "price": "13.71",
            "revenue": 154303
        },
        "2017-12": {
            "month": "2017-12",
            "price": "13.65",
            "revenue": 179834
        },
        "2018-01": {
            "month": "2018-01",
            "price": "13.73",
            "revenue": 202681
        },
        "2018-02": {
            "month": "2018-02",
            "price": "13.63",
            "revenue": 172027
        },
        "2018-03": {
            "month": "2018-03",
            "price": "13.65",
            "revenue": 128077
        },
        "2018-04": {
            "month": "2018-04",
            "price": "13.61",
            "revenue": 77416
        },
        "2018-05": {
            "month": "2018-05",
            "price": "13.65",
            "revenue": 115714
        },
        "2018-06": {
            "month": "2018-06",
            "price": "13.93",
            "revenue": 118978
        },
        "2018-07": {
            "month": "2018-07",
            "price": "13.94",
            "revenue": 65816
        },
        "2018-08": {
            "month": "2018-08",
            "price": "13.88",
            "revenue": 50009
        },
        "2018-09": {
            "month": "2018-09",
            "price": "13.60",
            "revenue": 82598
        },
        "2018-10": {
            "month": "2018-10",
            "price": "13.22",
            "revenue": 171289
        },
        "2018-11": {
            "month": "2018-11",
            "price": "12.85",
            "revenue": 112459
        },
        "2018-12": {
            "month": "2018-12",
            "price": "12.72",
            "revenue": 178728
        },
        "2019-01": {
            "month": "2019-01",
            "price": "12.40",
            "revenue": 264477
        },
        "2019-02": {
            "month": "2019-02",
            "price": "12.43",
            "revenue": 138668
        },
        "2019-03": {
            "month": "2019-03",
            "price": "12.20",
            "revenue": 148735
        },
        "2019-04": {
            "month": "2019-04",
            "price": "12.01",
            "revenue": 80110
        },
        "2019-05": {
            "month": "2019-05",
            "price": "12.22",
            "revenue": 107379
        },
        "2019-06": {
            "month": "2019-06",
            "price": "12.38",
            "revenue": 145700
        },
        "2019-07": {
            "month": "2019-07",
            "price": "13.98",
            "revenue": 76902
        },
        "2019-08": {
            "month": "2019-08",
            "price": "13.22",
            "revenue": 57359
        },
        "2019-09": {
            "month": "2019-09",
            "price": "12.57",
            "revenue": 85005
        },
        "2019-10": {
            "month": "2019-10",
            "price": "12.60",
            "revenue": 135187
        },
        "2019-11": {
            "month": "2019-11",
            "price": "12.09",
            "revenue": 150245
        },
        "2019-12": {
            "month": "2019-12",
            "price": "11.76",
            "revenue": 144560
        },
        "2020-01": {
            "month": "2020-01",
            "price": "11.48",
            "revenue": 256660
        },
        "2020-02": {
            "month": "2020-02",
            "price": "10.48",
            "revenue": 53693
        },
        "2020-03": {
            "month": "2020-03",
            "price": "9.53",
            "revenue": 39517
        },
        "2020-04": {
            "month": "2020-04",
            "price": "8.66",
            "revenue": 11952
        },
        "2020-05": {
            "month": "2020-05",
            "price": "10.25",
            "revenue": 26999
        },
        "2020-06": {
            "month": "2020-06",
            "price": "12.34",
            "revenue": 33193
        },
        "2020-07": {
            "month": "2020-07",
            "price": "11.19",
            "revenue": 57306
        },
        "2020-08": {
            "month": "2020-08",
            "price": "10.15",
            "revenue": 69056
        },
        "2020-09": {
            "month": "2020-09",
            "price": "10.07",
            "revenue": 64885
        },
        "2020-10": {
            "month": "2020-10",
            "price": "10.00",
            "revenue": 147272
        },
        "2020-11": {
            "month": "2020-11",
            "price": "10.50",
            "revenue": 102102
        },
        "2020-12": {
            "month": "2020-12",
            "price": "11.65",
            "revenue": 154458
        },
        "2021-01": {
            "month": "2021-01",
            "price": "10.51",
            "revenue": 128182
        },
        "2021-02": {
            "month": "2021-02",
            "price": "10.62",
            "revenue": 85108
        },
        "2021-03": {
            "month": "2021-03",
            "price": "12.08",
            "revenue": 67367
        },
        "2021-04": {
            "month": "2021-04",
            "price": "12.70",
            "revenue": 67212
        },
        "2021-05": {
            "month": "2021-05",
            "price": "11.70",
            "revenue": 35016
        },
        "2021-06": {
            "month": "2021-06",
            "price": "12.03",
            "revenue": 3171
        },
        "2021-07": {
            "month": "2021-07",
            "price": "14.81",
            "revenue": 10134
        },
        "2021-08": {
            "month": "2021-08",
            "price": "13.87",
            "revenue": 12608
        },
        "2021-09": {
            "month": "2021-09",
            "price": "13.52",
            "revenue": 16498
        },
        "2021-10": {
            "month": "2021-10",
            "price": "13.57",
            "revenue": 46609
        },
        "2021-11": {
            "month": "2021-11",
            "price": "13.15",
            "revenue": 80759
        },
        "2021-12": {
            "month": "2021-12",
            "price": "12.96",
            "revenue": 116052
        },
        "2022-01": {
            "month": "2022-01",
            "price": "12.72",
            "revenue": 146919
        },
        "2022-02": {
            "month": "2022-02",
            "price": "13.23",
            "revenue": 65517
        },
        "2022-03": {
            "month": "2022-03",
            "price": "13.65",
            "revenue": 95772
        },
        "2022-04": {
            "month": "2022-04",
            "price": "13.52",
            "revenue": 51905
        },
        "2022-05": {
            "month": "2022-05",
            "price": "13.49",
            "revenue": 33605
        },
        "2022-06": {
            "month": "2022-06",
            "price": "16.55",
            "revenue": 25822
        },
        "2022-07": {
            "month": "2022-07",
            "price": "14.23",
            "revenue": 48444
        },
        "2022-08": {
            "month": "2022-08",
            "price": "14.97",
            "revenue": 33790
        },
        "2022-09": {
            "month": "2022-09",
            "price": "15.16",
            "revenue": 92919
        },
        "2022-10": {
            "month": "2022-10",
            "price": "15.50",
            "revenue": 98033
        },
        "2022-11": {
            "month": "2022-11",
            "price": "15.71",
            "revenue": 117854
        },
        "2022-12": {
            "month": "2022-12",
            "price": "16.59",
            "revenue": 167406
        },
        "2023-01": {
            "month": "2023-01",
            "price": "16.58",
            "revenue": 196021
        },
        "2023-02": {
            "month": "2023-02",
            "price": "19.77",
            "revenue": 114625
        },
        "2023-03": {
            "month": "2023-03",
            "price": "24.83",
            "revenue": 105597
        },
        "2023-04": {
            "month": "2023-04",
            "price": "24.47",
            "revenue": 112796
        },
        "2023-05": {
            "month": "2023-05",
            "price": "28.47",
            "revenue": 110478
        }
    }
}
