{
    "summary": {
        "stock_name": "關中",
        "stock_id": "8941",
        "category": "居家生活",
        "main_business": "一般進出口貿易業務(期貨除外)<br>瓦斯器材爐具及五金機械工具之買賣及製造<br>輸出入販賣度量衡器之買賣",
        "website_url": "http://www.grandhall.com.tw",
        "ceo": "林士超",
        "pe_ratio": 14,
        "report_year_from": 2001,
        "report_year_to": 2023,
        "age": 23,
        "eps_negative_percentage": 26,
        "eps_growth_avg": {
            "last_all": -10.7,
            "last_2y": 29.9,
            "last_4y": 18.05,
            "last_8y": 2.49,
            "last_12y": 2.49,
            "last_16y": -3.85,
            "last_20y": -14.21,
            "at_2006_last_3y": -42.68,
            "at_2007_last_3y": -30.69,
            "at_2008_last_3y": -47.31,
            "at_2009_last_3y": -47.85,
            "at_2010_last_3y": -32.41,
            "at_2011_last_3y": -100,
            "at_2012_last_3y": null,
            "at_2013_last_3y": null,
            "at_2014_last_3y": null,
            "at_2015_last_3y": -75.53,
            "at_2016_last_3y": -51.79,
            "at_2017_last_3y": -1.19,
            "at_2018_last_3y": -16.94,
            "at_2019_last_3y": -7.95,
            "at_2020_last_3y": 9.08,
            "at_2021_last_3y": -11.23,
            "at_2022_last_3y": 27.95,
            "at_2023_last_3y": 32.45,
            "at_2024_last_3y": 32.45,
            "at_2006_last_all": -25.77,
            "at_2007_last_all": -15.61,
            "at_2008_last_all": -27.67,
            "at_2009_last_all": -27.67,
            "at_2010_last_all": -27.67,
            "at_2011_last_all": -27.67,
            "at_2012_last_all": -27.67,
            "at_2013_last_all": -27.67,
            "at_2014_last_all": -27.67,
            "at_2015_last_all": -33.65,
            "at_2016_last_all": -33.03,
            "at_2017_last_all": -19.72,
            "at_2018_last_all": -23.77,
            "at_2019_last_all": -25.08,
            "at_2020_last_all": -20.07,
            "at_2021_last_all": -17.3,
            "at_2022_last_all": -9.98,
            "at_2023_last_all": -10.7,
            "at_2024_last_all": -10.7
        },
        "latest_eps": 4.32,
        "latest_price": 61.7,
        "latest_roe": 12.91,
        "latest_gross_margin": 30.38,
        "latest_equity": 976111,
        "latest_revenue": 738074,
        "latest_gross_profit": 224236,
        "latest_net_income": 41875,
        "latest_debt_ratio": 59.59,
        "latest_current_ratio": 123.67,
        "latest_account_receivable_turnover_ratio": 5.61,
        "latest_inventory_turnover_ratio": 1.26,
        "latest_reinvestment_rate": -8.88,
        "latest_research_to_sale_ratio": 0.79
    },
    "eps_dividends": {
        "2001": {
            "cash": 2,
            "stock": 4,
            "eps": 11.37
        },
        "2002": {
            "cash": 5,
            "stock": 3,
            "eps": 16.13
        },
        "2003": {
            "cash": 9,
            "stock": 3,
            "eps": 14.07
        },
        "2004": {
            "cash": 9,
            "stock": 1.5,
            "eps": 9.35
        },
        "2005": {
            "cash": 4,
            "stock": 2,
            "eps": 5.08
        },
        "2006": {
            "cash": 2,
            "stock": 0.5,
            "eps": 1.08
        },
        "2007": {
            "cash": 0.5,
            "stock": 0,
            "eps": 1.46
        },
        "2008": {
            "cash": 0.9,
            "stock": 0,
            "eps": -2.31
        },
        "2009": {
            "cash": 0,
            "stock": 0,
            "eps": -7.78
        },
        "2010": {
            "cash": 0,
            "stock": 0,
            "eps": -3.42
        },
        "2011": {
            "cash": 0,
            "stock": 0,
            "eps": -1.58
        },
        "2012": {
            "cash": 0,
            "stock": 0,
            "eps": -4.03
        },
        "2013": {
            "cash": 0,
            "stock": 0,
            "eps": -2.88
        },
        "2014": {
            "cash": 0,
            "stock": 0,
            "eps": 13.12
        },
        "2015": {
            "cash": 0.5,
            "stock": 2,
            "eps": 3.21
        },
        "2016": {
            "cash": 1.5,
            "stock": 1,
            "eps": 2.31
        },
        "2017": {
            "cash": 3,
            "stock": 0,
            "eps": 10.03
        },
        "2018": {
            "cash": 8,
            "stock": 1,
            "eps": 3.59
        },
        "2019": {
            "cash": 3,
            "stock": 1,
            "eps": 2.17
        },
        "2020": {
            "cash": 1,
            "stock": 1,
            "eps": 3.04
        },
        "2021": {
            "cash": 2.5,
            "stock": 0,
            "eps": 3.61
        },
        "2022": {
            "cash": 3,
            "stock": 0,
            "eps": 6.95
        },
        "2023": {
            "cash": 8,
            "stock": 0,
            "eps": 5.45
        }
    },
    "dividends": {
        "2001-05-18": {
            "cash": 2,
            "stock": 4
        },
        "2002-05-21": {
            "cash": 5,
            "stock": 3
        },
        "2003-05-21": {
            "cash": 9,
            "stock": 3
        },
        "2004-04-06": {
            "cash": 9,
            "stock": 1.5
        },
        "2005-04-21": {
            "cash": 4,
            "stock": 2
        },
        "2006-04-11": {
            "cash": 2,
            "stock": 0.5
        },
        "2007-04-19": {
            "cash": 0.5,
            "stock": 0
        },
        "2008-04-22": {
            "cash": 0.9,
            "stock": 0
        },
        "2015-09-24": {
            "cash": 0.5,
            "stock": 2
        },
        "2016-08-22": {
            "cash": 1.5,
            "stock": 1
        },
        "2017-08-23": {
            "cash": 3,
            "stock": 0
        },
        "2018-09-05": {
            "cash": 8,
            "stock": 1
        },
        "2019-09-17": {
            "cash": 3,
            "stock": 1
        },
        "2020-07-21": {
            "cash": 1,
            "stock": 1
        },
        "2021-08-02": {
            "cash": 2.5,
            "stock": 0
        },
        "2022-08-03": {
            "cash": 3,
            "stock": 0
        },
        "2023-08-02": {
            "cash": 6,
            "stock": 0
        },
        "2023-10-04": {
            "cash": 2,
            "stock": 0
        }
    },
    "prices": {
        "200101": "無",
        "200102": "無",
        "200103": "無",
        "200104": "無",
        "200105": "無",
        "200106": "無",
        "200107": "無",
        "200108": "無",
        "200109": "無",
        "200110": "無",
        "200111": "無",
        "200112": "無",
        "200201": "無",
        "200202": "無",
        "200203": "無",
        "200204": "無",
        "200205": "無",
        "200206": "無",
        "200207": "無",
        "200208": "無",
        "200209": "無",
        "200210": "無",
        "200211": "無",
        "200212": "無",
        "200301": "185.43",
        "200302": "175.88",
        "200303": "186.62",
        "200304": "200.68",
        "200305": "197.86",
        "200306": "196.70",
        "200307": "191.65",
        "200308": "196.24",
        "200309": "190.43",
        "200310": "169.36",
        "200311": "160.65",
        "200312": "153.98",
        "200401": "153.70",
        "200402": "157.58",
        "200403": "170.30",
        "200404": "176.23",
        "200405": "166.57",
        "200406": "165.81",
        "200407": "144.50",
        "200408": "118.65",
        "200409": "111.43",
        "200410": "112.52",
        "200411": "112.20",
        "200412": "110.30",
        "200501": "106.21",
        "200502": "109.27",
        "200503": "108.30",
        "200504": "89.68",
        "200505": "76.25",
        "200506": "78.02",
        "200507": "76.86",
        "200508": "58.68",
        "200509": "55.59",
        "200510": "42.66",
        "200511": "38.88",
        "200512": "39.97",
        "200601": "41.94",
        "200602": "42.35",
        "200603": "39.13",
        "200604": "37.50",
        "200605": "35.13",
        "200606": "27.55",
        "200607": "23.11",
        "200608": "22.38",
        "200609": "21.38",
        "200610": "25.16",
        "200611": "28.55",
        "200612": "33.95",
        "200701": "31.54",
        "200702": "28.05",
        "200703": "32.79",
        "200704": "31.73",
        "200705": "32.18",
        "200706": "35.06",
        "200707": "39.75",
        "200708": "33.21",
        "200709": "33.45",
        "200710": "32.36",
        "200711": "25.10",
        "200712": "21.60",
        "200801": "20.91",
        "200802": "19.78",
        "200803": "21.08",
        "200804": "22.11",
        "200805": "23.30",
        "200806": "20.30",
        "200807": "16.02",
        "200808": "14.12",
        "200809": "12.39",
        "200810": "10.68",
        "200811": "7.89",
        "200812": "7.18",
        "200901": "6.87",
        "200902": "7.15",
        "200903": "9.15",
        "200904": "11.97",
        "200905": "11.16",
        "200906": "10.05",
        "200907": "10.92",
        "200908": "11.68",
        "200909": "11.74",
        "200910": "13.07",
        "200911": "12.84",
        "200912": "13.10",
        "201001": "15.04",
        "201002": "12.94",
        "201003": "13.37",
        "201004": "14.00",
        "201005": "12.04",
        "201006": "11.24",
        "201007": "11.61",
        "201008": "12.38",
        "201009": "11.98",
        "201010": "11.76",
        "201011": "11.76",
        "201012": "11.94",
        "201101": "11.77",
        "201102": "11.50",
        "201103": "10.86",
        "201104": "10.89",
        "201105": "10.71",
        "201106": "9.90",
        "201107": "9.64",
        "201108": "9.82",
        "201109": "9.36",
        "201110": "8.48",
        "201111": "7.67",
        "201112": "10.03",
        "201201": "14.50",
        "201202": "19.97",
        "201203": "18.67",
        "201204": "9.28",
        "201205": "8.20",
        "201206": "7.71",
        "201207": "6.78",
        "201208": "6.42",
        "201209": "5.26",
        "201210": "5.47",
        "201211": "4.58",
        "201212": "4.02",
        "201301": "3.61",
        "201302": "3.38",
        "201303": "3.27",
        "201304": "2.84",
        "201305": "2.93",
        "201306": "3.01",
        "201307": "2.97",
        "201308": "2.80",
        "201309": "2.88",
        "201310": "19.67",
        "201311": "23.12",
        "201312": "19.08",
        "201401": "18.98",
        "201402": "19.79",
        "201403": "21.52",
        "201404": "28.72",
        "201405": "42.63",
        "201406": "47.73",
        "201407": "50.15",
        "201408": "60.88",
        "201409": "82.49",
        "201410": "82.16",
        "201411": "78.87",
        "201412": "65.74",
        "201501": "60.86",
        "201502": "61.03",
        "201503": "71.25",
        "201504": "78.89",
        "201505": "79.20",
        "201506": "85.76",
        "201507": "98.36",
        "201508": "95.71",
        "201509": "98.28",
        "201510": "96.67",
        "201511": "92.02",
        "201512": "87.81",
        "201601": "84.75",
        "201602": "86.02",
        "201603": "84.81",
        "201604": "80.59",
        "201605": "77.73",
        "201606": "79.99",
        "201607": "80.12",
        "201608": "73.08",
        "201609": "69.67",
        "201610": "69.07",
        "201611": "68.80",
        "201612": "67.46",
        "201701": "66.44",
        "201702": "63.81",
        "201703": "62.27",
        "201704": "67.47",
        "201705": "70.54",
        "201706": "69.88",
        "201707": "69.38",
        "201708": "69.29",
        "201709": "69.14",
        "201710": "68.93",
        "201711": "68.84",
        "201712": "68.32",
        "201801": "67.82",
        "201802": "65.69",
        "201803": "69.31",
        "201804": "72.41",
        "201805": "67.68",
        "201806": "68.78",
        "201807": "67.37",
        "201808": "63.75",
        "201809": "55.79",
        "201810": "47.31",
        "201811": "44.92",
        "201812": "45.19",
        "201901": "48.39",
        "201902": "52.99",
        "201903": "51.13",
        "201904": "50.58",
        "201905": "49.52",
        "201906": "49.50",
        "201907": "49.91",
        "201908": "49.61",
        "201909": "46.92",
        "201910": "46.69",
        "201911": "45.98",
        "201912": "44.02",
        "202001": "42.65",
        "202002": "40.58",
        "202003": "36.98",
        "202004": "33.96",
        "202005": "38.20",
        "202006": "39.78",
        "202007": "38.57",
        "202008": "38.69",
        "202009": "38.53",
        "202010": "38.54",
        "202011": "38.88",
        "202012": "37.99",
        "202101": "37.89",
        "202102": "38.28",
        "202103": "39.38",
        "202104": "40.19",
        "202105": "38.49",
        "202106": "38.44",
        "202107": "37.80",
        "202108": "36.26",
        "202109": "36.36",
        "202110": "37.02",
        "202111": "36.91",
        "202112": "37.58",
        "202201": "37.72",
        "202202": "37.78",
        "202203": "37.37",
        "202204": "39.54",
        "202205": "38.82",
        "202206": "42.37",
        "202207": "46.96",
        "202208": "61.57",
        "202209": "53.30",
        "202210": "48.41",
        "202211": "54.24",
        "202212": "56.54",
        "202301": "55.13",
        "202302": "56.58",
        "202303": "59.82",
        "202304": "59.09",
        "202305": "56.98",
        "202306": "57.89",
        "202307": "57.10",
        "202308": "57.58",
        "202309": "59.21",
        "202310": "59.41",
        "202311": "59.31",
        "202312": "58.89"
    },
    "quarters": {
        "20011": {
            "year_quarter": 20011,
            "year": 2001,
            "quarter": 1,
            "eps": 4.26,
            "eps_growth_year": null,
            "eps_4q": null,
            "eps_4q_growth_year": null,
            "roe": 21.52,
            "roe_4q": 21.52,
            "gross_profit": 279246,
            "gross_margin": 25.03,
            "gross_margin_4q_avg": 25.03,
            "net_income": 111751,
            "net_income_4q": null,
            "revenue": 1115674,
            "revenue_4q": null,
            "common_shares": 262317,
            "book_valuer_per_share": 21.92,
            "book_valuer_per_share_4q_avg": 21.92,
            "equity": 574986,
            "current_ratio": 123.01,
            "debt_ratio": 60.97,
            "inventory_turnover_ratio": 7.96,
            "account_receivable_turnover_ratio": null,
            "reinvestment_rate": null,
            "research_to_sale_ratio": null,
            "price_fair": 0,
            "eps_avg_yearly": 0,
            "eps_latest_yearly": 0,
            "eps_growth_yearly": 0
        },
        "20012": {
            "year_quarter": 20012,
            "year": 2001,
            "quarter": 2,
            "eps": 3.85,
            "eps_growth_year": null,
            "eps_4q": null,
            "eps_4q_growth_year": null,
            "roe": 16.86,
            "roe_4q": 38.379999999999995,
            "gross_profit": 219540,
            "gross_margin": 26.33,
            "gross_margin_4q_avg": 25.68,
            "net_income": 101085,
            "net_income_4q": null,
            "revenue": 833948,
            "revenue_4q": null,
            "common_shares": 262317,
            "book_valuer_per_share": 23.8,
            "book_valuer_per_share_4q_avg": 22.86,
            "equity": 624302,
            "current_ratio": 134.84,
            "debt_ratio": 51.36,
            "inventory_turnover_ratio": 10.13,
            "account_receivable_turnover_ratio": null,
            "reinvestment_rate": null,
            "research_to_sale_ratio": null,
            "price_fair": 0,
            "eps_avg_yearly": 0,
            "eps_latest_yearly": 0,
            "eps_growth_yearly": 0
        },
        "20013": {
            "year_quarter": 20013,
            "year": 2001,
            "quarter": 3,
            "eps": 1.62,
            "eps_growth_year": null,
            "eps_4q": null,
            "eps_4q_growth_year": null,
            "roe": 9.08,
            "roe_4q": 47.459999999999994,
            "gross_profit": 185442,
            "gross_margin": 24.63,
            "gross_margin_4q_avg": 25.33,
            "net_income": 59453,
            "net_income_4q": null,
            "revenue": 753009,
            "revenue_4q": null,
            "common_shares": 367243,
            "book_valuer_per_share": 18.65,
            "book_valuer_per_share_4q_avg": 21.46,
            "equity": 684730,
            "current_ratio": 129.68,
            "debt_ratio": 49.86,
            "inventory_turnover_ratio": 29.19,
            "account_receivable_turnover_ratio": null,
            "reinvestment_rate": null,
            "research_to_sale_ratio": null,
            "price_fair": 0,
            "eps_avg_yearly": 0,
            "eps_latest_yearly": 0,
            "eps_growth_yearly": 0
        },
        "20014": {
            "year_quarter": 20014,
            "year": 2001,
            "quarter": 4,
            "eps": 1.64,
            "eps_growth_year": null,
            "eps_4q": 9.05,
            "eps_4q_growth_year": null,
            "roe": 8.43,
            "roe_4q": 55.89,
            "gross_profit": 129970,
            "gross_margin": 20.43,
            "gross_margin_4q_avg": 24.11,
            "net_income": 60242,
            "net_income_4q": null,
            "revenue": 636044,
            "revenue_4q": null,
            "common_shares": 367243,
            "book_valuer_per_share": 20.28,
            "book_valuer_per_share_4q_avg": 21.16,
            "equity": 744887,
            "current_ratio": 142.12,
            "debt_ratio": 44.81,
            "inventory_turnover_ratio": 11.65,
            "account_receivable_turnover_ratio": null,
            "reinvestment_rate": null,
            "research_to_sale_ratio": null,
            "price_fair": 0,
            "eps_avg_yearly": 0,
            "eps_latest_yearly": 0,
            "eps_growth_yearly": 0
        },
        "20021": {
            "year_quarter": 20021,
            "year": 2002,
            "quarter": 1,
            "eps": 4.24,
            "eps_growth_year": -0.47,
            "eps_4q": 10.25,
            "eps_4q_growth_year": null,
            "roe": 18.92,
            "roe_4q": 53.29,
            "gross_profit": 314651,
            "gross_margin": 24.74,
            "gross_margin_4q_avg": 24.03,
            "net_income": 155641,
            "net_income_4q": null,
            "revenue": 1272002,
            "revenue_4q": null,
            "common_shares": 367243,
            "book_valuer_per_share": 24.52,
            "book_valuer_per_share_4q_avg": 21.81,
            "equity": 900602,
            "current_ratio": 129.39,
            "debt_ratio": 52.55,
            "inventory_turnover_ratio": 11.83,
            "account_receivable_turnover_ratio": null,
            "reinvestment_rate": null,
            "research_to_sale_ratio": null,
            "price_fair": 593.6,
            "eps_avg_yearly": 16.96,
            "eps_latest_yearly": 16.96,
            "eps_growth_yearly": 634.15
        },
        "20022": {
            "year_quarter": 20022,
            "year": 2002,
            "quarter": 2,
            "eps": 5.44,
            "eps_growth_year": 41.3,
            "eps_4q": 11.21,
            "eps_4q_growth_year": null,
            "roe": 27.92,
            "roe_4q": 64.35000000000001,
            "gross_profit": 449142,
            "gross_margin": 23.38,
            "gross_margin_4q_avg": 23.3,
            "net_income": 259793,
            "net_income_4q": null,
            "revenue": 1921217,
            "revenue_4q": null,
            "common_shares": 477416,
            "book_valuer_per_share": 20.12,
            "book_valuer_per_share_4q_avg": 20.89,
            "equity": 960678,
            "current_ratio": 127.33,
            "debt_ratio": 55.68,
            "inventory_turnover_ratio": 14.65,
            "account_receivable_turnover_ratio": null,
            "reinvestment_rate": null,
            "research_to_sale_ratio": null,
            "price_fair": 677.6,
            "eps_avg_yearly": 19.36,
            "eps_latest_yearly": 21.76,
            "eps_growth_yearly": 373.68
        },
        "20023": {
            "year_quarter": 20023,
            "year": 2002,
            "quarter": 3,
            "eps": 3.8,
            "eps_growth_year": 134.57,
            "eps_4q": 13.76,
            "eps_4q_growth_year": null,
            "roe": 17.14,
            "roe_4q": 72.41,
            "gross_profit": 318196,
            "gross_margin": 23.18,
            "gross_margin_4q_avg": 22.93,
            "net_income": 181412,
            "net_income_4q": null,
            "revenue": 1372623,
            "revenue_4q": null,
            "common_shares": 477416,
            "book_valuer_per_share": 24.22,
            "book_valuer_per_share_4q_avg": 22.29,
            "equity": 1156214,
            "current_ratio": 145.89,
            "debt_ratio": 46.2,
            "inventory_turnover_ratio": 8.44,
            "account_receivable_turnover_ratio": null,
            "reinvestment_rate": null,
            "research_to_sale_ratio": null,
            "price_fair": 629.07,
            "eps_avg_yearly": 17.97,
            "eps_latest_yearly": 15.2,
            "eps_growth_yearly": 208.92
        },
        "20024": {
            "year_quarter": 20024,
            "year": 2002,
            "quarter": 4,
            "eps": 2.65,
            "eps_growth_year": 61.59,
            "eps_4q": 15.14,
            "eps_4q_growth_year": 67.25,
            "roe": 10.39,
            "roe_4q": 74.37,
            "gross_profit": 321654,
            "gross_margin": 22.04,
            "gross_margin_4q_avg": 23.34,
            "net_income": 126625,
            "net_income_4q": null,
            "revenue": 1459592,
            "revenue_4q": null,
            "common_shares": 477416,
            "book_valuer_per_share": 26.81,
            "book_valuer_per_share_4q_avg": 23.92,
            "equity": 1280118,
            "current_ratio": 151.87,
            "debt_ratio": 47.29,
            "inventory_turnover_ratio": 7.75,
            "account_receivable_turnover_ratio": null,
            "reinvestment_rate": null,
            "research_to_sale_ratio": null,
            "price_fair": 564.55,
            "eps_avg_yearly": 16.13,
            "eps_latest_yearly": 10.6,
            "eps_growth_yearly": 126.43
        },
        "20031": {
            "year_quarter": 20031,
            "year": 2003,
            "quarter": 1,
            "eps": 4.91,
            "eps_growth_year": 15.8,
            "eps_4q": 16.81,
            "eps_4q_growth_year": 63.9,
            "roe": 16.77,
            "roe_4q": 72.22,
            "gross_profit": 417262,
            "gross_margin": 22.13,
            "gross_margin_4q_avg": 22.68,
            "net_income": 234354,
            "net_income_4q": null,
            "revenue": 1885693,
            "revenue_4q": null,
            "common_shares": 477416,
            "book_valuer_per_share": 31.73,
            "book_valuer_per_share_4q_avg": 25.72,
            "equity": 1514751,
            "current_ratio": 142.64,
            "debt_ratio": 48.06,
            "inventory_turnover_ratio": 7.68,
            "account_receivable_turnover_ratio": null,
            "reinvestment_rate": null,
            "research_to_sale_ratio": null,
            "price_fair": 589.12,
            "eps_avg_yearly": 16.83,
            "eps_latest_yearly": 19.64,
            "eps_growth_yearly": 169.37
        },
        "20032": {
            "year_quarter": 20032,
            "year": 2003,
            "quarter": 2,
            "eps": 5.32,
            "eps_growth_year": -2.21,
            "eps_4q": 16.67,
            "eps_4q_growth_year": 48.78,
            "roe": 17.89,
            "roe_4q": 62.19,
            "gross_profit": 473475,
            "gross_margin": 21.21,
            "gross_margin_4q_avg": 22.14,
            "net_income": 254209,
            "net_income_4q": null,
            "revenue": 2232564,
            "revenue_4q": null,
            "common_shares": 477416,
            "book_valuer_per_share": 27.81,
            "book_valuer_per_share_4q_avg": 27.64,
            "equity": 1327632,
            "current_ratio": 132.99,
            "debt_ratio": 47.36,
            "inventory_turnover_ratio": 11.67,
            "account_receivable_turnover_ratio": null,
            "reinvestment_rate": null,
            "research_to_sale_ratio": null,
            "price_fair": 615.07,
            "eps_avg_yearly": 17.57,
            "eps_latest_yearly": 21.28,
            "eps_growth_yearly": 146.71
        },
        "20033": {
            "year_quarter": 20033,
            "year": 2003,
            "quarter": 3,
            "eps": 1.91,
            "eps_growth_year": -49.74,
            "eps_4q": 11.75,
            "eps_4q_growth_year": -14.62,
            "roe": 8.67,
            "roe_4q": 53.72,
            "gross_profit": 267111,
            "gross_margin": 20.31,
            "gross_margin_4q_avg": 21.42,
            "net_income": 119398,
            "net_income_4q": null,
            "revenue": 1315124,
            "revenue_4q": null,
            "common_shares": 624500,
            "book_valuer_per_share": 22.86,
            "book_valuer_per_share_4q_avg": 27.3,
            "equity": 1427912,
            "current_ratio": 143.38,
            "debt_ratio": 36.8,
            "inventory_turnover_ratio": 11.28,
            "account_receivable_turnover_ratio": null,
            "reinvestment_rate": null,
            "research_to_sale_ratio": null,
            "price_fair": 565.4,
            "eps_avg_yearly": 16.15,
            "eps_latest_yearly": 7.64,
            "eps_growth_yearly": 89.12
        },
        "20034": {
            "year_quarter": 20034,
            "year": 2003,
            "quarter": 4,
            "eps": 1.93,
            "eps_growth_year": -27.17,
            "eps_4q": 11.68,
            "eps_4q_growth_year": -22.85,
            "roe": 7.66,
            "roe_4q": 50.989999999999995,
            "gross_profit": 280840,
            "gross_margin": 25.5,
            "gross_margin_4q_avg": 22.29,
            "net_income": 120325,
            "net_income_4q": null,
            "revenue": 1101261,
            "revenue_4q": null,
            "common_shares": 624500,
            "book_valuer_per_share": 24.89,
            "book_valuer_per_share_4q_avg": 26.82,
            "equity": 1714871,
            "current_ratio": 157,
            "debt_ratio": 33.96,
            "inventory_turnover_ratio": 4.97,
            "account_receivable_turnover_ratio": null,
            "reinvestment_rate": null,
            "research_to_sale_ratio": null,
            "price_fair": 528.5,
            "eps_avg_yearly": 15.1,
            "eps_latest_yearly": 7.72,
            "eps_growth_yearly": 78.51
        },
        "20041": {
            "year_quarter": 20041,
            "year": 2004,
            "quarter": 1,
            "eps": 4.11,
            "eps_growth_year": -16.29,
            "eps_4q": 12.02,
            "eps_4q_growth_year": -28.5,
            "roe": 14.66,
            "roe_4q": 48.88,
            "gross_profit": 515071,
            "gross_margin": 22.44,
            "gross_margin_4q_avg": 22.37,
            "net_income": 256768,
            "net_income_4q": null,
            "revenue": 2295114,
            "revenue_4q": null,
            "common_shares": 624500,
            "book_valuer_per_share": 28.62,
            "book_valuer_per_share_4q_avg": 26.05,
            "equity": 1787152,
            "current_ratio": 136.86,
            "debt_ratio": 44.14,
            "inventory_turnover_ratio": 10.39,
            "account_receivable_turnover_ratio": null,
            "reinvestment_rate": null,
            "research_to_sale_ratio": null,
            "price_fair": 533.71,
            "eps_avg_yearly": 15.25,
            "eps_latest_yearly": 16.44,
            "eps_growth_yearly": 119.98
        },
        "20042": {
            "year_quarter": 20042,
            "year": 2004,
            "quarter": 2,
            "eps": 3.8,
            "eps_growth_year": -28.57,
            "eps_4q": 11.74,
            "eps_4q_growth_year": -29.57,
            "roe": 14.56,
            "roe_4q": 45.55,
            "gross_profit": 434354,
            "gross_margin": 22.28,
            "gross_margin_4q_avg": 22.63,
            "net_income": 237571,
            "net_income_4q": null,
            "revenue": 1949601,
            "revenue_4q": null,
            "common_shares": 624500,
            "book_valuer_per_share": 23.62,
            "book_valuer_per_share_4q_avg": 25,
            "equity": 1475324,
            "current_ratio": 104.2,
            "debt_ratio": 50.14,
            "inventory_turnover_ratio": 14.78,
            "account_receivable_turnover_ratio": null,
            "reinvestment_rate": null,
            "research_to_sale_ratio": null,
            "price_fair": 533.54,
            "eps_avg_yearly": 15.24,
            "eps_latest_yearly": 15.2,
            "eps_growth_yearly": 104.97
        },
        "20043": {
            "year_quarter": 20043,
            "year": 2004,
            "quarter": 3,
            "eps": 0.48,
            "eps_growth_year": -74.87,
            "eps_4q": 8.88,
            "eps_4q_growth_year": -24.4,
            "roe": 2.35,
            "roe_4q": 39.230000000000004,
            "gross_profit": 149571,
            "gross_margin": 16.09,
            "gross_margin_4q_avg": 21.58,
            "net_income": 35109,
            "net_income_4q": null,
            "revenue": 929535,
            "revenue_4q": null,
            "common_shares": 724230,
            "book_valuer_per_share": 20.92,
            "book_valuer_per_share_4q_avg": 24.51,
            "equity": 1514789,
            "current_ratio": 101.97,
            "debt_ratio": 33.85,
            "inventory_turnover_ratio": 9.2,
            "account_receivable_turnover_ratio": null,
            "reinvestment_rate": null,
            "research_to_sale_ratio": null,
            "price_fair": 491.15,
            "eps_avg_yearly": 14.03,
            "eps_latest_yearly": 1.92,
            "eps_growth_yearly": 63.66
        },
        "20044": {
            "year_quarter": 20044,
            "year": 2004,
            "quarter": 4,
            "eps": 0.96,
            "eps_growth_year": -50.26,
            "eps_4q": 8.26,
            "eps_4q_growth_year": -29.28,
            "roe": 4.32,
            "roe_4q": 35.89,
            "gross_profit": 207875,
            "gross_margin": 19.12,
            "gross_margin_4q_avg": 19.98,
            "net_income": 69613,
            "net_income_4q": null,
            "revenue": 1087245,
            "revenue_4q": null,
            "common_shares": 724230,
            "book_valuer_per_share": 21.07,
            "book_valuer_per_share_4q_avg": 23.56,
            "equity": 1709677,
            "current_ratio": 123.23,
            "debt_ratio": 36.65,
            "inventory_turnover_ratio": 3.62,
            "account_receivable_turnover_ratio": null,
            "reinvestment_rate": 38.71,
            "research_to_sale_ratio": null,
            "price_fair": 461.42,
            "eps_avg_yearly": 13.18,
            "eps_latest_yearly": 3.84,
            "eps_growth_yearly": 91.68
        },
        "20051": {
            "year_quarter": 20051,
            "year": 2005,
            "quarter": 1,
            "eps": 2.94,
            "eps_growth_year": -28.47,
            "eps_4q": 7.66,
            "eps_4q_growth_year": -36.24,
            "roe": 12.38,
            "roe_4q": 33.61000000000001,
            "gross_profit": 380451,
            "gross_margin": 18.57,
            "gross_margin_4q_avg": 19.02,
            "net_income": 213156,
            "net_income_4q": null,
            "revenue": 2048876,
            "revenue_4q": null,
            "common_shares": 724230,
            "book_valuer_per_share": 23.93,
            "book_valuer_per_share_4q_avg": 22.39,
            "equity": 1732845,
            "current_ratio": 116.27,
            "debt_ratio": 41.3,
            "inventory_turnover_ratio": 6.01,
            "account_receivable_turnover_ratio": null,
            "reinvestment_rate": 9.24,
            "research_to_sale_ratio": null,
            "price_fair": 457.58,
            "eps_avg_yearly": 13.07,
            "eps_latest_yearly": 11.76,
            "eps_growth_yearly": 148.09
        },
        "20052": {
            "year_quarter": 20052,
            "year": 2005,
            "quarter": 2,
            "eps": 2.16,
            "eps_growth_year": -43.16,
            "eps_4q": 6.54,
            "eps_4q_growth_year": -44.26,
            "roe": 9.41,
            "roe_4q": 28.46,
            "gross_profit": 243205,
            "gross_margin": 15.06,
            "gross_margin_4q_avg": 17.21,
            "net_income": 156599,
            "net_income_4q": null,
            "revenue": 1615020,
            "revenue_4q": null,
            "common_shares": 724230,
            "book_valuer_per_share": 22.04,
            "book_valuer_per_share_4q_avg": 21.99,
            "equity": 1596174,
            "current_ratio": 100.44,
            "debt_ratio": 37.64,
            "inventory_turnover_ratio": 11.92,
            "account_receivable_turnover_ratio": null,
            "reinvestment_rate": 9.98,
            "research_to_sale_ratio": null,
            "price_fair": 446.5,
            "eps_avg_yearly": 12.76,
            "eps_latest_yearly": 8.64,
            "eps_growth_yearly": 129.94
        },
        "20053": {
            "year_quarter": 20053,
            "year": 2005,
            "quarter": 3,
            "eps": 0.02,
            "eps_growth_year": -95.83,
            "eps_4q": 4.08,
            "eps_4q_growth_year": -54.06,
            "roe": 0.13,
            "roe_4q": 26.240000000000002,
            "gross_profit": 74233,
            "gross_margin": 10.33,
            "gross_margin_4q_avg": 15.77,
            "net_income": 2164,
            "net_income_4q": null,
            "revenue": 718383,
            "revenue_4q": null,
            "common_shares": 876280,
            "book_valuer_per_share": 18.7,
            "book_valuer_per_share_4q_avg": 21.44,
            "equity": 1639056,
            "current_ratio": 103.75,
            "debt_ratio": 24.38,
            "inventory_turnover_ratio": 10.7,
            "account_receivable_turnover_ratio": null,
            "reinvestment_rate": 9.86,
            "research_to_sale_ratio": null,
            "price_fair": 416.92,
            "eps_avg_yearly": 11.91,
            "eps_latest_yearly": 0.08,
            "eps_growth_yearly": 94.85
        },
        "20054": {
            "year_quarter": 20054,
            "year": 2005,
            "quarter": 4,
            "eps": -0.04,
            "eps_growth_year": -104.17,
            "eps_4q": 4.24,
            "eps_4q_growth_year": -48.65,
            "roe": -0.19,
            "roe_4q": 21.73,
            "gross_profit": 75639,
            "gross_margin": 10.27,
            "gross_margin_4q_avg": 13.56,
            "net_income": -3345,
            "net_income_4q": null,
            "revenue": 736282,
            "revenue_4q": null,
            "common_shares": 876280,
            "book_valuer_per_share": 18.63,
            "book_valuer_per_share_4q_avg": 20.83,
            "equity": 1819721,
            "current_ratio": 138.34,
            "debt_ratio": 31.17,
            "inventory_turnover_ratio": 4.88,
            "account_receivable_turnover_ratio": null,
            "reinvestment_rate": 40.28,
            "research_to_sale_ratio": null,
            "price_fair": 416.92,
            "eps_avg_yearly": 11.91,
            "eps_latest_yearly": 0.08,
            "eps_growth_yearly": 94.85
        },
        "20061": {
            "year_quarter": 20061,
            "year": 2006,
            "quarter": 1,
            "eps": 0.78,
            "eps_growth_year": -73.47,
            "eps_4q": 2.55,
            "eps_4q_growth_year": -66.72,
            "roe": 3.9,
            "roe_4q": 13.25,
            "gross_profit": 148801,
            "gross_margin": 9.64,
            "gross_margin_4q_avg": 11.33,
            "net_income": 68505,
            "net_income_4q": null,
            "revenue": 1543305,
            "revenue_4q": null,
            "common_shares": 876280,
            "book_valuer_per_share": 19.3,
            "book_valuer_per_share_4q_avg": 19.67,
            "equity": 1691629,
            "current_ratio": 106.09,
            "debt_ratio": 40.25,
            "inventory_turnover_ratio": 7.44,
            "account_receivable_turnover_ratio": null,
            "reinvestment_rate": 9.93,
            "research_to_sale_ratio": null,
            "price_fair": 404.3,
            "eps_avg_yearly": 11.55,
            "eps_latest_yearly": 0.08,
            "eps_growth_yearly": 56.33
        },
        "20062": {
            "year_quarter": 20062,
            "year": 2006,
            "quarter": 2,
            "eps": 0.68,
            "eps_growth_year": -68.52,
            "eps_4q": 1.44,
            "eps_4q_growth_year": -77.94,
            "roe": 3.67,
            "roe_4q": 7.51,
            "gross_profit": 132480,
            "gross_margin": 9.53,
            "gross_margin_4q_avg": 9.94,
            "net_income": 59921,
            "net_income_4q": null,
            "revenue": 1389724,
            "revenue_4q": null,
            "common_shares": 876280,
            "book_valuer_per_share": 17.99,
            "book_valuer_per_share_4q_avg": 18.66,
            "equity": 1576006,
            "current_ratio": 89.34,
            "debt_ratio": 33.48,
            "inventory_turnover_ratio": 9.43,
            "account_receivable_turnover_ratio": null,
            "reinvestment_rate": 10.47,
            "research_to_sale_ratio": null,
            "price_fair": 356.7,
            "eps_avg_yearly": 10.19,
            "eps_latest_yearly": 2.72,
            "eps_growth_yearly": 44.58
        },
        "20063": {
            "year_quarter": 20063,
            "year": 2006,
            "quarter": 3,
            "eps": -0.13,
            "eps_growth_year": -750,
            "eps_4q": 1.22,
            "eps_4q_growth_year": -70.01,
            "roe": -0.75,
            "roe_4q": 6.63,
            "gross_profit": 75049,
            "gross_margin": 12.12,
            "gross_margin_4q_avg": 10.39,
            "net_income": -11876,
            "net_income_4q": null,
            "revenue": 619430,
            "revenue_4q": null,
            "common_shares": 925000,
            "book_valuer_per_share": 17.1,
            "book_valuer_per_share_4q_avg": 18.26,
            "equity": 1582163,
            "current_ratio": 100.89,
            "debt_ratio": 24.1,
            "inventory_turnover_ratio": 5.45,
            "account_receivable_turnover_ratio": null,
            "reinvestment_rate": 12.39,
            "research_to_sale_ratio": null,
            "price_fair": 343.22,
            "eps_avg_yearly": 9.81,
            "eps_latest_yearly": 2.72,
            "eps_growth_yearly": 57.29
        },
        "20064": {
            "year_quarter": 20064,
            "year": 2006,
            "quarter": 4,
            "eps": -0.25,
            "eps_growth_year": null,
            "eps_4q": 1.16,
            "eps_4q_growth_year": -72.69,
            "roe": -1.39,
            "roe_4q": 5.43,
            "gross_profit": 65161,
            "gross_margin": 10.07,
            "gross_margin_4q_avg": 10.34,
            "net_income": -23050,
            "net_income_4q": null,
            "revenue": 646985,
            "revenue_4q": null,
            "common_shares": 925000,
            "book_valuer_per_share": 16.95,
            "book_valuer_per_share_4q_avg": 17.84,
            "equity": 1744801,
            "current_ratio": 165.56,
            "debt_ratio": 36.48,
            "inventory_turnover_ratio": 3.1,
            "account_receivable_turnover_ratio": null,
            "reinvestment_rate": 51.34,
            "research_to_sale_ratio": null,
            "price_fair": 340.9,
            "eps_avg_yearly": 9.74,
            "eps_latest_yearly": 2.72,
            "eps_growth_yearly": 72.15
        },
        "20071": {
            "year_quarter": 20071,
            "year": 2007,
            "quarter": 1,
            "eps": 1.03,
            "eps_growth_year": 32.05,
            "eps_4q": 1.3,
            "eps_4q_growth_year": -48.98,
            "roe": 5.52,
            "roe_4q": 7.05,
            "gross_profit": 179932,
            "gross_margin": 11.63,
            "gross_margin_4q_avg": 10.84,
            "net_income": 95072,
            "net_income_4q": null,
            "revenue": 1547458,
            "revenue_4q": null,
            "common_shares": 933884,
            "book_valuer_per_share": 18.19,
            "book_valuer_per_share_4q_avg": 17.56,
            "equity": 1699128,
            "current_ratio": 130.42,
            "debt_ratio": 38.1,
            "inventory_turnover_ratio": 6.11,
            "account_receivable_turnover_ratio": null,
            "reinvestment_rate": 10.41,
            "research_to_sale_ratio": null,
            "price_fair": 309.4,
            "eps_avg_yearly": 8.84,
            "eps_latest_yearly": 2.72,
            "eps_growth_yearly": 47.7
        },
        "20072": {
            "year_quarter": 20072,
            "year": 2007,
            "quarter": 2,
            "eps": 0.89,
            "eps_growth_year": 30.88,
            "eps_4q": 1.54,
            "eps_4q_growth_year": 6.4,
            "roe": 4.83,
            "roe_4q": 8.209999999999999,
            "gross_profit": 136500,
            "gross_margin": 10.29,
            "gross_margin_4q_avg": 11.03,
            "net_income": 82807,
            "net_income_4q": null,
            "revenue": 1326148,
            "revenue_4q": null,
            "common_shares": 934522,
            "book_valuer_per_share": 18.49,
            "book_valuer_per_share_4q_avg": 17.68,
            "equity": 1727912,
            "current_ratio": 133.03,
            "debt_ratio": 34.57,
            "inventory_turnover_ratio": 7.99,
            "account_receivable_turnover_ratio": null,
            "reinvestment_rate": 11.83,
            "research_to_sale_ratio": null,
            "price_fair": 253.02,
            "eps_avg_yearly": 7.23,
            "eps_latest_yearly": 3.56,
            "eps_growth_yearly": 39.72
        },
        "20073": {
            "year_quarter": 20073,
            "year": 2007,
            "quarter": 3,
            "eps": -0.24,
            "eps_growth_year": null,
            "eps_4q": 1.4,
            "eps_4q_growth_year": 14.14,
            "roe": -1.29,
            "roe_4q": 7.669999999999999,
            "gross_profit": 102565,
            "gross_margin": 11.78,
            "gross_margin_4q_avg": 10.94,
            "net_income": -22295,
            "net_income_4q": null,
            "revenue": 870946,
            "revenue_4q": null,
            "common_shares": 948745,
            "book_valuer_per_share": 18.28,
            "book_valuer_per_share_4q_avg": 17.98,
            "equity": 1734124,
            "current_ratio": 149.97,
            "debt_ratio": 29.55,
            "inventory_turnover_ratio": 4.92,
            "account_receivable_turnover_ratio": null,
            "reinvestment_rate": 11.9,
            "research_to_sale_ratio": null,
            "price_fair": 251.58,
            "eps_avg_yearly": 7.19,
            "eps_latest_yearly": 3.56,
            "eps_growth_yearly": 69.33
        },
        "20074": {
            "year_quarter": 20074,
            "year": 2007,
            "quarter": 4,
            "eps": -0.22,
            "eps_growth_year": null,
            "eps_4q": 1.66,
            "eps_4q_growth_year": 42.9,
            "roe": -1.15,
            "roe_4q": 7.91,
            "gross_profit": 93169,
            "gross_margin": 11.57,
            "gross_margin_4q_avg": 11.32,
            "net_income": -20865,
            "net_income_4q": null,
            "revenue": 805301,
            "revenue_4q": null,
            "common_shares": 949502,
            "book_valuer_per_share": 18.09,
            "book_valuer_per_share_4q_avg": 18.26,
            "equity": 1880200,
            "current_ratio": 160.29,
            "debt_ratio": 36.08,
            "inventory_turnover_ratio": 2.62,
            "account_receivable_turnover_ratio": null,
            "reinvestment_rate": 8.16,
            "research_to_sale_ratio": null,
            "price_fair": 249.51,
            "eps_avg_yearly": 7.13,
            "eps_latest_yearly": 3.56,
            "eps_growth_yearly": 76.57
        },
        "20081": {
            "year_quarter": 20081,
            "year": 2008,
            "quarter": 1,
            "eps": 0.67,
            "eps_growth_year": -34.95,
            "eps_4q": 1.22,
            "eps_4q_growth_year": -6.22,
            "roe": 3.02,
            "roe_4q": 5.41,
            "gross_profit": 258812,
            "gross_margin": 16.32,
            "gross_margin_4q_avg": 12.49,
            "net_income": 56938,
            "net_income_4q": null,
            "revenue": 1585903,
            "revenue_4q": null,
            "common_shares": 949502,
            "book_valuer_per_share": 18.27,
            "book_valuer_per_share_4q_avg": 18.28,
            "equity": 1891143,
            "current_ratio": 150.16,
            "debt_ratio": 41.84,
            "inventory_turnover_ratio": 3.7,
            "account_receivable_turnover_ratio": null,
            "reinvestment_rate": 69.07,
            "research_to_sale_ratio": null,
            "price_fair": 208.78,
            "eps_avg_yearly": 5.97,
            "eps_latest_yearly": 3.56,
            "eps_growth_yearly": 29.66
        },
        "20082": {
            "year_quarter": 20082,
            "year": 2008,
            "quarter": 2,
            "eps": -0.3,
            "eps_growth_year": -133.71,
            "eps_4q": -0.08,
            "eps_4q_growth_year": -105.06,
            "roe": -1.52,
            "roe_4q": -0.94,
            "gross_profit": 214041,
            "gross_margin": 17.57,
            "gross_margin_4q_avg": 14.31,
            "net_income": -27847,
            "net_income_4q": null,
            "revenue": 1218155,
            "revenue_4q": null,
            "common_shares": 949502,
            "book_valuer_per_share": 17.07,
            "book_valuer_per_share_4q_avg": 17.93,
            "equity": 1771769,
            "current_ratio": 167.77,
            "debt_ratio": 35.16,
            "inventory_turnover_ratio": 2.93,
            "account_receivable_turnover_ratio": null,
            "reinvestment_rate": 77.82,
            "research_to_sale_ratio": null,
            "price_fair": 162.6,
            "eps_avg_yearly": 4.65,
            "eps_latest_yearly": 3.56,
            "eps_growth_yearly": 38.21
        },
        "20083": {
            "year_quarter": 20083,
            "year": 2008,
            "quarter": 3,
            "eps": -0.56,
            "eps_growth_year": null,
            "eps_4q": -0.4,
            "eps_4q_growth_year": -128.65,
            "roe": -3.57,
            "roe_4q": -3.2199999999999998,
            "gross_profit": 82905,
            "gross_margin": 12.48,
            "gross_margin_4q_avg": 14.49,
            "net_income": -62560,
            "net_income_4q": null,
            "revenue": 664288,
            "revenue_4q": null,
            "common_shares": 949502,
            "book_valuer_per_share": 16.66,
            "book_valuer_per_share_4q_avg": 17.52,
            "equity": 1732276,
            "current_ratio": 138.54,
            "debt_ratio": 42.5,
            "inventory_turnover_ratio": 1.08,
            "account_receivable_turnover_ratio": null,
            "reinvestment_rate": 89.49,
            "research_to_sale_ratio": null,
            "price_fair": 178.5,
            "eps_avg_yearly": 5.1,
            "eps_latest_yearly": 3.56,
            "eps_growth_yearly": 102.82
        },
        "20084": {
            "year_quarter": 20084,
            "year": 2008,
            "quarter": 4,
            "eps": -2.12,
            "eps_growth_year": null,
            "eps_4q": -1.97,
            "eps_4q_growth_year": -219.13,
            "roe": -13.29,
            "roe_4q": -15.36,
            "gross_profit": 162867,
            "gross_margin": 20.78,
            "gross_margin_4q_avg": 16.79,
            "net_income": -218888,
            "net_income_4q": null,
            "revenue": 783812,
            "revenue_4q": null,
            "common_shares": 919502,
            "book_valuer_per_share": 15.42,
            "book_valuer_per_share_4q_avg": 16.86,
            "equity": 1561353,
            "current_ratio": 120.32,
            "debt_ratio": 47.81,
            "inventory_turnover_ratio": 0.86,
            "account_receivable_turnover_ratio": null,
            "reinvestment_rate": -29.15,
            "research_to_sale_ratio": null,
            "price_fair": 187.32,
            "eps_avg_yearly": 5.35,
            "eps_latest_yearly": 3.56,
            "eps_growth_yearly": 43.39
        },
        "20091": {
            "year_quarter": 20091,
            "year": 2009,
            "quarter": 1,
            "eps": -0.82,
            "eps_growth_year": -222.39,
            "eps_4q": -3.87,
            "eps_4q_growth_year": -417.58,
            "roe": -6.45,
            "roe_4q": -24.83,
            "gross_profit": 307183,
            "gross_margin": 27.6,
            "gross_margin_4q_avg": 19.61,
            "net_income": -102243,
            "net_income_4q": null,
            "revenue": 1113060,
            "revenue_4q": null,
            "common_shares": 919502,
            "book_valuer_per_share": 15.43,
            "book_valuer_per_share_4q_avg": 16.15,
            "equity": 1609240,
            "current_ratio": 122.61,
            "debt_ratio": 55.29,
            "inventory_turnover_ratio": 1.06,
            "account_receivable_turnover_ratio": 3.04,
            "reinvestment_rate": 2021.55,
            "research_to_sale_ratio": null,
            "price_fair": 11.25,
            "eps_avg_yearly": 3.75,
            "eps_latest_yearly": 3.56,
            "eps_growth_yearly": -152.02
        },
        "20092": {
            "year_quarter": 20092,
            "year": 2009,
            "quarter": 2,
            "eps": -0.95,
            "eps_growth_year": null,
            "eps_4q": -4.52,
            "eps_4q_growth_year": null,
            "roe": -6.3,
            "roe_4q": -29.61,
            "gross_profit": 405894,
            "gross_margin": 41.55,
            "gross_margin_4q_avg": 25.6,
            "net_income": -96919,
            "net_income_4q": null,
            "revenue": 976989,
            "revenue_4q": null,
            "common_shares": 919502,
            "book_valuer_per_share": 14.13,
            "book_valuer_per_share_4q_avg": 15.41,
            "equity": 1467449,
            "current_ratio": 118.52,
            "debt_ratio": 56.13,
            "inventory_turnover_ratio": 0.67,
            "account_receivable_turnover_ratio": 6.65,
            "reinvestment_rate": null,
            "research_to_sale_ratio": null,
            "price_fair": 6.36,
            "eps_avg_yearly": 2.12,
            "eps_latest_yearly": 3.56,
            "eps_growth_yearly": -167.32
        },
        "20093": {
            "year_quarter": 20093,
            "year": 2009,
            "quarter": 3,
            "eps": -1.48,
            "eps_growth_year": null,
            "eps_4q": -5.42,
            "eps_4q_growth_year": null,
            "roe": -12.04,
            "roe_4q": -38.08,
            "gross_profit": 154667,
            "gross_margin": 17.66,
            "gross_margin_4q_avg": 26.9,
            "net_income": -165886,
            "net_income_4q": null,
            "revenue": 876011,
            "revenue_4q": null,
            "common_shares": 919502,
            "book_valuer_per_share": 12.45,
            "book_valuer_per_share_4q_avg": 14.36,
            "equity": 1288295,
            "current_ratio": 106.93,
            "debt_ratio": 59.73,
            "inventory_turnover_ratio": 0.89,
            "account_receivable_turnover_ratio": 2.87,
            "reinvestment_rate": null,
            "research_to_sale_ratio": null,
            "price_fair": 9.42,
            "eps_avg_yearly": 3.14,
            "eps_latest_yearly": 3.56,
            "eps_growth_yearly": -52.83
        },
        "20094": {
            "year_quarter": 20094,
            "year": 2009,
            "quarter": 4,
            "eps": -4.53,
            "eps_growth_year": null,
            "eps_4q": -6.93,
            "eps_4q_growth_year": null,
            "roe": -41.24,
            "roe_4q": -66.03,
            "gross_profit": 49250,
            "gross_margin": 5.92,
            "gross_margin_4q_avg": 23.18,
            "net_income": -439934,
            "net_income_4q": null,
            "revenue": 832150,
            "revenue_4q": null,
            "common_shares": 919502,
            "book_valuer_per_share": 7.97,
            "book_valuer_per_share_4q_avg": 12.5,
            "equity": 845102,
            "current_ratio": 74.8,
            "debt_ratio": 68.95,
            "inventory_turnover_ratio": 1.21,
            "account_receivable_turnover_ratio": 2.82,
            "reinvestment_rate": null,
            "research_to_sale_ratio": null,
            "price_fair": 9.42,
            "eps_avg_yearly": 3.14,
            "eps_latest_yearly": 3.56,
            "eps_growth_yearly": -52.83
        },
        "20101": {
            "year_quarter": 20101,
            "year": 2010,
            "quarter": 1,
            "eps": -2.11,
            "eps_growth_year": null,
            "eps_4q": -8.62,
            "eps_4q_growth_year": null,
            "roe": -25.38,
            "roe_4q": -84.96,
            "gross_profit": 101542,
            "gross_margin": 14.74,
            "gross_margin_4q_avg": 19.97,
            "net_income": -194057,
            "net_income_4q": null,
            "revenue": 689017,
            "revenue_4q": null,
            "common_shares": 919502,
            "book_valuer_per_share": 6.07,
            "book_valuer_per_share_4q_avg": 10.16,
            "equity": 683945,
            "current_ratio": 73.29,
            "debt_ratio": 76.38,
            "inventory_turnover_ratio": 1.22,
            "account_receivable_turnover_ratio": 2.75,
            "reinvestment_rate": null,
            "research_to_sale_ratio": 1.59,
            "price_fair": 9.42,
            "eps_avg_yearly": 3.14,
            "eps_latest_yearly": 3.56,
            "eps_growth_yearly": -52.83
        },
        "20102": {
            "year_quarter": 20102,
            "year": 2010,
            "quarter": 2,
            "eps": 0.36,
            "eps_growth_year": null,
            "eps_4q": -5.76,
            "eps_4q_growth_year": null,
            "roe": 5.17,
            "roe_4q": -73.49000000000001,
            "gross_profit": 453220,
            "gross_margin": 42.51,
            "gross_margin_4q_avg": 20.21,
            "net_income": 44449,
            "net_income_4q": null,
            "revenue": 1066169,
            "revenue_4q": null,
            "common_shares": 1219502,
            "book_valuer_per_share": 7.71,
            "book_valuer_per_share_4q_avg": 8.55,
            "equity": 1035003,
            "current_ratio": 93.1,
            "debt_ratio": 66.98,
            "inventory_turnover_ratio": 1.04,
            "account_receivable_turnover_ratio": 2.69,
            "reinvestment_rate": null,
            "research_to_sale_ratio": 1.2,
            "price_fair": 10.68,
            "eps_avg_yearly": 3.56,
            "eps_latest_yearly": 3.56,
            "eps_growth_yearly": -54.37
        },
        "20103": {
            "year_quarter": 20103,
            "year": 2010,
            "quarter": 3,
            "eps": -0.92,
            "eps_growth_year": null,
            "eps_4q": -5.57,
            "eps_4q_growth_year": null,
            "roe": -17.39,
            "roe_4q": -78.84,
            "gross_profit": 293283,
            "gross_margin": 35.28,
            "gross_margin_4q_avg": 24.61,
            "net_income": -165280,
            "net_income_4q": null,
            "revenue": 831304,
            "revenue_4q": null,
            "common_shares": 1219502,
            "book_valuer_per_share": 6.35,
            "book_valuer_per_share_4q_avg": 7.03,
            "equity": 865653,
            "current_ratio": 79.16,
            "debt_ratio": 68.94,
            "inventory_turnover_ratio": 0.75,
            "account_receivable_turnover_ratio": 3.68,
            "reinvestment_rate": null,
            "research_to_sale_ratio": 0.85,
            "price_fair": 10.68,
            "eps_avg_yearly": 3.56,
            "eps_latest_yearly": 3.56,
            "eps_growth_yearly": -54.37
        },
        "20104": {
            "year_quarter": 20104,
            "year": 2010,
            "quarter": 4,
            "eps": -0.75,
            "eps_growth_year": null,
            "eps_4q": -2.9,
            "eps_4q_growth_year": null,
            "roe": -11.92,
            "roe_4q": -49.519999999999996,
            "gross_profit": 309752,
            "gross_margin": 40.6,
            "gross_margin_4q_avg": 33.28,
            "net_income": -95863,
            "net_income_4q": null,
            "revenue": 763026,
            "revenue_4q": null,
            "common_shares": 1219502,
            "book_valuer_per_share": 5.45,
            "book_valuer_per_share_4q_avg": 6.4,
            "equity": 742584,
            "current_ratio": 86.52,
            "debt_ratio": 70.27,
            "inventory_turnover_ratio": 0.7,
            "account_receivable_turnover_ratio": 4.3,
            "reinvestment_rate": null,
            "research_to_sale_ratio": 1.21,
            "price_fair": 10.68,
            "eps_avg_yearly": 3.56,
            "eps_latest_yearly": 3.56,
            "eps_growth_yearly": -54.37
        },
        "20111": {
            "year_quarter": 20111,
            "year": 2011,
            "quarter": 1,
            "eps": -0.37,
            "eps_growth_year": null,
            "eps_4q": -1.56,
            "eps_4q_growth_year": null,
            "roe": -6.97,
            "roe_4q": -31.11,
            "gross_profit": 225785,
            "gross_margin": 27.18,
            "gross_margin_4q_avg": 36.39,
            "net_income": -53124,
            "net_income_4q": null,
            "revenue": 830781,
            "revenue_4q": null,
            "common_shares": 1307502,
            "book_valuer_per_share": 5.43,
            "book_valuer_per_share_4q_avg": 6.24,
            "equity": 781127,
            "current_ratio": 90.07,
            "debt_ratio": 71.38,
            "inventory_turnover_ratio": 0.91,
            "account_receivable_turnover_ratio": 3.62,
            "reinvestment_rate": null,
            "research_to_sale_ratio": 1.06,
            "price_fair": 10.68,
            "eps_avg_yearly": 3.56,
            "eps_latest_yearly": 3.56,
            "eps_growth_yearly": -54.37
        },
        "20112": {
            "year_quarter": 20112,
            "year": 2011,
            "quarter": 2,
            "eps": 0.33,
            "eps_growth_year": -9.32,
            "eps_4q": -1.57,
            "eps_4q_growth_year": null,
            "roe": 4.88,
            "roe_4q": -31.4,
            "gross_profit": 423901,
            "gross_margin": 34.96,
            "gross_margin_4q_avg": 34.51,
            "net_income": 38979,
            "net_income_4q": null,
            "revenue": 1212450,
            "revenue_4q": null,
            "common_shares": 1307502,
            "book_valuer_per_share": 5.74,
            "book_valuer_per_share_4q_avg": 5.74,
            "equity": 816959,
            "current_ratio": 91.31,
            "debt_ratio": 69.33,
            "inventory_turnover_ratio": 1.16,
            "account_receivable_turnover_ratio": 4.23,
            "reinvestment_rate": null,
            "research_to_sale_ratio": 0.83,
            "price_fair": 0,
            "eps_avg_yearly": 0,
            "eps_latest_yearly": 0,
            "eps_growth_yearly": 0
        },
        "20113": {
            "year_quarter": 20113,
            "year": 2011,
            "quarter": 3,
            "eps": -0.52,
            "eps_growth_year": null,
            "eps_4q": -1.23,
            "eps_4q_growth_year": null,
            "roe": -9.46,
            "roe_4q": -23.47,
            "gross_profit": 221199,
            "gross_margin": 30.43,
            "gross_margin_4q_avg": 33.29,
            "net_income": -74531,
            "net_income_4q": null,
            "revenue": 726880,
            "revenue_4q": null,
            "common_shares": 1307502,
            "book_valuer_per_share": 5.31,
            "book_valuer_per_share_4q_avg": 5.48,
            "equity": 759433,
            "current_ratio": 82.99,
            "debt_ratio": 69.34,
            "inventory_turnover_ratio": 0.76,
            "account_receivable_turnover_ratio": 3.11,
            "reinvestment_rate": null,
            "research_to_sale_ratio": 1.21,
            "price_fair": 0,
            "eps_avg_yearly": 0,
            "eps_latest_yearly": 0,
            "eps_growth_yearly": 0
        },
        "20114": {
            "year_quarter": 20114,
            "year": 2011,
            "quarter": 4,
            "eps": -1.02,
            "eps_growth_year": null,
            "eps_4q": -1.56,
            "eps_4q_growth_year": null,
            "roe": -20.58,
            "roe_4q": -32.13,
            "gross_profit": 211392,
            "gross_margin": 28.16,
            "gross_margin_4q_avg": 30.18,
            "net_income": -141660,
            "net_income_4q": null,
            "revenue": 750708,
            "revenue_4q": null,
            "common_shares": 1307502,
            "book_valuer_per_share": 4.3,
            "book_valuer_per_share_4q_avg": 5.2,
            "equity": 617050,
            "current_ratio": 68.65,
            "debt_ratio": 76.3,
            "inventory_turnover_ratio": 0.8,
            "account_receivable_turnover_ratio": 3.42,
            "reinvestment_rate": null,
            "research_to_sale_ratio": 0.9,
            "price_fair": 0,
            "eps_avg_yearly": 0,
            "eps_latest_yearly": 0,
            "eps_growth_yearly": 0
        },
        "20121": {
            "year_quarter": 20121,
            "year": 2012,
            "quarter": 1,
            "eps": -0.51,
            "eps_growth_year": null,
            "eps_4q": -1.72,
            "eps_4q_growth_year": null,
            "roe": -12.53,
            "roe_4q": -37.69,
            "gross_profit": 273579,
            "gross_margin": 28.12,
            "gross_margin_4q_avg": 30.42,
            "net_income": -72199,
            "net_income_4q": null,
            "revenue": 972804,
            "revenue_4q": null,
            "common_shares": 1307502,
            "book_valuer_per_share": 3.73,
            "book_valuer_per_share_4q_avg": 4.77,
            "equity": 535032,
            "current_ratio": 66.15,
            "debt_ratio": 79.32,
            "inventory_turnover_ratio": 1.02,
            "account_receivable_turnover_ratio": 3.48,
            "reinvestment_rate": null,
            "research_to_sale_ratio": 0.75,
            "price_fair": 0,
            "eps_avg_yearly": 0,
            "eps_latest_yearly": 0,
            "eps_growth_yearly": 0
        },
        "20122": {
            "year_quarter": 20122,
            "year": 2012,
            "quarter": 2,
            "eps": -1.11,
            "eps_growth_year": -435.52,
            "eps_4q": -3.16,
            "eps_4q_growth_year": null,
            "roe": -31.75,
            "roe_4q": -74.32,
            "gross_profit": 342048,
            "gross_margin": 34.14,
            "gross_margin_4q_avg": 30.21,
            "net_income": -147064,
            "net_income_4q": null,
            "revenue": 1001947,
            "revenue_4q": null,
            "common_shares": 1307502,
            "book_valuer_per_share": 2.64,
            "book_valuer_per_share_4q_avg": 4,
            "equity": 391268,
            "current_ratio": 64.2,
            "debt_ratio": 83.23,
            "inventory_turnover_ratio": 0.99,
            "account_receivable_turnover_ratio": 4.01,
            "reinvestment_rate": null,
            "research_to_sale_ratio": 0.72,
            "price_fair": 0,
            "eps_avg_yearly": 0,
            "eps_latest_yearly": 0,
            "eps_growth_yearly": 0
        },
        "20123": {
            "year_quarter": 20123,
            "year": 2012,
            "quarter": 3,
            "eps": -1.1,
            "eps_growth_year": null,
            "eps_4q": -3.73,
            "eps_4q_growth_year": null,
            "roe": -45.71,
            "roe_4q": -110.57000000000001,
            "gross_profit": 271047,
            "gross_margin": 35.32,
            "gross_margin_4q_avg": 31.44,
            "net_income": -143305,
            "net_income_4q": null,
            "revenue": 767332,
            "revenue_4q": null,
            "common_shares": 1307502,
            "book_valuer_per_share": 1.46,
            "book_valuer_per_share_4q_avg": 3.03,
            "equity": 235740,
            "current_ratio": 64.02,
            "debt_ratio": 88.83,
            "inventory_turnover_ratio": 0.8,
            "account_receivable_turnover_ratio": 4.26,
            "reinvestment_rate": null,
            "research_to_sale_ratio": 0.94,
            "price_fair": 0,
            "eps_avg_yearly": 0,
            "eps_latest_yearly": 0,
            "eps_growth_yearly": 0
        },
        "20124": {
            "year_quarter": 20124,
            "year": 2012,
            "quarter": 4,
            "eps": -1.31,
            "eps_growth_year": null,
            "eps_4q": -3.79,
            "eps_4q_growth_year": null,
            "roe": -109.46,
            "roe_4q": -199.45,
            "gross_profit": 173479,
            "gross_margin": 25.07,
            "gross_margin_4q_avg": 30.66,
            "net_income": -188356,
            "net_income_4q": null,
            "revenue": 691896,
            "revenue_4q": null,
            "common_shares": 1431502,
            "book_valuer_per_share": 0.45,
            "book_valuer_per_share_4q_avg": 2.07,
            "equity": 108426,
            "current_ratio": 63.31,
            "debt_ratio": 94.23,
            "inventory_turnover_ratio": 0.97,
            "account_receivable_turnover_ratio": 5.26,
            "reinvestment_rate": null,
            "research_to_sale_ratio": 0.97,
            "price_fair": 0,
            "eps_avg_yearly": 0,
            "eps_latest_yearly": 0,
            "eps_growth_yearly": 0
        },
        "20131": {
            "year_quarter": 20131,
            "year": 2013,
            "quarter": 1,
            "eps": -0.29,
            "eps_growth_year": null,
            "eps_4q": -3.42,
            "eps_4q_growth_year": null,
            "roe": -29.61,
            "roe_4q": -216.53,
            "gross_profit": 173292,
            "gross_margin": 22.69,
            "gross_margin_4q_avg": 29.31,
            "net_income": -41187,
            "net_income_4q": null,
            "revenue": 763839,
            "revenue_4q": null,
            "common_shares": 1515002,
            "book_valuer_per_share": 0.82,
            "book_valuer_per_share_4q_avg": 1.34,
            "equity": 169795,
            "current_ratio": 64.11,
            "debt_ratio": 91.9,
            "inventory_turnover_ratio": 1.28,
            "account_receivable_turnover_ratio": 4.58,
            "reinvestment_rate": null,
            "research_to_sale_ratio": 0.97,
            "price_fair": 0,
            "eps_avg_yearly": 0,
            "eps_latest_yearly": 0,
            "eps_growth_yearly": 0
        },
        "20132": {
            "year_quarter": 20132,
            "year": 2013,
            "quarter": 2,
            "eps": 0.34,
            "eps_growth_year": null,
            "eps_4q": -2.12,
            "eps_4q_growth_year": null,
            "roe": 23.98,
            "roe_4q": -160.79999999999998,
            "gross_profit": 252623,
            "gross_margin": 30.11,
            "gross_margin_4q_avg": 28.3,
            "net_income": 46317,
            "net_income_4q": null,
            "revenue": 839014,
            "revenue_4q": null,
            "common_shares": 1515002,
            "book_valuer_per_share": 1.16,
            "book_valuer_per_share_4q_avg": 0.97,
            "equity": 216535,
            "current_ratio": 63.56,
            "debt_ratio": 89.22,
            "inventory_turnover_ratio": 1.38,
            "account_receivable_turnover_ratio": 4.36,
            "reinvestment_rate": null,
            "research_to_sale_ratio": 0.71,
            "price_fair": 0,
            "eps_avg_yearly": 0,
            "eps_latest_yearly": 0,
            "eps_growth_yearly": 0
        },
        "20133": {
            "year_quarter": 20133,
            "year": 2013,
            "quarter": 3,
            "eps": -0.34,
            "eps_growth_year": null,
            "eps_4q": -13.72,
            "eps_4q_growth_year": null,
            "roe": -19.77,
            "roe_4q": -134.85999999999999,
            "gross_profit": 209058,
            "gross_margin": 31.74,
            "gross_margin_4q_avg": 27.4,
            "net_income": -38884,
            "net_income_4q": null,
            "revenue": 658654,
            "revenue_4q": null,
            "common_shares": 151500,
            "book_valuer_per_share": 9.55,
            "book_valuer_per_share_4q_avg": 3,
            "equity": 176823,
            "current_ratio": 51.31,
            "debt_ratio": 90.13,
            "inventory_turnover_ratio": 1.19,
            "account_receivable_turnover_ratio": 5.27,
            "reinvestment_rate": null,
            "research_to_sale_ratio": 1.08,
            "price_fair": 0,
            "eps_avg_yearly": 0,
            "eps_latest_yearly": 0,
            "eps_growth_yearly": 0
        },
        "20134": {
            "year_quarter": 20134,
            "year": 2013,
            "quarter": 4,
            "eps": -2.59,
            "eps_growth_year": null,
            "eps_4q": -3.7,
            "eps_4q_growth_year": null,
            "roe": -30.75,
            "roe_4q": -56.14999999999999,
            "gross_profit": 157537,
            "gross_margin": 26.59,
            "gross_margin_4q_avg": 27.78,
            "net_income": -55445,
            "net_income_4q": null,
            "revenue": 592481,
            "revenue_4q": null,
            "common_shares": 178000,
            "book_valuer_per_share": 9.07,
            "book_valuer_per_share_4q_avg": 5.15,
            "equity": 183830,
            "current_ratio": 50.81,
            "debt_ratio": 89.76,
            "inventory_turnover_ratio": 1.24,
            "account_receivable_turnover_ratio": 6.98,
            "reinvestment_rate": null,
            "research_to_sale_ratio": 0.72,
            "price_fair": 0,
            "eps_avg_yearly": 0,
            "eps_latest_yearly": 0,
            "eps_growth_yearly": 0
        },
        "20141": {
            "year_quarter": 20141,
            "year": 2014,
            "quarter": 1,
            "eps": -3.49,
            "eps_growth_year": null,
            "eps_4q": -4.88,
            "eps_4q_growth_year": null,
            "roe": -45.36,
            "roe_4q": -71.89999999999999,
            "gross_profit": 164833,
            "gross_margin": 26.88,
            "gross_margin_4q_avg": 28.83,
            "net_income": -67985,
            "net_income_4q": null,
            "revenue": 613303,
            "revenue_4q": null,
            "common_shares": 178000,
            "book_valuer_per_share": 5.57,
            "book_valuer_per_share_4q_avg": 6.34,
            "equity": 115900,
            "current_ratio": 48.25,
            "debt_ratio": 93.36,
            "inventory_turnover_ratio": 1.3,
            "account_receivable_turnover_ratio": 6.59,
            "reinvestment_rate": null,
            "research_to_sale_ratio": 1,
            "price_fair": 0,
            "eps_avg_yearly": 0,
            "eps_latest_yearly": 0,
            "eps_growth_yearly": 0
        },
        "20142": {
            "year_quarter": 20142,
            "year": 2014,
            "quarter": 2,
            "eps": 6.81,
            "eps_growth_year": 1902.94,
            "eps_4q": -0.97,
            "eps_4q_growth_year": null,
            "roe": 68.16,
            "roe_4q": -27.720000000000002,
            "gross_profit": 239484,
            "gross_margin": 35.36,
            "gross_margin_4q_avg": 30.14,
            "net_income": 120140,
            "net_income_4q": null,
            "revenue": 677314,
            "revenue_4q": null,
            "common_shares": 178000,
            "book_valuer_per_share": 12.41,
            "book_valuer_per_share_4q_avg": 9.15,
            "equity": 236610,
            "current_ratio": 55.41,
            "debt_ratio": 85.81,
            "inventory_turnover_ratio": 1.2,
            "account_receivable_turnover_ratio": 8.25,
            "reinvestment_rate": null,
            "research_to_sale_ratio": 1.08,
            "price_fair": 0,
            "eps_avg_yearly": 0,
            "eps_latest_yearly": 0,
            "eps_growth_yearly": 0
        },
        "20143": {
            "year_quarter": 20143,
            "year": 2014,
            "quarter": 3,
            "eps": 14.33,
            "eps_growth_year": null,
            "eps_4q": 15.06,
            "eps_4q_growth_year": null,
            "roe": 69.67,
            "roe_4q": 61.719999999999985,
            "gross_profit": 214459,
            "gross_margin": 30.59,
            "gross_margin_4q_avg": 29.86,
            "net_income": 252255,
            "net_income_4q": null,
            "revenue": 701013,
            "revenue_4q": null,
            "common_shares": 178000,
            "book_valuer_per_share": 26.68,
            "book_valuer_per_share_4q_avg": 13.43,
            "equity": 487494,
            "current_ratio": 73.86,
            "debt_ratio": 70.07,
            "inventory_turnover_ratio": 1.23,
            "account_receivable_turnover_ratio": 9.21,
            "reinvestment_rate": null,
            "research_to_sale_ratio": 0.97,
            "price_fair": 2006.2,
            "eps_avg_yearly": 57.32,
            "eps_latest_yearly": 57.32,
            "eps_growth_yearly": 441.7
        },
        "20144": {
            "year_quarter": 20144,
            "year": 2014,
            "quarter": 4,
            "eps": -4.53,
            "eps_growth_year": null,
            "eps_4q": 13.12,
            "eps_4q_growth_year": null,
            "roe": -17.06,
            "roe_4q": 75.41,
            "gross_profit": 148647,
            "gross_margin": 32.85,
            "gross_margin_4q_avg": 31.42,
            "net_income": -82015,
            "net_income_4q": null,
            "revenue": 452435,
            "revenue_4q": null,
            "common_shares": 178000,
            "book_valuer_per_share": 26.07,
            "book_valuer_per_share_4q_avg": 17.68,
            "equity": 474237,
            "current_ratio": 64.06,
            "debt_ratio": 70.32,
            "inventory_turnover_ratio": 0.77,
            "account_receivable_turnover_ratio": 6.05,
            "reinvestment_rate": null,
            "research_to_sale_ratio": 1.01,
            "price_fair": 2006.2,
            "eps_avg_yearly": 57.32,
            "eps_latest_yearly": 57.32,
            "eps_growth_yearly": 441.7
        },
        "20151": {
            "year_quarter": 20151,
            "year": 2015,
            "quarter": 1,
            "eps": -0.97,
            "eps_growth_year": null,
            "eps_4q": 15.64,
            "eps_4q_growth_year": null,
            "roe": -3.98,
            "roe_4q": 116.78999999999999,
            "gross_profit": 194161,
            "gross_margin": 33.08,
            "gross_margin_4q_avg": 32.97,
            "net_income": -18534,
            "net_income_4q": null,
            "revenue": 586857,
            "revenue_4q": null,
            "common_shares": 178000,
            "book_valuer_per_share": 25.15,
            "book_valuer_per_share_4q_avg": 22.58,
            "equity": 457066,
            "current_ratio": 62.45,
            "debt_ratio": 70.78,
            "inventory_turnover_ratio": 0.96,
            "account_receivable_turnover_ratio": 8.22,
            "reinvestment_rate": null,
            "research_to_sale_ratio": 0.98,
            "price_fair": 2006.2,
            "eps_avg_yearly": 57.32,
            "eps_latest_yearly": 57.32,
            "eps_growth_yearly": 441.7
        },
        "20152": {
            "year_quarter": 20152,
            "year": 2015,
            "quarter": 2,
            "eps": 3.34,
            "eps_growth_year": -50.95,
            "eps_4q": 10.11,
            "eps_4q_growth_year": null,
            "roe": 12.2,
            "roe_4q": 60.83,
            "gross_profit": 280420,
            "gross_margin": 38.07,
            "gross_margin_4q_avg": 33.65,
            "net_income": 59006,
            "net_income_4q": null,
            "revenue": 736607,
            "revenue_4q": null,
            "common_shares": 178000,
            "book_valuer_per_share": 28.18,
            "book_valuer_per_share_4q_avg": 26.52,
            "equity": 510605,
            "current_ratio": 85.25,
            "debt_ratio": 68.25,
            "inventory_turnover_ratio": 1.08,
            "account_receivable_turnover_ratio": 9.91,
            "reinvestment_rate": null,
            "research_to_sale_ratio": 0.85,
            "price_fair": 2006.2,
            "eps_avg_yearly": 57.32,
            "eps_latest_yearly": 57.32,
            "eps_growth_yearly": 441.7
        },
        "20153": {
            "year_quarter": 20153,
            "year": 2015,
            "quarter": 3,
            "eps": 2.82,
            "eps_growth_year": -80.32,
            "eps_4q": 1.01,
            "eps_4q_growth_year": -93.27,
            "roe": 10.88,
            "roe_4q": 2.039999999999999,
            "gross_profit": 185755,
            "gross_margin": 30.3,
            "gross_margin_4q_avg": 33.58,
            "net_income": 59029,
            "net_income_4q": null,
            "revenue": 612951,
            "revenue_4q": null,
            "common_shares": 214098,
            "book_valuer_per_share": 26.42,
            "book_valuer_per_share_4q_avg": 26.46,
            "equity": 574415,
            "current_ratio": 92.49,
            "debt_ratio": 62.36,
            "inventory_turnover_ratio": 1.05,
            "account_receivable_turnover_ratio": 8.12,
            "reinvestment_rate": null,
            "research_to_sale_ratio": 0.96,
            "price_fair": 1200.5,
            "eps_avg_yearly": 34.3,
            "eps_latest_yearly": 11.28,
            "eps_growth_yearly": 189.71
        },
        "20154": {
            "year_quarter": 20154,
            "year": 2015,
            "quarter": 4,
            "eps": -1.98,
            "eps_growth_year": null,
            "eps_4q": 2.8,
            "eps_4q_growth_year": -78.67,
            "roe": -7.49,
            "roe_4q": 11.61,
            "gross_profit": 193106,
            "gross_margin": 32.26,
            "gross_margin_4q_avg": 33.43,
            "net_income": -50030,
            "net_income_4q": null,
            "revenue": 598534,
            "revenue_4q": null,
            "common_shares": 214098,
            "book_valuer_per_share": 35.48,
            "book_valuer_per_share_4q_avg": 28.81,
            "equity": 761966,
            "current_ratio": 88.3,
            "debt_ratio": 56.45,
            "inventory_turnover_ratio": 1.02,
            "account_receivable_turnover_ratio": 6.72,
            "reinvestment_rate": null,
            "research_to_sale_ratio": 0.94,
            "price_fair": 1200.5,
            "eps_avg_yearly": 34.3,
            "eps_latest_yearly": 11.28,
            "eps_growth_yearly": 189.71
        },
        "20161": {
            "year_quarter": 20161,
            "year": 2016,
            "quarter": 1,
            "eps": 0.28,
            "eps_growth_year": null,
            "eps_4q": 3.89,
            "eps_4q_growth_year": -75.14,
            "roe": 0.23,
            "roe_4q": 15.82,
            "gross_profit": 181305,
            "gross_margin": 31.32,
            "gross_margin_4q_avg": 32.99,
            "net_income": 1768,
            "net_income_4q": null,
            "revenue": 578820,
            "revenue_4q": null,
            "common_shares": 214098,
            "book_valuer_per_share": 35.78,
            "book_valuer_per_share_4q_avg": 31.47,
            "equity": 764496,
            "current_ratio": 88.23,
            "debt_ratio": 55.41,
            "inventory_turnover_ratio": 1,
            "account_receivable_turnover_ratio": 5.46,
            "reinvestment_rate": null,
            "research_to_sale_ratio": 0.99,
            "price_fair": 1200.5,
            "eps_avg_yearly": 34.3,
            "eps_latest_yearly": 11.28,
            "eps_growth_yearly": 189.71
        },
        "20162": {
            "year_quarter": 20162,
            "year": 2016,
            "quarter": 2,
            "eps": 0.65,
            "eps_growth_year": -80.54,
            "eps_4q": 1.6,
            "eps_4q_growth_year": -84.2,
            "roe": 1.09,
            "roe_4q": 4.710000000000001,
            "gross_profit": 237185,
            "gross_margin": 33.77,
            "gross_margin_4q_avg": 31.91,
            "net_income": 8587,
            "net_income_4q": null,
            "revenue": 702448,
            "revenue_4q": null,
            "common_shares": 214098,
            "book_valuer_per_share": 38.13,
            "book_valuer_per_share_4q_avg": 33.95,
            "equity": 811202,
            "current_ratio": 95.35,
            "debt_ratio": 53.75,
            "inventory_turnover_ratio": 1.23,
            "account_receivable_turnover_ratio": 5.59,
            "reinvestment_rate": null,
            "research_to_sale_ratio": 0.8,
            "price_fair": 830.67,
            "eps_avg_yearly": 23.73,
            "eps_latest_yearly": 2.6,
            "eps_growth_yearly": 302.67
        },
        "20163": {
            "year_quarter": 20163,
            "year": 2016,
            "quarter": 3,
            "eps": 0.99,
            "eps_growth_year": -64.89,
            "eps_4q": 0.04,
            "eps_4q_growth_year": -96.16,
            "roe": 2.17,
            "roe_4q": -4,
            "gross_profit": 201592,
            "gross_margin": 30.93,
            "gross_margin_4q_avg": 32.07,
            "net_income": 17861,
            "net_income_4q": null,
            "revenue": 651697,
            "revenue_4q": null,
            "common_shares": 236324,
            "book_valuer_per_share": 35.61,
            "book_valuer_per_share_4q_avg": 36.25,
            "equity": 832371,
            "current_ratio": 99.74,
            "debt_ratio": 50.6,
            "inventory_turnover_ratio": 1.34,
            "account_receivable_turnover_ratio": 4.67,
            "reinvestment_rate": -175.94,
            "research_to_sale_ratio": 0.7,
            "price_fair": 657.65,
            "eps_avg_yearly": 18.79,
            "eps_latest_yearly": 3.96,
            "eps_growth_yearly": 279.31
        },
        "20164": {
            "year_quarter": 20164,
            "year": 2016,
            "quarter": 4,
            "eps": 0.39,
            "eps_growth_year": null,
            "eps_4q": 2.22,
            "eps_4q_growth_year": -20.54,
            "roe": 0.42,
            "roe_4q": 3.9099999999999997,
            "gross_profit": 167809,
            "gross_margin": 31.91,
            "gross_margin_4q_avg": 31.98,
            "net_income": 3311,
            "net_income_4q": null,
            "revenue": 525816,
            "revenue_4q": null,
            "common_shares": 236324,
            "book_valuer_per_share": 31.66,
            "book_valuer_per_share_4q_avg": 35.3,
            "equity": 734420,
            "current_ratio": 95.82,
            "debt_ratio": 52.84,
            "inventory_turnover_ratio": 1.15,
            "account_receivable_turnover_ratio": 3.9,
            "reinvestment_rate": -87.92,
            "research_to_sale_ratio": 1.12,
            "price_fair": 537.04,
            "eps_avg_yearly": 15.34,
            "eps_latest_yearly": 1.56,
            "eps_growth_yearly": 174.96
        },
        "20171": {
            "year_quarter": 20171,
            "year": 2017,
            "quarter": 1,
            "eps": 0.26,
            "eps_growth_year": -7.14,
            "eps_4q": 2.23,
            "eps_4q_growth_year": -42.66,
            "roe": 0.3,
            "roe_4q": 3.9799999999999995,
            "gross_profit": 171464,
            "gross_margin": 31.64,
            "gross_margin_4q_avg": 32.06,
            "net_income": 2237,
            "net_income_4q": null,
            "revenue": 541880,
            "revenue_4q": null,
            "common_shares": 236324,
            "book_valuer_per_share": 32.02,
            "book_valuer_per_share_4q_avg": 34.36,
            "equity": 741381,
            "current_ratio": 99.18,
            "debt_ratio": 52.34,
            "inventory_turnover_ratio": 1.12,
            "account_receivable_turnover_ratio": 4.07,
            "reinvestment_rate": -111.68,
            "research_to_sale_ratio": 0.83,
            "price_fair": 453.6,
            "eps_avg_yearly": 12.96,
            "eps_latest_yearly": 1.04,
            "eps_growth_yearly": 123.58
        },
        "20172": {
            "year_quarter": 20172,
            "year": 2017,
            "quarter": 2,
            "eps": 3.04,
            "eps_growth_year": 367.69,
            "eps_4q": 4.68,
            "eps_4q_growth_year": 192.69,
            "roe": 9.92,
            "roe_4q": 12.81,
            "gross_profit": 234691,
            "gross_margin": 31.2,
            "gross_margin_4q_avg": 31.42,
            "net_income": 73470,
            "net_income_4q": null,
            "revenue": 752143,
            "revenue_4q": null,
            "common_shares": 236324,
            "book_valuer_per_share": 31.93,
            "book_valuer_per_share_4q_avg": 32.81,
            "equity": 739241,
            "current_ratio": 98.91,
            "debt_ratio": 56.95,
            "inventory_turnover_ratio": 1.5,
            "account_receivable_turnover_ratio": 5.14,
            "reinvestment_rate": -102.53,
            "research_to_sale_ratio": 0.74,
            "price_fair": 449.6,
            "eps_avg_yearly": 12.85,
            "eps_latest_yearly": 12.16,
            "eps_growth_yearly": 716.91
        },
        "20173": {
            "year_quarter": 20173,
            "year": 2017,
            "quarter": 3,
            "eps": 7.77,
            "eps_growth_year": 684.85,
            "eps_4q": 11.45,
            "eps_4q_growth_year": 29350.6,
            "roe": 31.73,
            "roe_4q": 42.37,
            "gross_profit": 199448,
            "gross_margin": 30.4,
            "gross_margin_4q_avg": 31.29,
            "net_income": 278968,
            "net_income_4q": null,
            "revenue": 655976,
            "revenue_4q": null,
            "common_shares": 236324,
            "book_valuer_per_share": 39.72,
            "book_valuer_per_share_4q_avg": 33.83,
            "equity": 1018961,
            "current_ratio": 162.89,
            "debt_ratio": 40.49,
            "inventory_turnover_ratio": 1.3,
            "account_receivable_turnover_ratio": 4.21,
            "reinvestment_rate": -73.47,
            "research_to_sale_ratio": 0.67,
            "price_fair": 529.38,
            "eps_avg_yearly": 15.13,
            "eps_latest_yearly": 31.08,
            "eps_growth_yearly": 705.1
        },
        "20174": {
            "year_quarter": 20174,
            "year": 2017,
            "quarter": 4,
            "eps": -1.04,
            "eps_growth_year": -367.54,
            "eps_4q": 10.02,
            "eps_4q_growth_year": 350.59,
            "roe": -2.84,
            "roe_4q": 39.11,
            "gross_profit": 166322,
            "gross_margin": 30.61,
            "gross_margin_4q_avg": 30.96,
            "net_income": -27169,
            "net_income_4q": null,
            "revenue": 543323,
            "revenue_4q": null,
            "common_shares": 236324,
            "book_valuer_per_share": 34.68,
            "book_valuer_per_share_4q_avg": 34.59,
            "equity": 896602,
            "current_ratio": 162.09,
            "debt_ratio": 41.05,
            "inventory_turnover_ratio": 1.11,
            "account_receivable_turnover_ratio": 4.18,
            "reinvestment_rate": -86.95,
            "research_to_sale_ratio": 1.46,
            "price_fair": 529.38,
            "eps_avg_yearly": 15.13,
            "eps_latest_yearly": 31.08,
            "eps_growth_yearly": 705.1
        },
        "20181": {
            "year_quarter": 20181,
            "year": 2018,
            "quarter": 1,
            "eps": -1.23,
            "eps_growth_year": -573.08,
            "eps_4q": 8.54,
            "eps_4q_growth_year": 282.94,
            "roe": -3.52,
            "roe_4q": 35.29,
            "gross_profit": 135152,
            "gross_margin": 27.41,
            "gross_margin_4q_avg": 29.91,
            "net_income": -31663,
            "net_income_4q": null,
            "revenue": 493028,
            "revenue_4q": null,
            "common_shares": 236324,
            "book_valuer_per_share": 35.02,
            "book_valuer_per_share_4q_avg": 35.34,
            "equity": 901744,
            "current_ratio": 140.03,
            "debt_ratio": 49.76,
            "inventory_turnover_ratio": 1.09,
            "account_receivable_turnover_ratio": 5.1,
            "reinvestment_rate": -142.08,
            "research_to_sale_ratio": 1.16,
            "price_fair": 529.38,
            "eps_avg_yearly": 15.13,
            "eps_latest_yearly": 31.08,
            "eps_growth_yearly": 705.1
        },
        "20182": {
            "year_quarter": 20182,
            "year": 2018,
            "quarter": 2,
            "eps": 3.57,
            "eps_growth_year": 17.43,
            "eps_4q": 8.24,
            "eps_4q_growth_year": 76.25,
            "roe": 9.86,
            "roe_4q": 35.230000000000004,
            "gross_profit": 212146,
            "gross_margin": 27.63,
            "gross_margin_4q_avg": 29.01,
            "net_income": 83888,
            "net_income_4q": null,
            "revenue": 767936,
            "revenue_4q": null,
            "common_shares": 236324,
            "book_valuer_per_share": 30.68,
            "book_valuer_per_share_4q_avg": 35.03,
            "equity": 799730,
            "current_ratio": 120.87,
            "debt_ratio": 57.59,
            "inventory_turnover_ratio": 1.69,
            "account_receivable_turnover_ratio": 5.74,
            "reinvestment_rate": -127.28,
            "research_to_sale_ratio": 0.7,
            "price_fair": 529.38,
            "eps_avg_yearly": 15.13,
            "eps_latest_yearly": 31.08,
            "eps_growth_yearly": 705.1
        },
        "20183": {
            "year_quarter": 20183,
            "year": 2018,
            "quarter": 3,
            "eps": 0.89,
            "eps_growth_year": -88.55,
            "eps_4q": 2.07,
            "eps_4q_growth_year": -81.92,
            "roe": 2.85,
            "roe_4q": 6.35,
            "gross_profit": 202620,
            "gross_margin": 28.66,
            "gross_margin_4q_avg": 28.58,
            "net_income": 21979,
            "net_income_4q": null,
            "revenue": 706924,
            "revenue_4q": null,
            "common_shares": 236324,
            "book_valuer_per_share": 28.44,
            "book_valuer_per_share_4q_avg": 32.21,
            "equity": 744941,
            "current_ratio": 134.59,
            "debt_ratio": 49.97,
            "inventory_turnover_ratio": 1.66,
            "account_receivable_turnover_ratio": 4.09,
            "reinvestment_rate": -168.54,
            "research_to_sale_ratio": 0.84,
            "price_fair": 294.18,
            "eps_avg_yearly": 8.41,
            "eps_latest_yearly": 3.56,
            "eps_growth_yearly": 612.35
        },
        "20184": {
            "year_quarter": 20184,
            "year": 2018,
            "quarter": 4,
            "eps": 0.36,
            "eps_growth_year": null,
            "eps_4q": 3.38,
            "eps_4q_growth_year": -66.23,
            "roe": 1.14,
            "roe_4q": 10.33,
            "gross_profit": 162332,
            "gross_margin": 28.26,
            "gross_margin_4q_avg": 27.99,
            "net_income": 8650,
            "net_income_4q": null,
            "revenue": 574506,
            "revenue_4q": null,
            "common_shares": 259956,
            "book_valuer_per_share": 26.76,
            "book_valuer_per_share_4q_avg": 30.23,
            "equity": 767962,
            "current_ratio": 148.62,
            "debt_ratio": 42.65,
            "inventory_turnover_ratio": 1.39,
            "account_receivable_turnover_ratio": 4.03,
            "reinvestment_rate": -152.91,
            "research_to_sale_ratio": 1.25,
            "price_fair": 267.09,
            "eps_avg_yearly": 7.63,
            "eps_latest_yearly": 1.44,
            "eps_growth_yearly": 517.84
        },
        "20191": {
            "year_quarter": 20191,
            "year": 2019,
            "quarter": 1,
            "eps": -1.2,
            "eps_growth_year": null,
            "eps_4q": 3.44,
            "eps_4q_growth_year": -59.75,
            "roe": -4.41,
            "roe_4q": 9.44,
            "gross_profit": 140141,
            "gross_margin": 26.15,
            "gross_margin_4q_avg": 27.68,
            "net_income": -32388,
            "net_income_4q": null,
            "revenue": 535824,
            "revenue_4q": null,
            "common_shares": 259956,
            "book_valuer_per_share": 24.82,
            "book_valuer_per_share_4q_avg": 27.68,
            "equity": 699506,
            "current_ratio": 109,
            "debt_ratio": 60.96,
            "inventory_turnover_ratio": 1.28,
            "account_receivable_turnover_ratio": 3.64,
            "reinvestment_rate": -155.48,
            "research_to_sale_ratio": 1.05,
            "price_fair": 267.09,
            "eps_avg_yearly": 7.63,
            "eps_latest_yearly": 1.44,
            "eps_growth_yearly": 517.84
        },
        "20192": {
            "year_quarter": 20192,
            "year": 2019,
            "quarter": 2,
            "eps": 3.23,
            "eps_growth_year": -9.52,
            "eps_4q": 3.01,
            "eps_4q_growth_year": -63.46,
            "roe": 11.19,
            "roe_4q": 10.77,
            "gross_profit": 226263,
            "gross_margin": 30.98,
            "gross_margin_4q_avg": 28.51,
            "net_income": 81817,
            "net_income_4q": null,
            "revenue": 730406,
            "revenue_4q": null,
            "common_shares": 259956,
            "book_valuer_per_share": 27.26,
            "book_valuer_per_share_4q_avg": 26.82,
            "equity": 762265,
            "current_ratio": 107.43,
            "debt_ratio": 62.1,
            "inventory_turnover_ratio": 1.61,
            "account_receivable_turnover_ratio": 3.91,
            "reinvestment_rate": -105.01,
            "research_to_sale_ratio": 0.8,
            "price_fair": 267.09,
            "eps_avg_yearly": 7.63,
            "eps_latest_yearly": 1.44,
            "eps_growth_yearly": 517.84
        },
        "20193": {
            "year_quarter": 20193,
            "year": 2019,
            "quarter": 3,
            "eps": 0.67,
            "eps_growth_year": -24.72,
            "eps_4q": 2.78,
            "eps_4q_growth_year": 34.24,
            "roe": 2.01,
            "roe_4q": 9.93,
            "gross_profit": 207405,
            "gross_margin": 32.03,
            "gross_margin_4q_avg": 29.36,
            "net_income": 15385,
            "net_income_4q": null,
            "revenue": 647502,
            "revenue_4q": null,
            "common_shares": 251326,
            "book_valuer_per_share": 27.53,
            "book_valuer_per_share_4q_avg": 26.59,
            "equity": 767232,
            "current_ratio": 112.26,
            "debt_ratio": 58.25,
            "inventory_turnover_ratio": 1.44,
            "account_receivable_turnover_ratio": 3.93,
            "reinvestment_rate": -109.77,
            "research_to_sale_ratio": 1.01,
            "price_fair": 233.64,
            "eps_avg_yearly": 6.68,
            "eps_latest_yearly": 2.68,
            "eps_growth_yearly": 489.54
        },
        "20194": {
            "year_quarter": 20194,
            "year": 2019,
            "quarter": 4,
            "eps": -0.53,
            "eps_growth_year": -246.62,
            "eps_4q": 1.9,
            "eps_4q_growth_year": -43.8,
            "roe": -2.53,
            "roe_4q": 6.26,
            "gross_profit": 156428,
            "gross_margin": 29.48,
            "gross_margin_4q_avg": 29.66,
            "net_income": -18890,
            "net_income_4q": null,
            "revenue": 530656,
            "revenue_4q": null,
            "common_shares": 276459,
            "book_valuer_per_share": 23.74,
            "book_valuer_per_share_4q_avg": 25.84,
            "equity": 726198,
            "current_ratio": 111.32,
            "debt_ratio": 57.35,
            "inventory_turnover_ratio": 1.23,
            "account_receivable_turnover_ratio": 4.66,
            "reinvestment_rate": -158.35,
            "research_to_sale_ratio": 1.35,
            "price_fair": 233.64,
            "eps_avg_yearly": 6.68,
            "eps_latest_yearly": 2.68,
            "eps_growth_yearly": 489.54
        },
        "20201": {
            "year_quarter": 20201,
            "year": 2020,
            "quarter": 1,
            "eps": -0.46,
            "eps_growth_year": null,
            "eps_4q": 2.55,
            "eps_4q_growth_year": -25.89,
            "roe": -1.92,
            "roe_4q": 8.75,
            "gross_profit": 139070,
            "gross_margin": 26.85,
            "gross_margin_4q_avg": 29.84,
            "net_income": -13385,
            "net_income_4q": null,
            "revenue": 517876,
            "revenue_4q": null,
            "common_shares": 276459,
            "book_valuer_per_share": 21.67,
            "book_valuer_per_share_4q_avg": 25.05,
            "equity": 668611,
            "current_ratio": 110.84,
            "debt_ratio": 58.39,
            "inventory_turnover_ratio": 1.15,
            "account_receivable_turnover_ratio": 6.1,
            "reinvestment_rate": -165.1,
            "research_to_sale_ratio": 0.99,
            "price_fair": 233.64,
            "eps_avg_yearly": 6.68,
            "eps_latest_yearly": 2.68,
            "eps_growth_yearly": 489.54
        },
        "20202": {
            "year_quarter": 20202,
            "year": 2020,
            "quarter": 2,
            "eps": 2.56,
            "eps_growth_year": -20.74,
            "eps_4q": 1.97,
            "eps_4q_growth_year": -34.51,
            "roe": 10.02,
            "roe_4q": 7.58,
            "gross_profit": 227117,
            "gross_margin": 30.67,
            "gross_margin_4q_avg": 29.76,
            "net_income": 73149,
            "net_income_4q": null,
            "revenue": 740428,
            "revenue_4q": null,
            "common_shares": 276459,
            "book_valuer_per_share": 26.08,
            "book_valuer_per_share_4q_avg": 24.76,
            "equity": 791889,
            "current_ratio": 113.41,
            "debt_ratio": 58.74,
            "inventory_turnover_ratio": 1.62,
            "account_receivable_turnover_ratio": 7.23,
            "reinvestment_rate": -141.61,
            "research_to_sale_ratio": 0.58,
            "price_fair": 251.48,
            "eps_avg_yearly": 7.19,
            "eps_latest_yearly": 2.68,
            "eps_growth_yearly": 484.66
        },
        "20203": {
            "year_quarter": 20203,
            "year": 2020,
            "quarter": 3,
            "eps": 0.6,
            "eps_growth_year": -10.45,
            "eps_4q": 2.02,
            "eps_4q_growth_year": -27.37,
            "roe": 2.62,
            "roe_4q": 8.190000000000001,
            "gross_profit": 218505,
            "gross_margin": 29.78,
            "gross_margin_4q_avg": 29.2,
            "net_income": 21271,
            "net_income_4q": null,
            "revenue": 733808,
            "revenue_4q": null,
            "common_shares": 304105,
            "book_valuer_per_share": 25.02,
            "book_valuer_per_share_4q_avg": 24.13,
            "equity": 834757,
            "current_ratio": 117.32,
            "debt_ratio": 56.58,
            "inventory_turnover_ratio": 1.62,
            "account_receivable_turnover_ratio": 5.93,
            "reinvestment_rate": -139.82,
            "research_to_sale_ratio": 0.68,
            "price_fair": 244.65,
            "eps_avg_yearly": 6.99,
            "eps_latest_yearly": 2.4,
            "eps_growth_yearly": 420.22
        },
        "20204": {
            "year_quarter": 20204,
            "year": 2020,
            "quarter": 4,
            "eps": 0.34,
            "eps_growth_year": null,
            "eps_4q": 2.84,
            "eps_4q_growth_year": 49.57,
            "roe": 1.35,
            "roe_4q": 12.07,
            "gross_profit": 211895,
            "gross_margin": 26.26,
            "gross_margin_4q_avg": 28.39,
            "net_income": 11718,
            "net_income_4q": null,
            "revenue": 806794,
            "revenue_4q": null,
            "common_shares": 304105,
            "book_valuer_per_share": 27.26,
            "book_valuer_per_share_4q_avg": 25.01,
            "equity": 903826,
            "current_ratio": 119.04,
            "debt_ratio": 55.32,
            "inventory_turnover_ratio": 1.68,
            "account_receivable_turnover_ratio": 5.99,
            "reinvestment_rate": -116.48,
            "research_to_sale_ratio": 0.81,
            "price_fair": 243.78,
            "eps_avg_yearly": 6.97,
            "eps_latest_yearly": 1.36,
            "eps_growth_yearly": 428.86
        },
        "20211": {
            "year_quarter": 20211,
            "year": 2021,
            "quarter": 1,
            "eps": -0.27,
            "eps_growth_year": null,
            "eps_4q": 2.99,
            "eps_4q_growth_year": 17.59,
            "roe": -0.97,
            "roe_4q": 13.02,
            "gross_profit": 176732,
            "gross_margin": 27.6,
            "gross_margin_4q_avg": 28.58,
            "net_income": -8736,
            "net_income_4q": null,
            "revenue": 640303,
            "revenue_4q": null,
            "common_shares": 304105,
            "book_valuer_per_share": 27.16,
            "book_valuer_per_share_4q_avg": 26.38,
            "equity": 900171,
            "current_ratio": 119.49,
            "debt_ratio": 54.41,
            "inventory_turnover_ratio": 1.17,
            "account_receivable_turnover_ratio": 5.16,
            "reinvestment_rate": -118.24,
            "research_to_sale_ratio": 0.77,
            "price_fair": 273.4,
            "eps_avg_yearly": 7.81,
            "eps_latest_yearly": 1.36,
            "eps_growth_yearly": 509.17
        },
        "20212": {
            "year_quarter": 20212,
            "year": 2021,
            "quarter": 2,
            "eps": 2.14,
            "eps_growth_year": -16.41,
            "eps_4q": 2.81,
            "eps_4q_growth_year": 42.3,
            "roe": 7.31,
            "roe_4q": 10.309999999999999,
            "gross_profit": 212483,
            "gross_margin": 26.96,
            "gross_margin_4q_avg": 27.65,
            "net_income": 68181,
            "net_income_4q": null,
            "revenue": 788288,
            "revenue_4q": null,
            "common_shares": 304105,
            "book_valuer_per_share": 29.24,
            "book_valuer_per_share_4q_avg": 27.17,
            "equity": 965513,
            "current_ratio": 123.82,
            "debt_ratio": 55.53,
            "inventory_turnover_ratio": 1.23,
            "account_receivable_turnover_ratio": 6.96,
            "reinvestment_rate": -120.94,
            "research_to_sale_ratio": 0.62,
            "price_fair": 21.26,
            "eps_avg_yearly": 7.09,
            "eps_latest_yearly": 1.36,
            "eps_growth_yearly": -118.79
        },
        "20213": {
            "year_quarter": 20213,
            "year": 2021,
            "quarter": 3,
            "eps": 0.72,
            "eps_growth_year": 20,
            "eps_4q": 2.93,
            "eps_4q_growth_year": 44.95,
            "roe": 2.63,
            "roe_4q": 10.319999999999999,
            "gross_profit": 239490,
            "gross_margin": 27.83,
            "gross_margin_4q_avg": 27.16,
            "net_income": 23975,
            "net_income_4q": null,
            "revenue": 860582,
            "revenue_4q": null,
            "common_shares": 304105,
            "book_valuer_per_share": 25.66,
            "book_valuer_per_share_4q_avg": 27.33,
            "equity": 858809,
            "current_ratio": 113.57,
            "debt_ratio": 62.14,
            "inventory_turnover_ratio": 1.22,
            "account_receivable_turnover_ratio": 5.31,
            "reinvestment_rate": -167.98,
            "research_to_sale_ratio": 0.58,
            "price_fair": 7.16,
            "eps_avg_yearly": 2.39,
            "eps_latest_yearly": 2.88,
            "eps_growth_yearly": -266.75
        },
        "20214": {
            "year_quarter": 20214,
            "year": 2021,
            "quarter": 4,
            "eps": 1.02,
            "eps_growth_year": 200.08,
            "eps_4q": 3.6,
            "eps_4q_growth_year": 26.74,
            "roe": 3.62,
            "roe_4q": 12.589999999999998,
            "gross_profit": 243597,
            "gross_margin": 26.42,
            "gross_margin_4q_avg": 27.2,
            "net_income": 31611,
            "net_income_4q": null,
            "revenue": 921845,
            "revenue_4q": null,
            "common_shares": 304105,
            "book_valuer_per_share": 26.56,
            "book_valuer_per_share_4q_avg": 27.16,
            "equity": 890055,
            "current_ratio": 119.44,
            "debt_ratio": 58.3,
            "inventory_turnover_ratio": 1.4,
            "account_receivable_turnover_ratio": 4.41,
            "reinvestment_rate": -114.1,
            "research_to_sale_ratio": 0.73,
            "price_fair": 7.89,
            "eps_avg_yearly": 2.63,
            "eps_latest_yearly": 4.08,
            "eps_growth_yearly": -204.84
        },
        "20221": {
            "year_quarter": 20221,
            "year": 2022,
            "quarter": 1,
            "eps": 1.35,
            "eps_growth_year": null,
            "eps_4q": 5.22,
            "eps_4q_growth_year": 74.43,
            "roe": 4.55,
            "roe_4q": 18.11,
            "gross_profit": 224014,
            "gross_margin": 26.8,
            "gross_margin_4q_avg": 27,
            "net_income": 41534,
            "net_income_4q": null,
            "revenue": 835829,
            "revenue_4q": null,
            "common_shares": 304105,
            "book_valuer_per_share": 27.92,
            "book_valuer_per_share_4q_avg": 27.35,
            "equity": 933803,
            "current_ratio": 127.38,
            "debt_ratio": 56.51,
            "inventory_turnover_ratio": 1.41,
            "account_receivable_turnover_ratio": 3.51,
            "reinvestment_rate": -3.86,
            "research_to_sale_ratio": 0.54,
            "price_fair": 8.93,
            "eps_avg_yearly": 2.98,
            "eps_latest_yearly": 5.4,
            "eps_growth_yearly": -163.05
        },
        "20222": {
            "year_quarter": 20222,
            "year": 2022,
            "quarter": 2,
            "eps": 3.97,
            "eps_growth_year": 85.51,
            "eps_4q": 7.05,
            "eps_4q_growth_year": 151.22,
            "roe": 13.47,
            "roe_4q": 24.27,
            "gross_profit": 293483,
            "gross_margin": 29.29,
            "gross_margin_4q_avg": 27.59,
            "net_income": 123428,
            "net_income_4q": null,
            "revenue": 1002100,
            "revenue_4q": null,
            "common_shares": 304105,
            "book_valuer_per_share": 26.63,
            "book_valuer_per_share_4q_avg": 26.69,
            "equity": 898641,
            "current_ratio": 122.73,
            "debt_ratio": 64.4,
            "inventory_turnover_ratio": 1.6,
            "account_receivable_turnover_ratio": 3.79,
            "reinvestment_rate": -11.02,
            "research_to_sale_ratio": 0.44,
            "price_fair": 13.23,
            "eps_avg_yearly": 4.41,
            "eps_latest_yearly": 15.88,
            "eps_growth_yearly": -58.68
        },
        "20223": {
            "year_quarter": 20223,
            "year": 2022,
            "quarter": 3,
            "eps": 2.75,
            "eps_growth_year": 281.94,
            "eps_4q": 9.09,
            "eps_4q_growth_year": 210.47,
            "roe": 8.78,
            "roe_4q": 30.42,
            "gross_profit": 249809,
            "gross_margin": 30.34,
            "gross_margin_4q_avg": 28.21,
            "net_income": 82813,
            "net_income_4q": null,
            "revenue": 823421,
            "revenue_4q": null,
            "common_shares": 304105,
            "book_valuer_per_share": 29.45,
            "book_valuer_per_share_4q_avg": 27.64,
            "equity": 986749,
            "current_ratio": 127.51,
            "debt_ratio": 63.1,
            "inventory_turnover_ratio": 1.23,
            "account_receivable_turnover_ratio": 3.16,
            "reinvestment_rate": -11.13,
            "research_to_sale_ratio": 0.55,
            "price_fair": 15.71,
            "eps_avg_yearly": 5.24,
            "eps_latest_yearly": 11,
            "eps_growth_yearly": -38.98
        },
        "20224": {
            "year_quarter": 20224,
            "year": 2022,
            "quarter": 4,
            "eps": -1.12,
            "eps_growth_year": -210.42,
            "eps_4q": 6.94,
            "eps_4q_growth_year": 92.64,
            "roe": -3.89,
            "roe_4q": 22.91,
            "gross_profit": 185897,
            "gross_margin": 28.61,
            "gross_margin_4q_avg": 28.76,
            "net_income": -37322,
            "net_income_4q": null,
            "revenue": 649846,
            "revenue_4q": null,
            "common_shares": 304105,
            "book_valuer_per_share": 27.77,
            "book_valuer_per_share_4q_avg": 27.94,
            "equity": 930666,
            "current_ratio": 125,
            "debt_ratio": 64.85,
            "inventory_turnover_ratio": 1.09,
            "account_receivable_turnover_ratio": 3.18,
            "reinvestment_rate": -12.15,
            "research_to_sale_ratio": 1.31,
            "price_fair": 17.13,
            "eps_avg_yearly": 5.71,
            "eps_latest_yearly": 11,
            "eps_growth_yearly": -14.07
        },
        "20231": {
            "year_quarter": 20231,
            "year": 2023,
            "quarter": 1,
            "eps": -0.71,
            "eps_growth_year": -152.59,
            "eps_4q": 4.88,
            "eps_4q_growth_year": -6.5,
            "roe": -2.69,
            "roe_4q": 15.67,
            "gross_profit": 162120,
            "gross_margin": 28.9,
            "gross_margin_4q_avg": 29.29,
            "net_income": -24998,
            "net_income_4q": null,
            "revenue": 560912,
            "revenue_4q": null,
            "common_shares": 304105,
            "book_valuer_per_share": 27.71,
            "book_valuer_per_share_4q_avg": 27.89,
            "equity": 925054,
            "current_ratio": 120.52,
            "debt_ratio": 67.88,
            "inventory_turnover_ratio": 1.03,
            "account_receivable_turnover_ratio": 3.62,
            "reinvestment_rate": -11.71,
            "research_to_sale_ratio": 0.92,
            "price_fair": 17.13,
            "eps_avg_yearly": 5.71,
            "eps_latest_yearly": 11,
            "eps_growth_yearly": -14.07
        },
        "20232": {
            "year_quarter": 20232,
            "year": 2023,
            "quarter": 2,
            "eps": 4.74,
            "eps_growth_year": 19.4,
            "eps_4q": 5.65,
            "eps_4q_growth_year": -19.89,
            "roe": 15.08,
            "roe_4q": 17.28,
            "gross_profit": 254613,
            "gross_margin": 31.81,
            "gross_margin_4q_avg": 29.92,
            "net_income": 147139,
            "net_income_4q": null,
            "revenue": 800443,
            "revenue_4q": null,
            "common_shares": 304105,
            "book_valuer_per_share": 30.92,
            "book_valuer_per_share_4q_avg": 28.96,
            "equity": 1026350,
            "current_ratio": 120.51,
            "debt_ratio": 61.73,
            "inventory_turnover_ratio": 1.41,
            "account_receivable_turnover_ratio": 5.87,
            "reinvestment_rate": -10.24,
            "research_to_sale_ratio": 0.66,
            "price_fair": 17.13,
            "eps_avg_yearly": 5.71,
            "eps_latest_yearly": 11,
            "eps_growth_yearly": -14.07
        },
        "20233": {
            "year_quarter": 20233,
            "year": 2023,
            "quarter": 3,
            "eps": 1.42,
            "eps_growth_year": -48.36,
            "eps_4q": 4.32,
            "eps_4q_growth_year": -52.44,
            "roe": 4.18,
            "roe_4q": 12.679999999999996,
            "gross_profit": 224236,
            "gross_margin": 30.38,
            "gross_margin_4q_avg": 29.93,
            "net_income": 41875,
            "net_income_4q": null,
            "revenue": 738074,
            "revenue_4q": null,
            "common_shares": 304105,
            "book_valuer_per_share": 29.24,
            "book_valuer_per_share_4q_avg": 28.91,
            "equity": 976111,
            "current_ratio": 123.67,
            "debt_ratio": 59.59,
            "inventory_turnover_ratio": 1.26,
            "account_receivable_turnover_ratio": 5.61,
            "reinvestment_rate": -8.88,
            "research_to_sale_ratio": 0.79,
            "price_fair": 18.26,
            "eps_avg_yearly": 6.09,
            "eps_latest_yearly": 5.68,
            "eps_growth_yearly": -9.46
        }
    },
    "months": {
        "2003-01": {
            "month": "2003-01",
            "price": "185.43",
            "revenue": 624628
        },
        "2003-02": {
            "month": "2003-02",
            "price": "175.88",
            "revenue": 355933
        },
        "2003-03": {
            "month": "2003-03",
            "price": "186.62",
            "revenue": 905132
        },
        "2003-04": {
            "month": "2003-04",
            "price": "200.68",
            "revenue": 1062329
        },
        "2003-05": {
            "month": "2003-05",
            "price": "197.86",
            "revenue": 565781
        },
        "2003-06": {
            "month": "2003-06",
            "price": "196.70",
            "revenue": 604453
        },
        "2003-07": {
            "month": "2003-07",
            "price": "191.65",
            "revenue": 581325
        },
        "2003-08": {
            "month": "2003-08",
            "price": "196.24",
            "revenue": 407106
        },
        "2003-09": {
            "month": "2003-09",
            "price": "190.43",
            "revenue": 326693
        },
        "2003-10": {
            "month": "2003-10",
            "price": "169.36",
            "revenue": 411234
        },
        "2003-11": {
            "month": "2003-11",
            "price": "160.65",
            "revenue": 294165
        },
        "2003-12": {
            "month": "2003-12",
            "price": "153.98",
            "revenue": 395862
        },
        "2004-01": {
            "month": "2004-01",
            "price": "153.70",
            "revenue": 524044
        },
        "2004-02": {
            "month": "2004-02",
            "price": "157.58",
            "revenue": 816058
        },
        "2004-03": {
            "month": "2004-03",
            "price": "170.30",
            "revenue": 955012
        },
        "2004-04": {
            "month": "2004-04",
            "price": "176.23",
            "revenue": 872756
        },
        "2004-05": {
            "month": "2004-05",
            "price": "166.57",
            "revenue": 647606
        },
        "2004-06": {
            "month": "2004-06",
            "price": "165.81",
            "revenue": 429238
        },
        "2004-07": {
            "month": "2004-07",
            "price": "144.50",
            "revenue": 330428
        },
        "2004-08": {
            "month": "2004-08",
            "price": "118.65",
            "revenue": 288988
        },
        "2004-09": {
            "month": "2004-09",
            "price": "111.43",
            "revenue": 310120
        },
        "2004-10": {
            "month": "2004-10",
            "price": "112.52",
            "revenue": 307305
        },
        "2004-11": {
            "month": "2004-11",
            "price": "112.20",
            "revenue": 355654
        },
        "2004-12": {
            "month": "2004-12",
            "price": "110.30",
            "revenue": 424286
        },
        "2005-01": {
            "month": "2005-01",
            "price": "106.21",
            "revenue": 605147
        },
        "2005-02": {
            "month": "2005-02",
            "price": "109.27",
            "revenue": 562264
        },
        "2005-03": {
            "month": "2005-03",
            "price": "108.30",
            "revenue": 881465
        },
        "2005-04": {
            "month": "2005-04",
            "price": "89.68",
            "revenue": 970048
        },
        "2005-05": {
            "month": "2005-05",
            "price": "76.25",
            "revenue": 410089
        },
        "2005-06": {
            "month": "2005-06",
            "price": "78.02",
            "revenue": 234884
        },
        "2005-07": {
            "month": "2005-07",
            "price": "76.86",
            "revenue": 307981
        },
        "2005-08": {
            "month": "2005-08",
            "price": "58.68",
            "revenue": 255665
        },
        "2005-09": {
            "month": "2005-09",
            "price": "55.59",
            "revenue": 154737
        },
        "2005-10": {
            "month": "2005-10",
            "price": "42.66",
            "revenue": 157031
        },
        "2005-11": {
            "month": "2005-11",
            "price": "38.88",
            "revenue": 196860
        },
        "2005-12": {
            "month": "2005-12",
            "price": "39.97",
            "revenue": 382391
        },
        "2006-01": {
            "month": "2006-01",
            "price": "41.94",
            "revenue": 446617
        },
        "2006-02": {
            "month": "2006-02",
            "price": "42.35",
            "revenue": 443708
        },
        "2006-03": {
            "month": "2006-03",
            "price": "39.13",
            "revenue": 652980
        },
        "2006-04": {
            "month": "2006-04",
            "price": "37.50",
            "revenue": 819244
        },
        "2006-05": {
            "month": "2006-05",
            "price": "35.13",
            "revenue": 303153
        },
        "2006-06": {
            "month": "2006-06",
            "price": "27.55",
            "revenue": 267327
        },
        "2006-07": {
            "month": "2006-07",
            "price": "23.11",
            "revenue": 247526
        },
        "2006-08": {
            "month": "2006-08",
            "price": "22.38",
            "revenue": 182445
        },
        "2006-09": {
            "month": "2006-09",
            "price": "21.38",
            "revenue": 189459
        },
        "2006-10": {
            "month": "2006-10",
            "price": "25.16",
            "revenue": 171651
        },
        "2006-11": {
            "month": "2006-11",
            "price": "28.55",
            "revenue": 186979
        },
        "2006-12": {
            "month": "2006-12",
            "price": "33.95",
            "revenue": 288354
        },
        "2007-01": {
            "month": "2007-01",
            "price": "31.54",
            "revenue": 579089
        },
        "2007-02": {
            "month": "2007-02",
            "price": "28.05",
            "revenue": 437925
        },
        "2007-03": {
            "month": "2007-03",
            "price": "32.79",
            "revenue": 530445
        },
        "2007-04": {
            "month": "2007-04",
            "price": "31.73",
            "revenue": 536913
        },
        "2007-05": {
            "month": "2007-05",
            "price": "32.18",
            "revenue": 509245
        },
        "2007-06": {
            "month": "2007-06",
            "price": "35.06",
            "revenue": 279990
        },
        "2007-07": {
            "month": "2007-07",
            "price": "39.75",
            "revenue": 263024
        },
        "2007-08": {
            "month": "2007-08",
            "price": "33.21",
            "revenue": 265892
        },
        "2007-09": {
            "month": "2007-09",
            "price": "33.45",
            "revenue": 342030
        },
        "2007-10": {
            "month": "2007-10",
            "price": "32.36",
            "revenue": 166993
        },
        "2007-11": {
            "month": "2007-11",
            "price": "25.10",
            "revenue": 209980
        },
        "2007-12": {
            "month": "2007-12",
            "price": "21.60",
            "revenue": 428328
        },
        "2008-01": {
            "month": "2008-01",
            "price": "20.91",
            "revenue": 481125
        },
        "2008-02": {
            "month": "2008-02",
            "price": "19.78",
            "revenue": 411998
        },
        "2008-03": {
            "month": "2008-03",
            "price": "21.08",
            "revenue": 633363
        },
        "2008-04": {
            "month": "2008-04",
            "price": "22.11",
            "revenue": 467817
        },
        "2008-05": {
            "month": "2008-05",
            "price": "23.30",
            "revenue": 346672
        },
        "2008-06": {
            "month": "2008-06",
            "price": "20.30",
            "revenue": 232122
        },
        "2008-07": {
            "month": "2008-07",
            "price": "16.02",
            "revenue": 213648
        },
        "2008-08": {
            "month": "2008-08",
            "price": "14.12",
            "revenue": 166106
        },
        "2008-09": {
            "month": "2008-09",
            "price": "12.39",
            "revenue": 197196
        },
        "2008-10": {
            "month": "2008-10",
            "price": "10.68",
            "revenue": 209985
        },
        "2008-11": {
            "month": "2008-11",
            "price": "7.89",
            "revenue": 179024
        },
        "2008-12": {
            "month": "2008-12",
            "price": "7.18",
            "revenue": 186100
        },
        "2009-01": {
            "month": "2009-01",
            "price": "6.87",
            "revenue": 353760
        },
        "2009-02": {
            "month": "2009-02",
            "price": "7.15",
            "revenue": 194867
        },
        "2009-03": {
            "month": "2009-03",
            "price": "9.15",
            "revenue": 334836
        },
        "2009-04": {
            "month": "2009-04",
            "price": "11.97",
            "revenue": 247579
        },
        "2009-05": {
            "month": "2009-05",
            "price": "11.16",
            "revenue": 122123
        },
        "2009-06": {
            "month": "2009-06",
            "price": "10.05",
            "revenue": 133969
        },
        "2009-07": {
            "month": "2009-07",
            "price": "10.92",
            "revenue": 168935
        },
        "2009-08": {
            "month": "2009-08",
            "price": "11.68",
            "revenue": 146045
        },
        "2009-09": {
            "month": "2009-09",
            "price": "11.74",
            "revenue": 191384
        },
        "2009-10": {
            "month": "2009-10",
            "price": "13.07",
            "revenue": 163413
        },
        "2009-11": {
            "month": "2009-11",
            "price": "12.84",
            "revenue": 135628
        },
        "2009-12": {
            "month": "2009-12",
            "price": "13.10",
            "revenue": 155230
        },
        "2010-01": {
            "month": "2010-01",
            "price": "15.04",
            "revenue": 252335
        },
        "2010-02": {
            "month": "2010-02",
            "price": "12.94",
            "revenue": 219971
        },
        "2010-03": {
            "month": "2010-03",
            "price": "13.37",
            "revenue": 216711
        },
        "2010-04": {
            "month": "2010-04",
            "price": "14.00",
            "revenue": 234329
        },
        "2010-05": {
            "month": "2010-05",
            "price": "12.04",
            "revenue": 234210
        },
        "2010-06": {
            "month": "2010-06",
            "price": "11.24",
            "revenue": 106871
        },
        "2010-07": {
            "month": "2010-07",
            "price": "11.61",
            "revenue": 267941
        },
        "2010-08": {
            "month": "2010-08",
            "price": "12.38",
            "revenue": 215170
        },
        "2010-09": {
            "month": "2010-09",
            "price": "11.98",
            "revenue": 126869
        },
        "2010-10": {
            "month": "2010-10",
            "price": "11.76",
            "revenue": 128855
        },
        "2010-11": {
            "month": "2010-11",
            "price": "11.76",
            "revenue": 115467
        },
        "2010-12": {
            "month": "2010-12",
            "price": "11.94",
            "revenue": 176299
        },
        "2011-01": {
            "month": "2011-01",
            "price": "11.77",
            "revenue": 223279
        },
        "2011-02": {
            "month": "2011-02",
            "price": "11.50",
            "revenue": 142794
        },
        "2011-03": {
            "month": "2011-03",
            "price": "10.86",
            "revenue": 249921
        },
        "2011-04": {
            "month": "2011-04",
            "price": "10.89",
            "revenue": 257956
        },
        "2011-05": {
            "month": "2011-05",
            "price": "10.71",
            "revenue": 148568
        },
        "2011-06": {
            "month": "2011-06",
            "price": "9.90",
            "revenue": 219836
        },
        "2011-07": {
            "month": "2011-07",
            "price": "9.64",
            "revenue": 160037
        },
        "2011-08": {
            "month": "2011-08",
            "price": "9.82",
            "revenue": 157443
        },
        "2011-09": {
            "month": "2011-09",
            "price": "9.36",
            "revenue": 113901
        },
        "2011-10": {
            "month": "2011-10",
            "price": "8.48",
            "revenue": 153460
        },
        "2011-11": {
            "month": "2011-11",
            "price": "7.67",
            "revenue": 194869
        },
        "2011-12": {
            "month": "2011-12",
            "price": "10.03",
            "revenue": 211978
        },
        "2012-01": {
            "month": "2012-01",
            "price": "14.50",
            "revenue": 223448
        },
        "2012-02": {
            "month": "2012-02",
            "price": "19.97",
            "revenue": 223987
        },
        "2012-03": {
            "month": "2012-03",
            "price": "18.67",
            "revenue": 267070
        },
        "2012-04": {
            "month": "2012-04",
            "price": "9.28",
            "revenue": 174888
        },
        "2012-05": {
            "month": "2012-05",
            "price": "8.20",
            "revenue": 123143
        },
        "2012-06": {
            "month": "2012-06",
            "price": "7.71",
            "revenue": 173290
        },
        "2012-07": {
            "month": "2012-07",
            "price": "6.78",
            "revenue": 160693
        },
        "2012-08": {
            "month": "2012-08",
            "price": "6.42",
            "revenue": 145878
        },
        "2012-09": {
            "month": "2012-09",
            "price": "5.26",
            "revenue": 145783
        },
        "2012-10": {
            "month": "2012-10",
            "price": "5.47",
            "revenue": 114871
        },
        "2012-11": {
            "month": "2012-11",
            "price": "4.58",
            "revenue": 138371
        },
        "2012-12": {
            "month": "2012-12",
            "price": "4.02",
            "revenue": 146528
        },
        "2013-01": {
            "month": "2013-01",
            "price": "3.61",
            "revenue": 258584
        },
        "2013-02": {
            "month": "2013-02",
            "price": "3.38",
            "revenue": 225895
        },
        "2013-03": {
            "month": "2013-03",
            "price": "3.27",
            "revenue": 291066
        },
        "2013-04": {
            "month": "2013-04",
            "price": "2.84",
            "revenue": 281633
        },
        "2013-05": {
            "month": "2013-05",
            "price": "2.93",
            "revenue": 294749
        },
        "2013-06": {
            "month": "2013-06",
            "price": "3.01",
            "revenue": 271668
        },
        "2013-07": {
            "month": "2013-07",
            "price": "2.97",
            "revenue": 239224
        },
        "2013-08": {
            "month": "2013-08",
            "price": "2.80",
            "revenue": 216686
        },
        "2013-09": {
            "month": "2013-09",
            "price": "2.88",
            "revenue": 179313
        },
        "2013-10": {
            "month": "2013-10",
            "price": "19.67",
            "revenue": 201001
        },
        "2013-11": {
            "month": "2013-11",
            "price": "23.12",
            "revenue": 160693
        },
        "2013-12": {
            "month": "2013-12",
            "price": "19.08",
            "revenue": 224225
        },
        "2014-01": {
            "month": "2014-01",
            "price": "18.98",
            "revenue": 187619
        },
        "2014-02": {
            "month": "2014-02",
            "price": "19.79",
            "revenue": 201764
        },
        "2014-03": {
            "month": "2014-03",
            "price": "21.52",
            "revenue": 225478
        },
        "2014-04": {
            "month": "2014-04",
            "price": "28.72",
            "revenue": 212524
        },
        "2014-05": {
            "month": "2014-05",
            "price": "42.63",
            "revenue": 237440
        },
        "2014-06": {
            "month": "2014-06",
            "price": "47.73",
            "revenue": 223664
        },
        "2014-07": {
            "month": "2014-07",
            "price": "50.15",
            "revenue": 247222
        },
        "2014-08": {
            "month": "2014-08",
            "price": "60.88",
            "revenue": 240817
        },
        "2014-09": {
            "month": "2014-09",
            "price": "82.49",
            "revenue": 217691
        },
        "2014-10": {
            "month": "2014-10",
            "price": "82.16",
            "revenue": 193120
        },
        "2014-11": {
            "month": "2014-11",
            "price": "78.87",
            "revenue": 156855
        },
        "2014-12": {
            "month": "2014-12",
            "price": "65.74",
            "revenue": 197289
        },
        "2015-01": {
            "month": "2015-01",
            "price": "60.86",
            "revenue": 155168
        },
        "2015-02": {
            "month": "2015-02",
            "price": "61.03",
            "revenue": 203882
        },
        "2015-03": {
            "month": "2015-03",
            "price": "71.25",
            "revenue": 223942
        },
        "2015-04": {
            "month": "2015-04",
            "price": "78.89",
            "revenue": 213039
        },
        "2015-05": {
            "month": "2015-05",
            "price": "79.20",
            "revenue": 258213
        },
        "2015-06": {
            "month": "2015-06",
            "price": "85.76",
            "revenue": 266283
        },
        "2015-07": {
            "month": "2015-07",
            "price": "98.36",
            "revenue": 218640
        },
        "2015-08": {
            "month": "2015-08",
            "price": "95.71",
            "revenue": 200594
        },
        "2015-09": {
            "month": "2015-09",
            "price": "98.28",
            "revenue": 187608
        },
        "2015-10": {
            "month": "2015-10",
            "price": "96.67",
            "revenue": 191024
        },
        "2015-11": {
            "month": "2015-11",
            "price": "92.02",
            "revenue": 176449
        },
        "2015-12": {
            "month": "2015-12",
            "price": "87.81",
            "revenue": 230412
        },
        "2016-01": {
            "month": "2016-01",
            "price": "84.75",
            "revenue": 203363
        },
        "2016-02": {
            "month": "2016-02",
            "price": "86.02",
            "revenue": 184554
        },
        "2016-03": {
            "month": "2016-03",
            "price": "84.81",
            "revenue": 190328
        },
        "2016-04": {
            "month": "2016-04",
            "price": "80.59",
            "revenue": 229256
        },
        "2016-05": {
            "month": "2016-05",
            "price": "77.73",
            "revenue": 251529
        },
        "2016-06": {
            "month": "2016-06",
            "price": "79.99",
            "revenue": 228267
        },
        "2016-07": {
            "month": "2016-07",
            "price": "80.12",
            "revenue": 224198
        },
        "2016-08": {
            "month": "2016-08",
            "price": "73.08",
            "revenue": 216889
        },
        "2016-09": {
            "month": "2016-09",
            "price": "69.67",
            "revenue": 211880
        },
        "2016-10": {
            "month": "2016-10",
            "price": "69.07",
            "revenue": 161304
        },
        "2016-11": {
            "month": "2016-11",
            "price": "68.80",
            "revenue": 155775
        },
        "2016-12": {
            "month": "2016-12",
            "price": "67.46",
            "revenue": 209123
        },
        "2017-01": {
            "month": "2017-01",
            "price": "66.44",
            "revenue": 185766
        },
        "2017-02": {
            "month": "2017-02",
            "price": "63.81",
            "revenue": 165566
        },
        "2017-03": {
            "month": "2017-03",
            "price": "62.27",
            "revenue": 191201
        },
        "2017-04": {
            "month": "2017-04",
            "price": "67.47",
            "revenue": 233671
        },
        "2017-05": {
            "month": "2017-05",
            "price": "70.54",
            "revenue": 267808
        },
        "2017-06": {
            "month": "2017-06",
            "price": "69.88",
            "revenue": 252163
        },
        "2017-07": {
            "month": "2017-07",
            "price": "69.38",
            "revenue": 212216
        },
        "2017-08": {
            "month": "2017-08",
            "price": "69.29",
            "revenue": 225648
        },
        "2017-09": {
            "month": "2017-09",
            "price": "69.14",
            "revenue": 219072
        },
        "2017-10": {
            "month": "2017-10",
            "price": "68.93",
            "revenue": 169486
        },
        "2017-11": {
            "month": "2017-11",
            "price": "68.84",
            "revenue": 200066
        },
        "2017-12": {
            "month": "2017-12",
            "price": "68.32",
            "revenue": 174154
        },
        "2018-01": {
            "month": "2018-01",
            "price": "67.82",
            "revenue": 152009
        },
        "2018-02": {
            "month": "2018-02",
            "price": "65.69",
            "revenue": 164138
        },
        "2018-03": {
            "month": "2018-03",
            "price": "69.31",
            "revenue": 177401
        },
        "2018-04": {
            "month": "2018-04",
            "price": "72.41",
            "revenue": 230990
        },
        "2018-05": {
            "month": "2018-05",
            "price": "67.68",
            "revenue": 258436
        },
        "2018-06": {
            "month": "2018-06",
            "price": "68.78",
            "revenue": 294885
        },
        "2018-07": {
            "month": "2018-07",
            "price": "67.37",
            "revenue": 241993
        },
        "2018-08": {
            "month": "2018-08",
            "price": "63.75",
            "revenue": 227924
        },
        "2018-09": {
            "month": "2018-09",
            "price": "55.79",
            "revenue": 221558
        },
        "2018-10": {
            "month": "2018-10",
            "price": "47.31",
            "revenue": 177680
        },
        "2018-11": {
            "month": "2018-11",
            "price": "44.92",
            "revenue": 222810
        },
        "2018-12": {
            "month": "2018-12",
            "price": "45.19",
            "revenue": 174596
        },
        "2019-01": {
            "month": "2019-01",
            "price": "48.39",
            "revenue": 177345
        },
        "2019-02": {
            "month": "2019-02",
            "price": "52.99",
            "revenue": 157373
        },
        "2019-03": {
            "month": "2019-03",
            "price": "51.13",
            "revenue": 202094
        },
        "2019-04": {
            "month": "2019-04",
            "price": "50.58",
            "revenue": 234016
        },
        "2019-05": {
            "month": "2019-05",
            "price": "49.52",
            "revenue": 258413
        },
        "2019-06": {
            "month": "2019-06",
            "price": "49.50",
            "revenue": 238909
        },
        "2019-07": {
            "month": "2019-07",
            "price": "49.91",
            "revenue": 237574
        },
        "2019-08": {
            "month": "2019-08",
            "price": "49.61",
            "revenue": 223668
        },
        "2019-09": {
            "month": "2019-09",
            "price": "46.92",
            "revenue": 186883
        },
        "2019-10": {
            "month": "2019-10",
            "price": "46.69",
            "revenue": 175876
        },
        "2019-11": {
            "month": "2019-11",
            "price": "45.98",
            "revenue": 187249
        },
        "2019-12": {
            "month": "2019-12",
            "price": "44.02",
            "revenue": 167031
        },
        "2020-01": {
            "month": "2020-01",
            "price": "42.65",
            "revenue": 160309
        },
        "2020-02": {
            "month": "2020-02",
            "price": "40.58",
            "revenue": 182529
        },
        "2020-03": {
            "month": "2020-03",
            "price": "36.98",
            "revenue": 175192
        },
        "2020-04": {
            "month": "2020-04",
            "price": "33.96",
            "revenue": 191371
        },
        "2020-05": {
            "month": "2020-05",
            "price": "38.20",
            "revenue": 290727
        },
        "2020-06": {
            "month": "2020-06",
            "price": "39.78",
            "revenue": 258196
        },
        "2020-07": {
            "month": "2020-07",
            "price": "38.57",
            "revenue": 239109
        },
        "2020-08": {
            "month": "2020-08",
            "price": "38.69",
            "revenue": 272558
        },
        "2020-09": {
            "month": "2020-09",
            "price": "38.53",
            "revenue": 220958
        },
        "2020-10": {
            "month": "2020-10",
            "price": "38.54",
            "revenue": 280694
        },
        "2020-11": {
            "month": "2020-11",
            "price": "38.88",
            "revenue": 212297
        },
        "2020-12": {
            "month": "2020-12",
            "price": "37.99",
            "revenue": 314933
        },
        "2021-01": {
            "month": "2021-01",
            "price": "37.89",
            "revenue": 233536
        },
        "2021-02": {
            "month": "2021-02",
            "price": "38.28",
            "revenue": 183469
        },
        "2021-03": {
            "month": "2021-03",
            "price": "39.38",
            "revenue": 221254
        },
        "2021-04": {
            "month": "2021-04",
            "price": "40.19",
            "revenue": 283370
        },
        "2021-05": {
            "month": "2021-05",
            "price": "38.49",
            "revenue": 258176
        },
        "2021-06": {
            "month": "2021-06",
            "price": "38.44",
            "revenue": 249225
        },
        "2021-07": {
            "month": "2021-07",
            "price": "37.80",
            "revenue": 308555
        },
        "2021-08": {
            "month": "2021-08",
            "price": "36.26",
            "revenue": 251499
        },
        "2021-09": {
            "month": "2021-09",
            "price": "36.36",
            "revenue": 294705
        },
        "2021-10": {
            "month": "2021-10",
            "price": "37.02",
            "revenue": 321421
        },
        "2021-11": {
            "month": "2021-11",
            "price": "36.91",
            "revenue": 251322
        },
        "2021-12": {
            "month": "2021-12",
            "price": "37.58",
            "revenue": 359001
        },
        "2022-01": {
            "month": "2022-01",
            "price": "37.72",
            "revenue": 261299
        },
        "2022-02": {
            "month": "2022-02",
            "price": "37.78",
            "revenue": 259533
        },
        "2022-03": {
            "month": "2022-03",
            "price": "37.37",
            "revenue": 317068
        },
        "2022-04": {
            "month": "2022-04",
            "price": "39.54",
            "revenue": 270641
        },
        "2022-05": {
            "month": "2022-05",
            "price": "38.82",
            "revenue": 342298
        },
        "2022-06": {
            "month": "2022-06",
            "price": "42.37",
            "revenue": 374861
        },
        "2022-07": {
            "month": "2022-07",
            "price": "46.96",
            "revenue": 314149
        },
        "2022-08": {
            "month": "2022-08",
            "price": "61.57",
            "revenue": 263778
        },
        "2022-09": {
            "month": "2022-09",
            "price": "53.30",
            "revenue": 251497
        },
        "2022-10": {
            "month": "2022-10",
            "price": "48.41",
            "revenue": 219282
        },
        "2022-11": {
            "month": "2022-11",
            "price": "54.24",
            "revenue": 213377
        },
        "2022-12": {
            "month": "2022-12",
            "price": "56.54",
            "revenue": 215797
        },
        "2023-01": {
            "month": "2023-01",
            "price": "55.13",
            "revenue": 184046
        },
        "2023-02": {
            "month": "2023-02",
            "price": "56.58",
            "revenue": 142734
        },
        "2023-03": {
            "month": "2023-03",
            "price": "59.82",
            "revenue": 247302
        },
        "2023-04": {
            "month": "2023-04",
            "price": "59.09",
            "revenue": 231435
        },
        "2023-05": {
            "month": "2023-05",
            "price": "56.98",
            "revenue": 226945
        },
        "2023-06": {
            "month": "2023-06",
            "price": "57.89",
            "revenue": 324525
        },
        "2023-07": {
            "month": "2023-07",
            "price": "57.10",
            "revenue": 277984
        },
        "2023-08": {
            "month": "2023-08",
            "price": "57.58",
            "revenue": 227723
        },
        "2023-09": {
            "month": "2023-09",
            "price": "59.21",
            "revenue": 228712
        },
        "2023-10": {
            "month": "2023-10",
            "price": "59.41",
            "revenue": 304978
        },
        "2023-11": {
            "month": "2023-11",
            "price": "59.31",
            "revenue": 255824
        },
        "2023-12": {
            "month": "2023-12",
            "price": "58.89",
            "revenue": 230602
        }
    }
}
