{
    "summary": {
        "stock_name": "森鉅",
        "stock_id": "8942",
        "category": "其他",
        "main_business": "複合板材之製造買賣<br>塑膠板材.塑膠條<br>其他及塑膠膜之製造加工及進出口買賣業務",
        "website_url": "http://xxentria-tech.com/",
        "ceo": "鄭憲松",
        "pe_ratio": 9,
        "report_year_from": 2001,
        "report_year_to": 2023,
        "age": 23,
        "eps_negative_percentage": 5,
        "eps_growth_avg": {
            "last_all": 11.94,
            "last_2y": 14.76,
            "last_4y": 3.41,
            "last_8y": -3.44,
            "last_12y": 7.64,
            "last_16y": 4.18,
            "last_20y": 11.94,
            "at_2006_last_3y": 43,
            "at_2007_last_3y": 18.91,
            "at_2008_last_3y": 16.18,
            "at_2009_last_3y": -19.04,
            "at_2010_last_3y": -6.2,
            "at_2011_last_3y": 17.89,
            "at_2012_last_3y": 33.84,
            "at_2013_last_3y": 45.38,
            "at_2014_last_3y": 29.8,
            "at_2015_last_3y": 22.56,
            "at_2016_last_3y": 16.08,
            "at_2017_last_3y": -10.24,
            "at_2018_last_3y": -14.86,
            "at_2019_last_3y": -46.29,
            "at_2020_last_3y": -42.41,
            "at_2021_last_3y": 2.76,
            "at_2022_last_3y": 2.33,
            "at_2023_last_3y": 10.07,
            "at_2024_last_3y": 10.07,
            "at_2006_last_all": 43,
            "at_2007_last_all": 35.13,
            "at_2008_last_all": 20.35,
            "at_2009_last_all": 11.61,
            "at_2010_last_all": 18.4,
            "at_2011_last_all": 27.47,
            "at_2012_last_all": 25.75,
            "at_2013_last_all": 23.89,
            "at_2014_last_all": 22.2,
            "at_2015_last_all": 25.96,
            "at_2016_last_all": 22.99,
            "at_2017_last_all": 14.79,
            "at_2018_last_all": 14.79,
            "at_2019_last_all": 12.41,
            "at_2020_last_all": 11.44,
            "at_2021_last_all": 12.78,
            "at_2022_last_all": 12.16,
            "at_2023_last_all": 11.94,
            "at_2024_last_all": 11.94
        },
        "latest_eps": 8.2,
        "latest_price": 72.2,
        "latest_roe": 14.14,
        "latest_gross_margin": 41.62,
        "latest_equity": 10455572,
        "latest_revenue": 1484308,
        "latest_gross_profit": 617764,
        "latest_net_income": 571473,
        "latest_debt_ratio": 36.85,
        "latest_current_ratio": 153.26,
        "latest_account_receivable_turnover_ratio": 0.96,
        "latest_inventory_turnover_ratio": 0.61,
        "latest_reinvestment_rate": 68.43,
        "latest_research_to_sale_ratio": 0.18
    },
    "eps_dividends": {
        "2001": {
            "cash": 16,
            "stock": 0,
            "eps": 0
        },
        "2002": {
            "cash": 0.45,
            "stock": 0,
            "eps": 0.38
        },
        "2003": {
            "cash": 0.3,
            "stock": 0.2,
            "eps": 1.62
        },
        "2004": {
            "cash": 1,
            "stock": 0.3,
            "eps": 0.93
        },
        "2005": {
            "cash": 0.36,
            "stock": 0.64,
            "eps": 2.88
        },
        "2006": {
            "cash": 1.5,
            "stock": 0.8,
            "eps": 3.3
        },
        "2007": {
            "cash": 1.65,
            "stock": 0.6,
            "eps": 3.42
        },
        "2008": {
            "cash": 0.71,
            "stock": 1.73,
            "eps": 1.59
        },
        "2009": {
            "cash": 0.9,
            "stock": 0.1,
            "eps": 0.94
        },
        "2010": {
            "cash": 0.7,
            "stock": 0.3,
            "eps": 1.56
        },
        "2011": {
            "cash": 0.96,
            "stock": 0,
            "eps": 3.79
        },
        "2012": {
            "cash": 1.6,
            "stock": 0.53,
            "eps": 4.18
        },
        "2013": {
            "cash": 2.5,
            "stock": 0,
            "eps": 4.4
        },
        "2014": {
            "cash": 1.8,
            "stock": 0,
            "eps": 4.56
        },
        "2015": {
            "cash": 4,
            "stock": 0,
            "eps": 7.8
        },
        "2016": {
            "cash": 6,
            "stock": 0,
            "eps": 6.58
        },
        "2017": {
            "cash": 5.5,
            "stock": 0,
            "eps": -0.2
        },
        "2018": {
            "cash": 3,
            "stock": 0,
            "eps": 7.83
        },
        "2019": {
            "cash": 5.5,
            "stock": 0,
            "eps": 6.01
        },
        "2020": {
            "cash": 4,
            "stock": 0,
            "eps": 5.77
        },
        "2021": {
            "cash": 3,
            "stock": 0,
            "eps": 7.82
        },
        "2022": {
            "cash": 4,
            "stock": 0,
            "eps": 7.9
        },
        "2023": {
            "cash": 3.5,
            "stock": 1,
            "eps": 8.51
        },
        "2024": {
            "cash": 2,
            "stock": 0,
            "eps": 0
        }
    },
    "dividends": {
        "2001-04-10": {
            "cash": 16,
            "stock": 0
        },
        "2002-04-26": {
            "cash": 0.45,
            "stock": 0
        },
        "2003-05-15": {
            "cash": 0.3,
            "stock": 0.2
        },
        "2004-03-29": {
            "cash": 1,
            "stock": 0.3
        },
        "2005-03-25": {
            "cash": 0.36,
            "stock": 0.64
        },
        "2006-03-18": {
            "cash": 1.5,
            "stock": 0.8
        },
        "2007-03-28": {
            "cash": 1.65,
            "stock": 0.6
        },
        "2008-03-11": {
            "cash": 0.71,
            "stock": 1.73
        },
        "2009-04-02": {
            "cash": 0.9,
            "stock": 0.1
        },
        "2010-03-31": {
            "cash": 0.7,
            "stock": 0.3
        },
        "2011-04-14": {
            "cash": 0.96,
            "stock": 0
        },
        "2012-05-16": {
            "cash": 1.6,
            "stock": 0.53
        },
        "2013-05-30": {
            "cash": 2.5,
            "stock": 0
        },
        "2014-05-27": {
            "cash": 1.8,
            "stock": 0
        },
        "2015-08-20": {
            "cash": 4,
            "stock": 0
        },
        "2016-08-01": {
            "cash": 6,
            "stock": 0
        },
        "2017-08-31": {
            "cash": 5.5,
            "stock": 0
        },
        "2018-06-29": {
            "cash": 3,
            "stock": 0
        },
        "2019-07-12": {
            "cash": 5.5,
            "stock": 0
        },
        "2020-08-14": {
            "cash": 4,
            "stock": 0
        },
        "2021-07-30": {
            "cash": 3,
            "stock": 0
        },
        "2022-01-03": {
            "cash": 1.5,
            "stock": 0
        },
        "2022-06-30": {
            "cash": 2.5,
            "stock": 0
        },
        "2023-01-03": {
            "cash": 2,
            "stock": 0
        },
        "2023-07-14": {
            "cash": 1.5,
            "stock": 1
        },
        "2024-01-05": {
            "cash": 2,
            "stock": 0
        }
    },
    "prices": {
        "200101": "無",
        "200102": "無",
        "200103": "無",
        "200104": "無",
        "200105": "無",
        "200106": "無",
        "200107": "無",
        "200108": "無",
        "200109": "無",
        "200110": "無",
        "200111": "無",
        "200112": "無",
        "200201": "無",
        "200202": "無",
        "200203": "無",
        "200204": "無",
        "200205": "無",
        "200206": "無",
        "200207": "無",
        "200208": "無",
        "200209": "無",
        "200210": "無",
        "200211": "無",
        "200212": "無",
        "200301": "無",
        "200302": "無",
        "200303": "無",
        "200304": "無",
        "200305": "21.56",
        "200306": "21.62",
        "200307": "23.72",
        "200308": "22.90",
        "200309": "24.00",
        "200310": "34.88",
        "200311": "45.94",
        "200312": "50.94",
        "200401": "60.97",
        "200402": "65.78",
        "200403": "62.11",
        "200404": "62.32",
        "200405": "57.02",
        "200406": "53.06",
        "200407": "41.27",
        "200408": "31.40",
        "200409": "33.47",
        "200410": "32.61",
        "200411": "32.18",
        "200412": "33.24",
        "200501": "32.98",
        "200502": "36.62",
        "200503": "40.78",
        "200504": "37.55",
        "200505": "34.57",
        "200506": "33.12",
        "200507": "33.07",
        "200508": "35.57",
        "200509": "37.05",
        "200510": "41.30",
        "200511": "40.89",
        "200512": "42.26",
        "200601": "39.61",
        "200602": "39.79",
        "200603": "41.96",
        "200604": "45.71",
        "200605": "50.68",
        "200606": "44.53",
        "200607": "38.61",
        "200608": "33.93",
        "200609": "34.80",
        "200610": "34.14",
        "200611": "36.19",
        "200612": "43.41",
        "200701": "51.47",
        "200702": "50.32",
        "200703": "51.11",
        "200704": "59.22",
        "200705": "57.45",
        "200706": "55.10",
        "200707": "53.85",
        "200708": "50.05",
        "200709": "46.20",
        "200710": "44.48",
        "200711": "39.80",
        "200712": "36.80",
        "200801": "36.33",
        "200802": "37.09",
        "200803": "39.12",
        "200804": "38.03",
        "200805": "35.52",
        "200806": "30.24",
        "200807": "22.82",
        "200808": "19.31",
        "200809": "17.46",
        "200810": "17.61",
        "200811": "13.05",
        "200812": "10.60",
        "200901": "10.83",
        "200902": "10.91",
        "200903": "12.71",
        "200904": "14.53",
        "200905": "15.66",
        "200906": "15.73",
        "200907": "15.92",
        "200908": "16.92",
        "200909": "16.28",
        "200910": "17.78",
        "200911": "19.00",
        "200912": "21.08",
        "201001": "24.41",
        "201002": "24.96",
        "201003": "28.63",
        "201004": "27.56",
        "201005": "25.79",
        "201006": "24.32",
        "201007": "26.68",
        "201008": "27.82",
        "201009": "27.29",
        "201010": "28.18",
        "201011": "27.18",
        "201012": "33.41",
        "201101": "35.34",
        "201102": "41.53",
        "201103": "56.70",
        "201104": "53.68",
        "201105": "52.50",
        "201106": "50.45",
        "201107": "61.91",
        "201108": "49.60",
        "201109": "41.08",
        "201110": "39.92",
        "201111": "43.27",
        "201112": "40.02",
        "201201": "46.90",
        "201202": "58.66",
        "201203": "60.52",
        "201204": "57.87",
        "201205": "60.52",
        "201206": "59.29",
        "201207": "56.70",
        "201208": "55.19",
        "201209": "56.28",
        "201210": "48.04",
        "201211": "45.87",
        "201212": "50.08",
        "201301": "53.27",
        "201302": "54.42",
        "201303": "58.07",
        "201304": "58.06",
        "201305": "54.69",
        "201306": "51.21",
        "201307": "52.84",
        "201308": "53.54",
        "201309": "50.01",
        "201310": "55.39",
        "201311": "55.92",
        "201312": "59.49",
        "201401": "63.65",
        "201402": "77.71",
        "201403": "87.78",
        "201404": "84.02",
        "201405": "86.57",
        "201406": "85.25",
        "201407": "79.22",
        "201408": "67.68",
        "201409": "69.45",
        "201410": "79.45",
        "201411": "74.88",
        "201412": "87.24",
        "201501": "89.78",
        "201502": "90.42",
        "201503": "101.32",
        "201504": "99.00",
        "201505": "93.60",
        "201506": "95.16",
        "201507": "86.57",
        "201508": "76.99",
        "201509": "87.57",
        "201510": "94.50",
        "201511": "93.36",
        "201512": "86.54",
        "201601": "84.91",
        "201602": "88.74",
        "201603": "92.38",
        "201604": "86.10",
        "201605": "87.70",
        "201606": "87.39",
        "201607": "78.18",
        "201608": "77.53",
        "201609": "80.76",
        "201610": "84.34",
        "201611": "80.90",
        "201612": "78.68",
        "201701": "77.90",
        "201702": "76.29",
        "201703": "76.02",
        "201704": "72.50",
        "201705": "67.42",
        "201706": "66.50",
        "201707": "66.85",
        "201708": "63.74",
        "201709": "67.09",
        "201710": "66.95",
        "201711": "62.46",
        "201712": "61.78",
        "201801": "63.85",
        "201802": "62.32",
        "201803": "63.29",
        "201804": "70.27",
        "201805": "78.79",
        "201806": "79.21",
        "201807": "86.20",
        "201808": "86.61",
        "201809": "76.67",
        "201810": "62.35",
        "201811": "62.31",
        "201812": "65.30",
        "201901": "69.79",
        "201902": "74.90",
        "201903": "74.60",
        "201904": "77.16",
        "201905": "75.78",
        "201906": "73.16",
        "201907": "70.88",
        "201908": "69.44",
        "201909": "68.61",
        "201910": "67.57",
        "201911": "68.20",
        "201912": "66.46",
        "202001": "64.79",
        "202002": "62.14",
        "202003": "54.86",
        "202004": "51.94",
        "202005": "53.59",
        "202006": "55.05",
        "202007": "53.02",
        "202008": "52.76",
        "202009": "52.14",
        "202010": "52.88",
        "202011": "58.18",
        "202012": "60.33",
        "202101": "59.94",
        "202102": "60.22",
        "202103": "64.63",
        "202104": "68.59",
        "202105": "66.04",
        "202106": "72.02",
        "202107": "75.10",
        "202108": "72.01",
        "202109": "67.82",
        "202110": "67.34",
        "202111": "68.77",
        "202112": "67.44",
        "202201": "67.54",
        "202202": "69.14",
        "202203": "67.73",
        "202204": "66.77",
        "202205": "66.38",
        "202206": "65.08",
        "202207": "63.21",
        "202208": "65.87",
        "202209": "63.41",
        "202210": "58.10",
        "202211": "60.76",
        "202212": "60.30",
        "202301": "60.26",
        "202302": "64.12",
        "202303": "66.84",
        "202304": "67.14",
        "202305": "69.49",
        "202306": "71.81",
        "202307": "69.44",
        "202308": "74.13",
        "202309": "74.06",
        "202310": "72.50",
        "202311": "74.29",
        "202312": "73.51"
    },
    "quarters": {
        "20011": {
            "year_quarter": 20011,
            "year": 2001,
            "quarter": 1,
            "eps": null,
            "eps_growth_year": null,
            "eps_4q": null,
            "eps_4q_growth_year": null,
            "roe": null,
            "roe_4q": 0,
            "gross_profit": null,
            "gross_margin": null,
            "gross_margin_4q_avg": 0,
            "net_income": null,
            "net_income_4q": null,
            "revenue": null,
            "revenue_4q": null,
            "common_shares": null,
            "book_valuer_per_share": null,
            "book_valuer_per_share_4q_avg": 0,
            "equity": null,
            "current_ratio": null,
            "debt_ratio": null,
            "inventory_turnover_ratio": null,
            "account_receivable_turnover_ratio": null,
            "reinvestment_rate": null,
            "research_to_sale_ratio": null,
            "price_fair": 0,
            "eps_avg_yearly": 0,
            "eps_latest_yearly": 0,
            "eps_growth_yearly": 0
        },
        "20012": {
            "year_quarter": 20012,
            "year": 2001,
            "quarter": 2,
            "eps": null,
            "eps_growth_year": null,
            "eps_4q": null,
            "eps_4q_growth_year": null,
            "roe": null,
            "roe_4q": 0,
            "gross_profit": null,
            "gross_margin": null,
            "gross_margin_4q_avg": 0,
            "net_income": null,
            "net_income_4q": null,
            "revenue": null,
            "revenue_4q": null,
            "common_shares": null,
            "book_valuer_per_share": null,
            "book_valuer_per_share_4q_avg": 0,
            "equity": null,
            "current_ratio": null,
            "debt_ratio": null,
            "inventory_turnover_ratio": null,
            "account_receivable_turnover_ratio": null,
            "reinvestment_rate": null,
            "research_to_sale_ratio": null,
            "price_fair": 0,
            "eps_avg_yearly": 0,
            "eps_latest_yearly": 0,
            "eps_growth_yearly": 0
        },
        "20013": {
            "year_quarter": 20013,
            "year": 2001,
            "quarter": 3,
            "eps": null,
            "eps_growth_year": null,
            "eps_4q": null,
            "eps_4q_growth_year": null,
            "roe": null,
            "roe_4q": 0,
            "gross_profit": null,
            "gross_margin": null,
            "gross_margin_4q_avg": 0,
            "net_income": null,
            "net_income_4q": null,
            "revenue": null,
            "revenue_4q": null,
            "common_shares": null,
            "book_valuer_per_share": null,
            "book_valuer_per_share_4q_avg": 0,
            "equity": null,
            "current_ratio": null,
            "debt_ratio": null,
            "inventory_turnover_ratio": null,
            "account_receivable_turnover_ratio": null,
            "reinvestment_rate": null,
            "research_to_sale_ratio": null,
            "price_fair": 0,
            "eps_avg_yearly": 0,
            "eps_latest_yearly": 0,
            "eps_growth_yearly": 0
        },
        "20014": {
            "year_quarter": 20014,
            "year": 2001,
            "quarter": 4,
            "eps": null,
            "eps_growth_year": null,
            "eps_4q": null,
            "eps_4q_growth_year": null,
            "roe": null,
            "roe_4q": 0,
            "gross_profit": null,
            "gross_margin": null,
            "gross_margin_4q_avg": 0,
            "net_income": null,
            "net_income_4q": null,
            "revenue": null,
            "revenue_4q": null,
            "common_shares": 352500,
            "book_valuer_per_share": 10.85,
            "book_valuer_per_share_4q_avg": 2.71,
            "equity": 382569,
            "current_ratio": 101.63,
            "debt_ratio": 36.25,
            "inventory_turnover_ratio": null,
            "account_receivable_turnover_ratio": null,
            "reinvestment_rate": null,
            "research_to_sale_ratio": null,
            "price_fair": 0,
            "eps_avg_yearly": 0,
            "eps_latest_yearly": 0,
            "eps_growth_yearly": 0
        },
        "20021": {
            "year_quarter": 20021,
            "year": 2002,
            "quarter": 1,
            "eps": null,
            "eps_growth_year": null,
            "eps_4q": null,
            "eps_4q_growth_year": null,
            "roe": null,
            "roe_4q": 0,
            "gross_profit": null,
            "gross_margin": null,
            "gross_margin_4q_avg": 0,
            "net_income": null,
            "net_income_4q": null,
            "revenue": null,
            "revenue_4q": null,
            "common_shares": null,
            "book_valuer_per_share": null,
            "book_valuer_per_share_4q_avg": 2.71,
            "equity": null,
            "current_ratio": null,
            "debt_ratio": null,
            "inventory_turnover_ratio": null,
            "account_receivable_turnover_ratio": null,
            "reinvestment_rate": null,
            "research_to_sale_ratio": null,
            "price_fair": 0,
            "eps_avg_yearly": 0,
            "eps_latest_yearly": 0,
            "eps_growth_yearly": 0
        },
        "20022": {
            "year_quarter": 20022,
            "year": 2002,
            "quarter": 2,
            "eps": null,
            "eps_growth_year": null,
            "eps_4q": null,
            "eps_4q_growth_year": null,
            "roe": null,
            "roe_4q": 0,
            "gross_profit": null,
            "gross_margin": null,
            "gross_margin_4q_avg": 0,
            "net_income": null,
            "net_income_4q": null,
            "revenue": null,
            "revenue_4q": null,
            "common_shares": null,
            "book_valuer_per_share": null,
            "book_valuer_per_share_4q_avg": 2.71,
            "equity": null,
            "current_ratio": null,
            "debt_ratio": null,
            "inventory_turnover_ratio": null,
            "account_receivable_turnover_ratio": null,
            "reinvestment_rate": null,
            "research_to_sale_ratio": null,
            "price_fair": 0,
            "eps_avg_yearly": 0,
            "eps_latest_yearly": 0,
            "eps_growth_yearly": 0
        },
        "20023": {
            "year_quarter": 20023,
            "year": 2002,
            "quarter": 3,
            "eps": 0.19,
            "eps_growth_year": null,
            "eps_4q": null,
            "eps_4q_growth_year": null,
            "roe": 1.79,
            "roe_4q": 1.79,
            "gross_profit": 26518,
            "gross_margin": 23.59,
            "gross_margin_4q_avg": 5.9,
            "net_income": 6797,
            "net_income_4q": null,
            "revenue": 112404,
            "revenue_4q": null,
            "common_shares": 352500,
            "book_valuer_per_share": 10.79,
            "book_valuer_per_share_4q_avg": 5.41,
            "equity": 380229,
            "current_ratio": 138.11,
            "debt_ratio": 44.11,
            "inventory_turnover_ratio": 0.78,
            "account_receivable_turnover_ratio": null,
            "reinvestment_rate": null,
            "research_to_sale_ratio": null,
            "price_fair": 0,
            "eps_avg_yearly": 0,
            "eps_latest_yearly": 0,
            "eps_growth_yearly": 0
        },
        "20024": {
            "year_quarter": 20024,
            "year": 2002,
            "quarter": 4,
            "eps": 0.19,
            "eps_growth_year": null,
            "eps_4q": null,
            "eps_4q_growth_year": null,
            "roe": 1.77,
            "roe_4q": 3.56,
            "gross_profit": 21049,
            "gross_margin": 19.36,
            "gross_margin_4q_avg": 10.74,
            "net_income": 6782,
            "net_income_4q": null,
            "revenue": 108731,
            "revenue_4q": null,
            "common_shares": 352500,
            "book_valuer_per_share": 10.97,
            "book_valuer_per_share_4q_avg": 5.44,
            "equity": 386855,
            "current_ratio": 139.68,
            "debt_ratio": 44.14,
            "inventory_turnover_ratio": 0.72,
            "account_receivable_turnover_ratio": null,
            "reinvestment_rate": null,
            "research_to_sale_ratio": null,
            "price_fair": 7.6,
            "eps_avg_yearly": 0.76,
            "eps_latest_yearly": 0.76,
            "eps_growth_yearly": 0
        },
        "20031": {
            "year_quarter": 20031,
            "year": 2003,
            "quarter": 1,
            "eps": 0.43,
            "eps_growth_year": null,
            "eps_4q": null,
            "eps_4q_growth_year": null,
            "roe": 3.84,
            "roe_4q": 7.3999999999999995,
            "gross_profit": 34067,
            "gross_margin": 22.2,
            "gross_margin_4q_avg": 16.29,
            "net_income": 15143,
            "net_income_4q": null,
            "revenue": 153435,
            "revenue_4q": null,
            "common_shares": 352500,
            "book_valuer_per_share": 11.4,
            "book_valuer_per_share_4q_avg": 8.29,
            "equity": 401998,
            "current_ratio": 143.92,
            "debt_ratio": 44.09,
            "inventory_turnover_ratio": 0.95,
            "account_receivable_turnover_ratio": null,
            "reinvestment_rate": null,
            "research_to_sale_ratio": null,
            "price_fair": 43.4,
            "eps_avg_yearly": 1.24,
            "eps_latest_yearly": 1.72,
            "eps_growth_yearly": 252.63
        },
        "20032": {
            "year_quarter": 20032,
            "year": 2003,
            "quarter": 2,
            "eps": 0.36,
            "eps_growth_year": null,
            "eps_4q": 1.17,
            "eps_4q_growth_year": null,
            "roe": 3.18,
            "roe_4q": 10.579999999999998,
            "gross_profit": 42971,
            "gross_margin": 26.69,
            "gross_margin_4q_avg": 22.96,
            "net_income": 12800,
            "net_income_4q": null,
            "revenue": 161026,
            "revenue_4q": null,
            "common_shares": 359550,
            "book_valuer_per_share": 11.22,
            "book_valuer_per_share_4q_avg": 11.1,
            "equity": 403279,
            "current_ratio": 136.95,
            "debt_ratio": 46.02,
            "inventory_turnover_ratio": 1,
            "account_receivable_turnover_ratio": null,
            "reinvestment_rate": null,
            "research_to_sale_ratio": null,
            "price_fair": 45.73,
            "eps_avg_yearly": 1.31,
            "eps_latest_yearly": 1.44,
            "eps_growth_yearly": 146.72
        },
        "20033": {
            "year_quarter": 20033,
            "year": 2003,
            "quarter": 3,
            "eps": 0.45,
            "eps_growth_year": 136.84,
            "eps_4q": 1.42,
            "eps_4q_growth_year": null,
            "roe": 3.92,
            "roe_4q": 12.709999999999999,
            "gross_profit": 38685,
            "gross_margin": 20.97,
            "gross_margin_4q_avg": 22.31,
            "net_income": 16098,
            "net_income_4q": null,
            "revenue": 184473,
            "revenue_4q": null,
            "common_shares": 359550,
            "book_valuer_per_share": 11.64,
            "book_valuer_per_share_4q_avg": 11.31,
            "equity": 418513,
            "current_ratio": 111.02,
            "debt_ratio": 49.96,
            "inventory_turnover_ratio": 1.19,
            "account_receivable_turnover_ratio": null,
            "reinvestment_rate": null,
            "research_to_sale_ratio": null,
            "price_fair": 50.05,
            "eps_avg_yearly": 1.43,
            "eps_latest_yearly": 1.8,
            "eps_growth_yearly": 135.04
        },
        "20034": {
            "year_quarter": 20034,
            "year": 2003,
            "quarter": 4,
            "eps": 0.38,
            "eps_growth_year": 100,
            "eps_4q": 1.6,
            "eps_4q_growth_year": null,
            "roe": 3.22,
            "roe_4q": 14.16,
            "gross_profit": 29903,
            "gross_margin": 14.18,
            "gross_margin_4q_avg": 21.01,
            "net_income": 13693,
            "net_income_4q": null,
            "revenue": 210807,
            "revenue_4q": null,
            "common_shares": 359550,
            "book_valuer_per_share": 12.03,
            "book_valuer_per_share_4q_avg": 11.57,
            "equity": 432550,
            "current_ratio": 226.48,
            "debt_ratio": 56.05,
            "inventory_turnover_ratio": 1.43,
            "account_receivable_turnover_ratio": null,
            "reinvestment_rate": null,
            "research_to_sale_ratio": null,
            "price_fair": 50.68,
            "eps_avg_yearly": 1.45,
            "eps_latest_yearly": 1.52,
            "eps_growth_yearly": 95.58
        },
        "20041": {
            "year_quarter": 20041,
            "year": 2004,
            "quarter": 1,
            "eps": 0.81,
            "eps_growth_year": 88.37,
            "eps_4q": 1.99,
            "eps_4q_growth_year": null,
            "roe": 5.77,
            "roe_4q": 16.09,
            "gross_profit": 64046,
            "gross_margin": 15.02,
            "gross_margin_4q_avg": 19.22,
            "net_income": 29252,
            "net_income_4q": null,
            "revenue": 426297,
            "revenue_4q": null,
            "common_shares": 414346,
            "book_valuer_per_share": 14.05,
            "book_valuer_per_share_4q_avg": 12.24,
            "equity": 581977,
            "current_ratio": 172.06,
            "debt_ratio": 52.26,
            "inventory_turnover_ratio": 2.53,
            "account_receivable_turnover_ratio": null,
            "reinvestment_rate": null,
            "research_to_sale_ratio": null,
            "price_fair": 61.13,
            "eps_avg_yearly": 1.75,
            "eps_latest_yearly": 3.24,
            "eps_growth_yearly": 155.09
        },
        "20042": {
            "year_quarter": 20042,
            "year": 2004,
            "quarter": 2,
            "eps": 0.42,
            "eps_growth_year": 16.67,
            "eps_4q": 1.88,
            "eps_4q_growth_year": 60.79,
            "roe": 2.97,
            "roe_4q": 15.88,
            "gross_profit": 38682,
            "gross_margin": 15.66,
            "gross_margin_4q_avg": 16.46,
            "net_income": 17011,
            "net_income_4q": null,
            "revenue": 246991,
            "revenue_4q": null,
            "common_shares": 418916,
            "book_valuer_per_share": 13.5,
            "book_valuer_per_share_4q_avg": 12.81,
            "equity": 565408,
            "current_ratio": 232.47,
            "debt_ratio": 60.96,
            "inventory_turnover_ratio": 1.28,
            "account_receivable_turnover_ratio": null,
            "reinvestment_rate": null,
            "research_to_sale_ratio": null,
            "price_fair": 60.8,
            "eps_avg_yearly": 1.74,
            "eps_latest_yearly": 1.68,
            "eps_growth_yearly": 105.42
        },
        "20043": {
            "year_quarter": 20043,
            "year": 2004,
            "quarter": 3,
            "eps": -0.35,
            "eps_growth_year": -177.78,
            "eps_4q": 1.04,
            "eps_4q_growth_year": -26.94,
            "roe": -2.61,
            "roe_4q": 9.35,
            "gross_profit": 36993,
            "gross_margin": 21.53,
            "gross_margin_4q_avg": 16.6,
            "net_income": -14486,
            "net_income_4q": null,
            "revenue": 171854,
            "revenue_4q": null,
            "common_shares": 438061,
            "book_valuer_per_share": 12.39,
            "book_valuer_per_share_4q_avg": 12.99,
            "equity": 542853,
            "current_ratio": 237.41,
            "debt_ratio": 61.25,
            "inventory_turnover_ratio": 0.73,
            "account_receivable_turnover_ratio": null,
            "reinvestment_rate": null,
            "research_to_sale_ratio": null,
            "price_fair": 60.8,
            "eps_avg_yearly": 1.74,
            "eps_latest_yearly": 1.68,
            "eps_growth_yearly": 105.42
        },
        "20044": {
            "year_quarter": 20044,
            "year": 2004,
            "quarter": 4,
            "eps": 0.05,
            "eps_growth_year": -86.84,
            "eps_4q": 0.76,
            "eps_4q_growth_year": -52.65,
            "roe": 0.41,
            "roe_4q": 6.54,
            "gross_profit": 43057,
            "gross_margin": 19.08,
            "gross_margin_4q_avg": 17.82,
            "net_income": 2242,
            "net_income_4q": null,
            "revenue": 225687,
            "revenue_4q": null,
            "common_shares": 450939,
            "book_valuer_per_share": 11.99,
            "book_valuer_per_share_4q_avg": 12.98,
            "equity": 540576,
            "current_ratio": 192.15,
            "debt_ratio": 62.73,
            "inventory_turnover_ratio": 0.85,
            "account_receivable_turnover_ratio": null,
            "reinvestment_rate": null,
            "research_to_sale_ratio": null,
            "price_fair": 60.8,
            "eps_avg_yearly": 1.74,
            "eps_latest_yearly": 1.68,
            "eps_growth_yearly": 105.42
        },
        "20051": {
            "year_quarter": 20051,
            "year": 2005,
            "quarter": 1,
            "eps": 0.23,
            "eps_growth_year": -71.6,
            "eps_4q": 0.34,
            "eps_4q_growth_year": -83.14,
            "roe": 1.88,
            "roe_4q": 2.6500000000000004,
            "gross_profit": 63831,
            "gross_margin": 24.78,
            "gross_margin_4q_avg": 20.26,
            "net_income": 10396,
            "net_income_4q": null,
            "revenue": 257571,
            "revenue_4q": null,
            "common_shares": 456646,
            "book_valuer_per_share": 12.35,
            "book_valuer_per_share_4q_avg": 12.56,
            "equity": 563733,
            "current_ratio": 201.86,
            "debt_ratio": 60.9,
            "inventory_turnover_ratio": 0.82,
            "account_receivable_turnover_ratio": null,
            "reinvestment_rate": null,
            "research_to_sale_ratio": null,
            "price_fair": 57.23,
            "eps_avg_yearly": 1.64,
            "eps_latest_yearly": 0.92,
            "eps_growth_yearly": 272.25
        },
        "20052": {
            "year_quarter": 20052,
            "year": 2005,
            "quarter": 2,
            "eps": 0.33,
            "eps_growth_year": -21.43,
            "eps_4q": 0.29,
            "eps_4q_growth_year": -84.44,
            "roe": 2.86,
            "roe_4q": 2.5400000000000005,
            "gross_profit": 62309,
            "gross_margin": 24.42,
            "gross_margin_4q_avg": 22.45,
            "net_income": 16145,
            "net_income_4q": null,
            "revenue": 255193,
            "revenue_4q": null,
            "common_shares": 457354,
            "book_valuer_per_share": 12.34,
            "book_valuer_per_share_4q_avg": 12.27,
            "equity": 564214,
            "current_ratio": 182.31,
            "debt_ratio": 62.73,
            "inventory_turnover_ratio": 0.75,
            "account_receivable_turnover_ratio": null,
            "reinvestment_rate": null,
            "research_to_sale_ratio": null,
            "price_fair": 56,
            "eps_avg_yearly": 1.6,
            "eps_latest_yearly": 1.32,
            "eps_growth_yearly": 261.32
        },
        "20053": {
            "year_quarter": 20053,
            "year": 2005,
            "quarter": 3,
            "eps": 1.26,
            "eps_growth_year": null,
            "eps_4q": 1.85,
            "eps_4q_growth_year": 78.26,
            "roe": 10.02,
            "roe_4q": 15.169999999999998,
            "gross_profit": 90518,
            "gross_margin": 34.39,
            "gross_margin_4q_avg": 25.67,
            "net_income": 61436,
            "net_income_4q": null,
            "revenue": 263244,
            "revenue_4q": null,
            "common_shares": 505514,
            "book_valuer_per_share": 13.09,
            "book_valuer_per_share_4q_avg": 12.44,
            "equity": 661532,
            "current_ratio": 110.61,
            "debt_ratio": 51.89,
            "inventory_turnover_ratio": 0.62,
            "account_receivable_turnover_ratio": null,
            "reinvestment_rate": null,
            "research_to_sale_ratio": null,
            "price_fair": 68.04,
            "eps_avg_yearly": 1.94,
            "eps_latest_yearly": 5.04,
            "eps_growth_yearly": 347.91
        },
        "20054": {
            "year_quarter": 20054,
            "year": 2005,
            "quarter": 4,
            "eps": 1.06,
            "eps_growth_year": 2020,
            "eps_4q": 2.85,
            "eps_4q_growth_year": 275.02,
            "roe": 7.19,
            "roe_4q": 21.95,
            "gross_profit": 101107,
            "gross_margin": 30.5,
            "gross_margin_4q_avg": 28.52,
            "net_income": 52239,
            "net_income_4q": null,
            "revenue": 331539,
            "revenue_4q": null,
            "common_shares": 522729,
            "book_valuer_per_share": 14.61,
            "book_valuer_per_share_4q_avg": 13.1,
            "equity": 790825,
            "current_ratio": 122.08,
            "debt_ratio": 45.49,
            "inventory_turnover_ratio": 0.78,
            "account_receivable_turnover_ratio": null,
            "reinvestment_rate": null,
            "research_to_sale_ratio": null,
            "price_fair": 75.35,
            "eps_avg_yearly": 2.15,
            "eps_latest_yearly": 4.24,
            "eps_growth_yearly": 310.51
        },
        "20061": {
            "year_quarter": 20061,
            "year": 2006,
            "quarter": 1,
            "eps": 1.23,
            "eps_growth_year": 434.78,
            "eps_4q": 3.71,
            "eps_4q_growth_year": 1007.03,
            "roe": 7.64,
            "roe_4q": 27.71,
            "gross_profit": 105733,
            "gross_margin": 32.55,
            "gross_margin_4q_avg": 30.47,
            "net_income": 64291,
            "net_income_4q": null,
            "revenue": 324812,
            "revenue_4q": null,
            "common_shares": 544184,
            "book_valuer_per_share": 16.41,
            "book_valuer_per_share_4q_avg": 14.11,
            "equity": 892859,
            "current_ratio": 142.33,
            "debt_ratio": 41.81,
            "inventory_turnover_ratio": 0.73,
            "account_receivable_turnover_ratio": null,
            "reinvestment_rate": null,
            "research_to_sale_ratio": null,
            "price_fair": 83.42,
            "eps_avg_yearly": 2.38,
            "eps_latest_yearly": 4.92,
            "eps_growth_yearly": 289.98
        },
        "20062": {
            "year_quarter": 20062,
            "year": 2006,
            "quarter": 2,
            "eps": 0.92,
            "eps_growth_year": 178.79,
            "eps_4q": 4.03,
            "eps_4q_growth_year": 1277.87,
            "roe": 5.41,
            "roe_4q": 30.26,
            "gross_profit": 102887,
            "gross_margin": 31.46,
            "gross_margin_4q_avg": 32.23,
            "net_income": 52705,
            "net_income_4q": null,
            "revenue": 327028,
            "revenue_4q": null,
            "common_shares": 582943,
            "book_valuer_per_share": 18.12,
            "book_valuer_per_share_4q_avg": 15.56,
            "equity": 1056327,
            "current_ratio": 193.99,
            "debt_ratio": 32.66,
            "inventory_turnover_ratio": 0.72,
            "account_receivable_turnover_ratio": null,
            "reinvestment_rate": 153.71,
            "research_to_sale_ratio": null,
            "price_fair": 86.91,
            "eps_avg_yearly": 2.48,
            "eps_latest_yearly": 3.68,
            "eps_growth_yearly": 259.92
        },
        "20063": {
            "year_quarter": 20063,
            "year": 2006,
            "quarter": 3,
            "eps": 0.34,
            "eps_growth_year": -73.02,
            "eps_4q": 3.23,
            "eps_4q_growth_year": 74.3,
            "roe": 1.86,
            "roe_4q": 22.1,
            "gross_profit": 72066,
            "gross_margin": 27.63,
            "gross_margin_4q_avg": 30.54,
            "net_income": 19944,
            "net_income_4q": null,
            "revenue": 260811,
            "revenue_4q": null,
            "common_shares": 640182,
            "book_valuer_per_share": 17,
            "book_valuer_per_share_4q_avg": 16.54,
            "equity": 1088547,
            "current_ratio": 201.84,
            "debt_ratio": 28.96,
            "inventory_turnover_ratio": 0.53,
            "account_receivable_turnover_ratio": null,
            "reinvestment_rate": 56.05,
            "research_to_sale_ratio": null,
            "price_fair": 84.1,
            "eps_avg_yearly": 2.4,
            "eps_latest_yearly": 1.36,
            "eps_growth_yearly": 223.34
        },
        "20064": {
            "year_quarter": 20064,
            "year": 2006,
            "quarter": 4,
            "eps": 0.81,
            "eps_growth_year": -23.58,
            "eps_4q": 3.08,
            "eps_4q_growth_year": 8.29,
            "roe": 4.31,
            "roe_4q": 19.22,
            "gross_profit": 79006,
            "gross_margin": 25.66,
            "gross_margin_4q_avg": 29.33,
            "net_income": 48844,
            "net_income_4q": null,
            "revenue": 307938,
            "revenue_4q": null,
            "common_shares": 644257,
            "book_valuer_per_share": 17.88,
            "book_valuer_per_share_4q_avg": 17.35,
            "equity": 1177833,
            "current_ratio": 204.73,
            "debt_ratio": 28.48,
            "inventory_turnover_ratio": 0.59,
            "account_receivable_turnover_ratio": null,
            "reinvestment_rate": 61.54,
            "research_to_sale_ratio": null,
            "price_fair": 90.3,
            "eps_avg_yearly": 2.58,
            "eps_latest_yearly": 3.24,
            "eps_growth_yearly": 262.84
        },
        "20071": {
            "year_quarter": 20071,
            "year": 2007,
            "quarter": 1,
            "eps": 1.29,
            "eps_growth_year": 4.88,
            "eps_4q": 3.17,
            "eps_4q_growth_year": -14.63,
            "roe": 6.79,
            "roe_4q": 18.369999999999997,
            "gross_profit": 133839,
            "gross_margin": 32.47,
            "gross_margin_4q_avg": 29.31,
            "net_income": 83352,
            "net_income_4q": null,
            "revenue": 412251,
            "revenue_4q": null,
            "common_shares": 655818,
            "book_valuer_per_share": 19.48,
            "book_valuer_per_share_4q_avg": 18.12,
            "equity": 1277316,
            "current_ratio": 122.49,
            "debt_ratio": 35.93,
            "inventory_turnover_ratio": 0.71,
            "account_receivable_turnover_ratio": null,
            "reinvestment_rate": 130.62,
            "research_to_sale_ratio": null,
            "price_fair": 98.9,
            "eps_avg_yearly": 2.83,
            "eps_latest_yearly": 5.16,
            "eps_growth_yearly": 243.68
        },
        "20072": {
            "year_quarter": 20072,
            "year": 2007,
            "quarter": 2,
            "eps": 0.83,
            "eps_growth_year": -9.78,
            "eps_4q": 2.98,
            "eps_4q_growth_year": -26.02,
            "roe": 4.42,
            "roe_4q": 17.38,
            "gross_profit": 121365,
            "gross_margin": 29.73,
            "gross_margin_4q_avg": 28.87,
            "net_income": 58769,
            "net_income_4q": null,
            "revenue": 408199,
            "revenue_4q": null,
            "common_shares": 708708,
            "book_valuer_per_share": 19.49,
            "book_valuer_per_share_4q_avg": 18.46,
            "equity": 1381340,
            "current_ratio": 163.77,
            "debt_ratio": 34.23,
            "inventory_turnover_ratio": 0.72,
            "account_receivable_turnover_ratio": null,
            "reinvestment_rate": 123.49,
            "research_to_sale_ratio": null,
            "price_fair": 103.6,
            "eps_avg_yearly": 2.96,
            "eps_latest_yearly": 3.32,
            "eps_growth_yearly": 238.14
        },
        "20073": {
            "year_quarter": 20073,
            "year": 2007,
            "quarter": 3,
            "eps": 0.81,
            "eps_growth_year": 138.24,
            "eps_4q": 3.42,
            "eps_4q_growth_year": 6.13,
            "roe": 4.2,
            "roe_4q": 19.72,
            "gross_profit": 90493,
            "gross_margin": 25.1,
            "gross_margin_4q_avg": 28.24,
            "net_income": 59202,
            "net_income_4q": null,
            "revenue": 360577,
            "revenue_4q": null,
            "common_shares": 762557,
            "book_valuer_per_share": 18.85,
            "book_valuer_per_share_4q_avg": 18.93,
            "equity": 1437311,
            "current_ratio": 197.12,
            "debt_ratio": 29.29,
            "inventory_turnover_ratio": 0.62,
            "account_receivable_turnover_ratio": null,
            "reinvestment_rate": 109.76,
            "research_to_sale_ratio": null,
            "price_fair": 107.2,
            "eps_avg_yearly": 3.06,
            "eps_latest_yearly": 3.24,
            "eps_growth_yearly": 230.31
        },
        "20074": {
            "year_quarter": 20074,
            "year": 2007,
            "quarter": 4,
            "eps": 0.49,
            "eps_growth_year": -39.51,
            "eps_4q": 3.21,
            "eps_4q_growth_year": 4.3,
            "roe": 2.49,
            "roe_4q": 17.9,
            "gross_profit": 91608,
            "gross_margin": 24.74,
            "gross_margin_4q_avg": 28.01,
            "net_income": 36222,
            "net_income_4q": null,
            "revenue": 370282,
            "revenue_4q": null,
            "common_shares": 762557,
            "book_valuer_per_share": 19.3,
            "book_valuer_per_share_4q_avg": 19.28,
            "equity": 1472080,
            "current_ratio": 191.87,
            "debt_ratio": 30.55,
            "inventory_turnover_ratio": 0.6,
            "account_receivable_turnover_ratio": null,
            "reinvestment_rate": 107.01,
            "research_to_sale_ratio": null,
            "price_fair": 108.3,
            "eps_avg_yearly": 3.09,
            "eps_latest_yearly": 1.96,
            "eps_growth_yearly": 223.47
        },
        "20081": {
            "year_quarter": 20081,
            "year": 2008,
            "quarter": 1,
            "eps": 0.38,
            "eps_growth_year": -70.54,
            "eps_4q": 2.42,
            "eps_4q_growth_year": -23.54,
            "roe": 1.96,
            "roe_4q": 13.07,
            "gross_profit": 98443,
            "gross_margin": 25.65,
            "gross_margin_4q_avg": 26.31,
            "net_income": 28666,
            "net_income_4q": null,
            "revenue": 383752,
            "revenue_4q": null,
            "common_shares": 762557,
            "book_valuer_per_share": 18.98,
            "book_valuer_per_share_4q_avg": 19.16,
            "equity": 1447081,
            "current_ratio": 176.68,
            "debt_ratio": 32.76,
            "inventory_turnover_ratio": 0.65,
            "account_receivable_turnover_ratio": null,
            "reinvestment_rate": 100.18,
            "research_to_sale_ratio": null,
            "price_fair": 104,
            "eps_avg_yearly": 2.97,
            "eps_latest_yearly": 1.52,
            "eps_growth_yearly": 184.72
        },
        "20082": {
            "year_quarter": 20082,
            "year": 2008,
            "quarter": 2,
            "eps": 0.24,
            "eps_growth_year": -71.08,
            "eps_4q": 1.63,
            "eps_4q_growth_year": -45.18,
            "roe": 1.5,
            "roe_4q": 10.15,
            "gross_profit": 88032,
            "gross_margin": 22.5,
            "gross_margin_4q_avg": 24.5,
            "net_income": 21381,
            "net_income_4q": null,
            "revenue": 391318,
            "revenue_4q": null,
            "common_shares": 762557,
            "book_valuer_per_share": 18.43,
            "book_valuer_per_share_4q_avg": 18.89,
            "equity": 1405604,
            "current_ratio": 158,
            "debt_ratio": 36.19,
            "inventory_turnover_ratio": 0.73,
            "account_receivable_turnover_ratio": null,
            "reinvestment_rate": 87.79,
            "research_to_sale_ratio": null,
            "price_fair": 102.2,
            "eps_avg_yearly": 2.92,
            "eps_latest_yearly": 0.96,
            "eps_growth_yearly": 187.96
        },
        "20083": {
            "year_quarter": 20083,
            "year": 2008,
            "quarter": 3,
            "eps": 0.6,
            "eps_growth_year": -25.93,
            "eps_4q": 1.57,
            "eps_4q_growth_year": -54.16,
            "roe": 3.77,
            "roe_4q": 9.719999999999999,
            "gross_profit": 89888,
            "gross_margin": 22.94,
            "gross_margin_4q_avg": 23.96,
            "net_income": 53418,
            "net_income_4q": null,
            "revenue": 391809,
            "revenue_4q": null,
            "common_shares": 910692,
            "book_valuer_per_share": 15.72,
            "book_valuer_per_share_4q_avg": 18.11,
            "equity": 1431601,
            "current_ratio": 181.47,
            "debt_ratio": 29.87,
            "inventory_turnover_ratio": 0.79,
            "account_receivable_turnover_ratio": null,
            "reinvestment_rate": 72.73,
            "research_to_sale_ratio": null,
            "price_fair": 100.99,
            "eps_avg_yearly": 2.89,
            "eps_latest_yearly": 2.4,
            "eps_growth_yearly": 215.42
        },
        "20084": {
            "year_quarter": 20084,
            "year": 2008,
            "quarter": 4,
            "eps": 0.37,
            "eps_growth_year": -24.49,
            "eps_4q": 1.53,
            "eps_4q_growth_year": -52.37,
            "roe": 2.31,
            "roe_4q": 9.54,
            "gross_profit": 54409,
            "gross_margin": 21.37,
            "gross_margin_4q_avg": 23.12,
            "net_income": 32990,
            "net_income_4q": null,
            "revenue": 254629,
            "revenue_4q": null,
            "common_shares": 910692,
            "book_valuer_per_share": 15.7,
            "book_valuer_per_share_4q_avg": 17.21,
            "equity": 1429350,
            "current_ratio": 194.59,
            "debt_ratio": 26.8,
            "inventory_turnover_ratio": 0.57,
            "account_receivable_turnover_ratio": 1.71,
            "reinvestment_rate": 65.57,
            "research_to_sale_ratio": null,
            "price_fair": 97.91,
            "eps_avg_yearly": 2.8,
            "eps_latest_yearly": 1.48,
            "eps_growth_yearly": 192.38
        },
        "20091": {
            "year_quarter": 20091,
            "year": 2009,
            "quarter": 1,
            "eps": 0.29,
            "eps_growth_year": -23.68,
            "eps_4q": 1.53,
            "eps_4q_growth_year": -36.73,
            "roe": 1.74,
            "roe_4q": 9.32,
            "gross_profit": 42135,
            "gross_margin": 24.72,
            "gross_margin_4q_avg": 22.88,
            "net_income": 25134,
            "net_income_4q": null,
            "revenue": 170452,
            "revenue_4q": null,
            "common_shares": 910692,
            "book_valuer_per_share": 16.06,
            "book_valuer_per_share_4q_avg": 16.48,
            "equity": 1462798,
            "current_ratio": 235.58,
            "debt_ratio": 22.39,
            "inventory_turnover_ratio": 0.37,
            "account_receivable_turnover_ratio": 1.15,
            "reinvestment_rate": 63.71,
            "research_to_sale_ratio": null,
            "price_fair": 98.44,
            "eps_avg_yearly": 2.81,
            "eps_latest_yearly": 1.16,
            "eps_growth_yearly": 96.97
        },
        "20092": {
            "year_quarter": 20092,
            "year": 2009,
            "quarter": 2,
            "eps": 0.25,
            "eps_growth_year": 4.17,
            "eps_4q": 1.53,
            "eps_4q_growth_year": -6.26,
            "roe": 1.51,
            "roe_4q": 9.33,
            "gross_profit": 42980,
            "gross_margin": 22.6,
            "gross_margin_4q_avg": 22.91,
            "net_income": 21773,
            "net_income_4q": null,
            "revenue": 190211,
            "revenue_4q": null,
            "common_shares": 910692,
            "book_valuer_per_share": 15.59,
            "book_valuer_per_share_4q_avg": 15.77,
            "equity": 1419980,
            "current_ratio": 190.8,
            "debt_ratio": 26.05,
            "inventory_turnover_ratio": 0.44,
            "account_receivable_turnover_ratio": 0.95,
            "reinvestment_rate": 60.87,
            "research_to_sale_ratio": null,
            "price_fair": 97.74,
            "eps_avg_yearly": 2.79,
            "eps_latest_yearly": 1,
            "eps_growth_yearly": 82.65
        },
        "20093": {
            "year_quarter": 20093,
            "year": 2009,
            "quarter": 3,
            "eps": 0.21,
            "eps_growth_year": -65,
            "eps_4q": 1.1,
            "eps_4q_growth_year": -29.59,
            "roe": 1.31,
            "roe_4q": 6.870000000000001,
            "gross_profit": 41123,
            "gross_margin": 21.32,
            "gross_margin_4q_avg": 22.5,
            "net_income": 18751,
            "net_income_4q": null,
            "revenue": 192918,
            "revenue_4q": null,
            "common_shares": 919799,
            "book_valuer_per_share": 15.67,
            "book_valuer_per_share_4q_avg": 15.76,
            "equity": 1441070,
            "current_ratio": 207.7,
            "debt_ratio": 23.79,
            "inventory_turnover_ratio": 0.46,
            "account_receivable_turnover_ratio": 2.38,
            "reinvestment_rate": 63.79,
            "research_to_sale_ratio": null,
            "price_fair": 46.05,
            "eps_avg_yearly": 2.53,
            "eps_latest_yearly": 0.84,
            "eps_growth_yearly": 8.2
        },
        "20094": {
            "year_quarter": 20094,
            "year": 2009,
            "quarter": 4,
            "eps": 0.19,
            "eps_growth_year": -48.65,
            "eps_4q": 0.93,
            "eps_4q_growth_year": -39.23,
            "roe": 1.13,
            "roe_4q": 5.69,
            "gross_profit": 28730,
            "gross_margin": 17.6,
            "gross_margin_4q_avg": 21.56,
            "net_income": 16507,
            "net_income_4q": null,
            "revenue": 163239,
            "revenue_4q": null,
            "common_shares": 919799,
            "book_valuer_per_share": 16.62,
            "book_valuer_per_share_4q_avg": 15.99,
            "equity": 1468208,
            "current_ratio": 196.19,
            "debt_ratio": 25.67,
            "inventory_turnover_ratio": 0.41,
            "account_receivable_turnover_ratio": 1.97,
            "reinvestment_rate": 85.85,
            "research_to_sale_ratio": null,
            "price_fair": 45.76,
            "eps_avg_yearly": 2.31,
            "eps_latest_yearly": 0.76,
            "eps_growth_yearly": 9.79
        },
        "20101": {
            "year_quarter": 20101,
            "year": 2010,
            "quarter": 1,
            "eps": 0.13,
            "eps_growth_year": -55.17,
            "eps_4q": 0.67,
            "eps_4q_growth_year": -56.36,
            "roe": 0.85,
            "roe_4q": 4.8,
            "gross_profit": 59003,
            "gross_margin": 25.66,
            "gross_margin_4q_avg": 21.8,
            "net_income": 13639,
            "net_income_4q": null,
            "revenue": 229941,
            "revenue_4q": null,
            "common_shares": 1069799,
            "book_valuer_per_share": 0,
            "book_valuer_per_share_4q_avg": 11.97,
            "equity": 1747486,
            "current_ratio": 194.62,
            "debt_ratio": 26.52,
            "inventory_turnover_ratio": 0.51,
            "account_receivable_turnover_ratio": 1.3,
            "reinvestment_rate": 116.16,
            "research_to_sale_ratio": 0.06,
            "price_fair": 6.11,
            "eps_avg_yearly": 2.04,
            "eps_latest_yearly": 0.52,
            "eps_growth_yearly": -2.12
        },
        "20102": {
            "year_quarter": 20102,
            "year": 2010,
            "quarter": 2,
            "eps": 0.5,
            "eps_growth_year": 100.84,
            "eps_4q": 0.95,
            "eps_4q_growth_year": -37.83,
            "roe": 3.14,
            "roe_4q": 6.43,
            "gross_profit": 103645,
            "gross_margin": 28.82,
            "gross_margin_4q_avg": 23.35,
            "net_income": 54608,
            "net_income_4q": null,
            "revenue": 359680,
            "revenue_4q": null,
            "common_shares": 1069799,
            "book_valuer_per_share": 0,
            "book_valuer_per_share_4q_avg": 8.07,
            "equity": 1725588,
            "current_ratio": 97.36,
            "debt_ratio": 31.71,
            "inventory_turnover_ratio": 0.8,
            "account_receivable_turnover_ratio": 1.53,
            "reinvestment_rate": 192.53,
            "research_to_sale_ratio": 0.03,
            "price_fair": 67.64,
            "eps_avg_yearly": 1.93,
            "eps_latest_yearly": 2,
            "eps_growth_yearly": 75.34
        },
        "20103": {
            "year_quarter": 20103,
            "year": 2010,
            "quarter": 3,
            "eps": 0.48,
            "eps_growth_year": 129.87,
            "eps_4q": 1.26,
            "eps_4q_growth_year": 14.23,
            "roe": 2.97,
            "roe_4q": 8.09,
            "gross_profit": 125572,
            "gross_margin": 32,
            "gross_margin_4q_avg": 26.02,
            "net_income": 52502,
            "net_income_4q": null,
            "revenue": 392439,
            "revenue_4q": null,
            "common_shares": 1101477,
            "book_valuer_per_share": 16.41,
            "book_valuer_per_share_4q_avg": 8.26,
            "equity": 1811276,
            "current_ratio": 108.92,
            "debt_ratio": 35.46,
            "inventory_turnover_ratio": 0.84,
            "account_receivable_turnover_ratio": 1.42,
            "reinvestment_rate": 184.05,
            "research_to_sale_ratio": 0.1,
            "price_fair": 68.86,
            "eps_avg_yearly": 1.97,
            "eps_latest_yearly": 1.92,
            "eps_growth_yearly": 90.1
        },
        "20104": {
            "year_quarter": 20104,
            "year": 2010,
            "quarter": 4,
            "eps": 0.45,
            "eps_growth_year": 137.53,
            "eps_4q": 1.55,
            "eps_4q_growth_year": 66.48,
            "roe": 2.49,
            "roe_4q": 9.450000000000001,
            "gross_profit": 150307,
            "gross_margin": 32.04,
            "gross_margin_4q_avg": 29.63,
            "net_income": 46922,
            "net_income_4q": null,
            "revenue": 469061,
            "revenue_4q": null,
            "common_shares": 1114461,
            "book_valuer_per_share": 17.52,
            "book_valuer_per_share_4q_avg": 8.48,
            "equity": 1951548,
            "current_ratio": 132.6,
            "debt_ratio": 44.74,
            "inventory_turnover_ratio": 0.91,
            "account_receivable_turnover_ratio": 1.91,
            "reinvestment_rate": 252.62,
            "research_to_sale_ratio": 0.07,
            "price_fair": 65.71,
            "eps_avg_yearly": 1.88,
            "eps_latest_yearly": 1.8,
            "eps_growth_yearly": 53.98
        },
        "20111": {
            "year_quarter": 20111,
            "year": 2011,
            "quarter": 1,
            "eps": 0.76,
            "eps_growth_year": 484.62,
            "eps_4q": 2.02,
            "eps_4q_growth_year": 201.21,
            "roe": 4.14,
            "roe_4q": 12.74,
            "gross_profit": 156830,
            "gross_margin": 29.04,
            "gross_margin_4q_avg": 30.48,
            "net_income": 88339,
            "net_income_4q": null,
            "revenue": 540109,
            "revenue_4q": null,
            "common_shares": 1213803,
            "book_valuer_per_share": 18.91,
            "book_valuer_per_share_4q_avg": 13.21,
            "equity": 2318051,
            "current_ratio": 242.45,
            "debt_ratio": 40.25,
            "inventory_turnover_ratio": 0.96,
            "account_receivable_turnover_ratio": 2.07,
            "reinvestment_rate": 205.74,
            "research_to_sale_ratio": 0.04,
            "price_fair": 61.08,
            "eps_avg_yearly": 1.75,
            "eps_latest_yearly": 3.04,
            "eps_growth_yearly": 56.38
        },
        "20112": {
            "year_quarter": 20112,
            "year": 2011,
            "quarter": 2,
            "eps": 0.87,
            "eps_growth_year": 74.25,
            "eps_4q": 2.37,
            "eps_4q_growth_year": 149.08,
            "roe": 4.68,
            "roe_4q": 14.280000000000001,
            "gross_profit": 247515,
            "gross_margin": 29.85,
            "gross_margin_4q_avg": 30.73,
            "net_income": 111421,
            "net_income_4q": null,
            "revenue": 829327,
            "revenue_4q": null,
            "common_shares": 1270972,
            "book_valuer_per_share": 19.02,
            "book_valuer_per_share_4q_avg": 17.97,
            "equity": 2441319,
            "current_ratio": 159.74,
            "debt_ratio": 45.13,
            "inventory_turnover_ratio": 1.27,
            "account_receivable_turnover_ratio": 1.78,
            "reinvestment_rate": 209.82,
            "research_to_sale_ratio": 0.04,
            "price_fair": 61.43,
            "eps_avg_yearly": 1.76,
            "eps_latest_yearly": 3.48,
            "eps_growth_yearly": 68.92
        },
        "20113": {
            "year_quarter": 20113,
            "year": 2011,
            "quarter": 3,
            "eps": 1.05,
            "eps_growth_year": 116.58,
            "eps_4q": 2.96,
            "eps_4q_growth_year": 134.27,
            "roe": 5.44,
            "roe_4q": 16.75,
            "gross_profit": 166414,
            "gross_margin": 27.72,
            "gross_margin_4q_avg": 29.66,
            "net_income": 138444,
            "net_income_4q": null,
            "revenue": 600284,
            "revenue_4q": null,
            "common_shares": 1301846,
            "book_valuer_per_share": 20.13,
            "book_valuer_per_share_4q_avg": 18.9,
            "equity": 2648578,
            "current_ratio": 178.77,
            "debt_ratio": 38.95,
            "inventory_turnover_ratio": 0.87,
            "account_receivable_turnover_ratio": 1.13,
            "reinvestment_rate": 195.93,
            "research_to_sale_ratio": 0.18,
            "price_fair": 63.53,
            "eps_avg_yearly": 1.82,
            "eps_latest_yearly": 4.2,
            "eps_growth_yearly": 74.69
        },
        "20114": {
            "year_quarter": 20114,
            "year": 2011,
            "quarter": 4,
            "eps": 1.11,
            "eps_growth_year": 145.25,
            "eps_4q": 3.68,
            "eps_4q_growth_year": 137.75,
            "roe": 5.25,
            "roe_4q": 19.51,
            "gross_profit": 266898,
            "gross_margin": 34,
            "gross_margin_4q_avg": 30.15,
            "net_income": 142872,
            "net_income_4q": null,
            "revenue": 785051,
            "revenue_4q": null,
            "common_shares": 1302036,
            "book_valuer_per_share": 21.25,
            "book_valuer_per_share_4q_avg": 19.83,
            "equity": 2792900,
            "current_ratio": 145.82,
            "debt_ratio": 39.67,
            "inventory_turnover_ratio": 1.03,
            "account_receivable_turnover_ratio": 1.5,
            "reinvestment_rate": 174.8,
            "research_to_sale_ratio": 0.12,
            "price_fair": 68.95,
            "eps_avg_yearly": 1.97,
            "eps_latest_yearly": 4.44,
            "eps_growth_yearly": 86
        },
        "20121": {
            "year_quarter": 20121,
            "year": 2012,
            "quarter": 1,
            "eps": 1.07,
            "eps_growth_year": 40.79,
            "eps_4q": 4.05,
            "eps_4q_growth_year": 101.11,
            "roe": 4.91,
            "roe_4q": 20.28,
            "gross_profit": 293341,
            "gross_margin": 36.2,
            "gross_margin_4q_avg": 31.94,
            "net_income": 140987,
            "net_income_4q": null,
            "revenue": 810330,
            "revenue_4q": null,
            "common_shares": 1309375,
            "book_valuer_per_share": 22.35,
            "book_valuer_per_share_4q_avg": 20.69,
            "equity": 2953206,
            "current_ratio": 143.02,
            "debt_ratio": 41.86,
            "inventory_turnover_ratio": 0.98,
            "account_receivable_turnover_ratio": 1.25,
            "reinvestment_rate": 159.02,
            "research_to_sale_ratio": 0.02,
            "price_fair": 74.99,
            "eps_avg_yearly": 2.14,
            "eps_latest_yearly": 4.28,
            "eps_growth_yearly": 90.71
        },
        "20122": {
            "year_quarter": 20122,
            "year": 2012,
            "quarter": 2,
            "eps": 1.4,
            "eps_growth_year": 59.83,
            "eps_4q": 4.3,
            "eps_4q_growth_year": 81.36,
            "roe": 6.45,
            "roe_4q": 22.05,
            "gross_profit": 367769,
            "gross_margin": 33.75,
            "gross_margin_4q_avg": 32.92,
            "net_income": 204869,
            "net_income_4q": null,
            "revenue": 1089537,
            "revenue_4q": null,
            "common_shares": 1376865,
            "book_valuer_per_share": 24.48,
            "book_valuer_per_share_4q_avg": 22.05,
            "equity": 3399902,
            "current_ratio": 256.75,
            "debt_ratio": 40.16,
            "inventory_turnover_ratio": 1.24,
            "account_receivable_turnover_ratio": 1.33,
            "reinvestment_rate": 139.9,
            "research_to_sale_ratio": 0.01,
            "price_fair": 85.14,
            "eps_avg_yearly": 2.43,
            "eps_latest_yearly": 5.6,
            "eps_growth_yearly": 107.63
        },
        "20123": {
            "year_quarter": 20123,
            "year": 2012,
            "quarter": 3,
            "eps": 0.97,
            "eps_growth_year": -6.89,
            "eps_4q": 4.33,
            "eps_4q_growth_year": 46.52,
            "roe": 4.1,
            "roe_4q": 20.71,
            "gross_profit": 321086,
            "gross_margin": 35.85,
            "gross_margin_4q_avg": 34.95,
            "net_income": 142291,
            "net_income_4q": null,
            "revenue": 895757,
            "revenue_4q": null,
            "common_shares": 1446707,
            "book_valuer_per_share": 24.29,
            "book_valuer_per_share_4q_avg": 23.09,
            "equity": 3546324,
            "current_ratio": 274.11,
            "debt_ratio": 38.86,
            "inventory_turnover_ratio": 0.87,
            "account_receivable_turnover_ratio": 1.02,
            "reinvestment_rate": 131.98,
            "research_to_sale_ratio": 0.02,
            "price_fair": 88.38,
            "eps_avg_yearly": 2.53,
            "eps_latest_yearly": 3.88,
            "eps_growth_yearly": 62.45
        },
        "20124": {
            "year_quarter": 20124,
            "year": 2012,
            "quarter": 4,
            "eps": 0.74,
            "eps_growth_year": -32.93,
            "eps_4q": 4.08,
            "eps_4q_growth_year": 10.77,
            "roe": 2.98,
            "roe_4q": 18.44,
            "gross_profit": 226757,
            "gross_margin": 35.01,
            "gross_margin_4q_avg": 35.2,
            "net_income": 107376,
            "net_income_4q": null,
            "revenue": 647618,
            "revenue_4q": null,
            "common_shares": 1446707,
            "book_valuer_per_share": 25.04,
            "book_valuer_per_share_4q_avg": 24.04,
            "equity": 3654693,
            "current_ratio": 237.92,
            "debt_ratio": 41.42,
            "inventory_turnover_ratio": 0.54,
            "account_receivable_turnover_ratio": 0.98,
            "reinvestment_rate": 131.91,
            "research_to_sale_ratio": 0.06,
            "price_fair": 91.61,
            "eps_avg_yearly": 2.62,
            "eps_latest_yearly": 2.96,
            "eps_growth_yearly": 66.11
        },
        "20131": {
            "year_quarter": 20131,
            "year": 2013,
            "quarter": 1,
            "eps": 1.74,
            "eps_growth_year": 62.62,
            "eps_4q": 4.84,
            "eps_4q_growth_year": 19.28,
            "roe": 6.37,
            "roe_4q": 19.9,
            "gross_profit": 332591,
            "gross_margin": 36.09,
            "gross_margin_4q_avg": 35.18,
            "net_income": 251220,
            "net_income_4q": null,
            "revenue": 921516,
            "revenue_4q": null,
            "common_shares": 1451217,
            "book_valuer_per_share": 26.83,
            "book_valuer_per_share_4q_avg": 25.16,
            "equity": 4227179,
            "current_ratio": 243.08,
            "debt_ratio": 38.85,
            "inventory_turnover_ratio": 0.68,
            "account_receivable_turnover_ratio": 1.53,
            "reinvestment_rate": 120.1,
            "research_to_sale_ratio": 0.02,
            "price_fair": 104.3,
            "eps_avg_yearly": 2.98,
            "eps_latest_yearly": 6.96,
            "eps_growth_yearly": 105.3
        },
        "20132": {
            "year_quarter": 20132,
            "year": 2013,
            "quarter": 2,
            "eps": 1.01,
            "eps_growth_year": -27.77,
            "eps_4q": 4.45,
            "eps_4q_growth_year": 3.58,
            "roe": 3.05,
            "roe_4q": 16.5,
            "gross_profit": 274510,
            "gross_margin": 32.4,
            "gross_margin_4q_avg": 34.84,
            "net_income": 134740,
            "net_income_4q": null,
            "revenue": 847340,
            "revenue_4q": null,
            "common_shares": 1451217,
            "book_valuer_per_share": 25.32,
            "book_valuer_per_share_4q_avg": 25.37,
            "equity": 4608898,
            "current_ratio": 218.83,
            "debt_ratio": 41.1,
            "inventory_turnover_ratio": 0.64,
            "account_receivable_turnover_ratio": 1.17,
            "reinvestment_rate": 120.92,
            "research_to_sale_ratio": 0.01,
            "price_fair": 110.95,
            "eps_avg_yearly": 3.17,
            "eps_latest_yearly": 4.04,
            "eps_growth_yearly": 98.26
        },
        "20133": {
            "year_quarter": 20133,
            "year": 2013,
            "quarter": 3,
            "eps": 0.44,
            "eps_growth_year": -54.8,
            "eps_4q": 3.57,
            "eps_4q_growth_year": -17.65,
            "roe": 1.01,
            "roe_4q": 13.41,
            "gross_profit": 205376,
            "gross_margin": 30.81,
            "gross_margin_4q_avg": 33.58,
            "net_income": 50749,
            "net_income_4q": null,
            "revenue": 666604,
            "revenue_4q": null,
            "common_shares": 1611217,
            "book_valuer_per_share": 27.81,
            "book_valuer_per_share_4q_avg": 26.25,
            "equity": 5445316,
            "current_ratio": 270.9,
            "debt_ratio": 33.65,
            "inventory_turnover_ratio": 0.51,
            "account_receivable_turnover_ratio": 0.97,
            "reinvestment_rate": 134.94,
            "research_to_sale_ratio": 0,
            "price_fair": 112.96,
            "eps_avg_yearly": 3.23,
            "eps_latest_yearly": 1.76,
            "eps_growth_yearly": 88.15
        },
        "20134": {
            "year_quarter": 20134,
            "year": 2013,
            "quarter": 4,
            "eps": 1.21,
            "eps_growth_year": 62.38,
            "eps_4q": 4.09,
            "eps_4q_growth_year": 0.25,
            "roe": 3.33,
            "roe_4q": 13.76,
            "gross_profit": 283554,
            "gross_margin": 32.61,
            "gross_margin_4q_avg": 32.98,
            "net_income": 186013,
            "net_income_4q": null,
            "revenue": 869653,
            "revenue_4q": null,
            "common_shares": 1621277,
            "book_valuer_per_share": 29.36,
            "book_valuer_per_share_4q_avg": 27.33,
            "equity": 5714046,
            "current_ratio": 163.87,
            "debt_ratio": 31.86,
            "inventory_turnover_ratio": 0.67,
            "account_receivable_turnover_ratio": 1.39,
            "reinvestment_rate": 124.54,
            "research_to_sale_ratio": 0,
            "price_fair": 121.89,
            "eps_avg_yearly": 3.48,
            "eps_latest_yearly": 4.84,
            "eps_growth_yearly": 134.28
        },
        "20141": {
            "year_quarter": 20141,
            "year": 2014,
            "quarter": 1,
            "eps": 1.43,
            "eps_growth_year": -17.82,
            "eps_4q": 3.57,
            "eps_4q_growth_year": -26.08,
            "roe": 3.77,
            "roe_4q": 11.16,
            "gross_profit": 333531,
            "gross_margin": 35.88,
            "gross_margin_4q_avg": 32.93,
            "net_income": 233508,
            "net_income_4q": null,
            "revenue": 929555,
            "revenue_4q": null,
            "common_shares": 1817232,
            "book_valuer_per_share": 31.42,
            "book_valuer_per_share_4q_avg": 28.48,
            "equity": 6659948,
            "current_ratio": 229.95,
            "debt_ratio": 21.46,
            "inventory_turnover_ratio": 0.68,
            "account_receivable_turnover_ratio": 1.34,
            "reinvestment_rate": 111.22,
            "research_to_sale_ratio": 0,
            "price_fair": 133.26,
            "eps_avg_yearly": 3.81,
            "eps_latest_yearly": 5.72,
            "eps_growth_yearly": 146.72
        },
        "20142": {
            "year_quarter": 20142,
            "year": 2014,
            "quarter": 2,
            "eps": 0.88,
            "eps_growth_year": -12.87,
            "eps_4q": 3.64,
            "eps_4q_growth_year": -18.3,
            "roe": 2.33,
            "roe_4q": 10.44,
            "gross_profit": 369918,
            "gross_margin": 35.63,
            "gross_margin_4q_avg": 33.73,
            "net_income": 153270,
            "net_income_4q": null,
            "revenue": 1038116,
            "revenue_4q": null,
            "common_shares": 1821387,
            "book_valuer_per_share": 30.38,
            "book_valuer_per_share_4q_avg": 29.74,
            "equity": 6475769,
            "current_ratio": 190.49,
            "debt_ratio": 26.39,
            "inventory_turnover_ratio": 0.72,
            "account_receivable_turnover_ratio": 1.38,
            "reinvestment_rate": 89.02,
            "research_to_sale_ratio": 0,
            "price_fair": 136.59,
            "eps_avg_yearly": 3.9,
            "eps_latest_yearly": 3.52,
            "eps_growth_yearly": 65.95
        },
        "20143": {
            "year_quarter": 20143,
            "year": 2014,
            "quarter": 3,
            "eps": 0.11,
            "eps_growth_year": -75,
            "eps_4q": 3.97,
            "eps_4q_growth_year": 11.32,
            "roe": 0.1,
            "roe_4q": 9.530000000000001,
            "gross_profit": 180825,
            "gross_margin": 26.21,
            "gross_margin_4q_avg": 32.58,
            "net_income": 6360,
            "net_income_4q": null,
            "revenue": 690010,
            "revenue_4q": null,
            "common_shares": 1549066,
            "book_valuer_per_share": 33.67,
            "book_valuer_per_share_4q_avg": 31.21,
            "equity": 6263917,
            "current_ratio": 208.52,
            "debt_ratio": 21.12,
            "inventory_turnover_ratio": 0.54,
            "account_receivable_turnover_ratio": 1.11,
            "reinvestment_rate": 91.79,
            "research_to_sale_ratio": 0.01,
            "price_fair": 133.35,
            "eps_avg_yearly": 3.81,
            "eps_latest_yearly": 0.44,
            "eps_growth_yearly": 45.07
        },
        "20144": {
            "year_quarter": 20144,
            "year": 2014,
            "quarter": 4,
            "eps": 2.14,
            "eps_growth_year": 77.27,
            "eps_4q": 4.82,
            "eps_4q_growth_year": 17.83,
            "roe": 4.81,
            "roe_4q": 11.01,
            "gross_profit": 295553,
            "gross_margin": 29.08,
            "gross_margin_4q_avg": 31.7,
            "net_income": 313879,
            "net_income_4q": null,
            "revenue": 1016250,
            "revenue_4q": null,
            "common_shares": 1551191,
            "book_valuer_per_share": 36.39,
            "book_valuer_per_share_4q_avg": 32.97,
            "equity": 6778742,
            "current_ratio": 241.42,
            "debt_ratio": 19.22,
            "inventory_turnover_ratio": 0.77,
            "account_receivable_turnover_ratio": 1.54,
            "reinvestment_rate": 79.13,
            "research_to_sale_ratio": 0.01,
            "price_fair": 148.14,
            "eps_avg_yearly": 4.23,
            "eps_latest_yearly": 8.56,
            "eps_growth_yearly": 508
        },
        "20151": {
            "year_quarter": 20151,
            "year": 2015,
            "quarter": 1,
            "eps": 1.88,
            "eps_growth_year": 31.47,
            "eps_4q": 5.16,
            "eps_4q_growth_year": 44.32,
            "roe": 4.08,
            "roe_4q": 11.32,
            "gross_profit": 548415,
            "gross_margin": 41.46,
            "gross_margin_4q_avg": 33.1,
            "net_income": 282707,
            "net_income_4q": null,
            "revenue": 1322622,
            "revenue_4q": null,
            "common_shares": 1551950,
            "book_valuer_per_share": 38.26,
            "book_valuer_per_share_4q_avg": 34.68,
            "equity": 7062515,
            "current_ratio": 223.7,
            "debt_ratio": 22.24,
            "inventory_turnover_ratio": 0.81,
            "account_receivable_turnover_ratio": 1.27,
            "reinvestment_rate": 70.91,
            "research_to_sale_ratio": 0.07,
            "price_fair": 157.94,
            "eps_avg_yearly": 4.51,
            "eps_latest_yearly": 7.52,
            "eps_growth_yearly": 487.74
        },
        "20152": {
            "year_quarter": 20152,
            "year": 2015,
            "quarter": 2,
            "eps": 1.76,
            "eps_growth_year": 100,
            "eps_4q": 5.89,
            "eps_4q_growth_year": 61.76,
            "roe": 3.88,
            "roe_4q": 12.87,
            "gross_profit": 531238,
            "gross_margin": 38.52,
            "gross_margin_4q_avg": 33.82,
            "net_income": 267008,
            "net_income_4q": null,
            "revenue": 1379153,
            "revenue_4q": null,
            "common_shares": 1551985,
            "book_valuer_per_share": 35.93,
            "book_valuer_per_share_4q_avg": 36.06,
            "equity": 6695506,
            "current_ratio": 161.58,
            "debt_ratio": 32.68,
            "inventory_turnover_ratio": 0.84,
            "account_receivable_turnover_ratio": 1.12,
            "reinvestment_rate": 61.48,
            "research_to_sale_ratio": 0.09,
            "price_fair": 165.73,
            "eps_avg_yearly": 4.74,
            "eps_latest_yearly": 7.04,
            "eps_growth_yearly": 482.53
        },
        "20153": {
            "year_quarter": 20153,
            "year": 2015,
            "quarter": 3,
            "eps": 2.47,
            "eps_growth_year": 2145.45,
            "eps_4q": 8.27,
            "eps_4q_growth_year": 108.19,
            "roe": 5.57,
            "roe_4q": 18.34,
            "gross_profit": 390833,
            "gross_margin": 38.02,
            "gross_margin_4q_avg": 36.77,
            "net_income": 381587,
            "net_income_4q": null,
            "revenue": 1027832,
            "revenue_4q": null,
            "common_shares": 1551985,
            "book_valuer_per_share": 38.17,
            "book_valuer_per_share_4q_avg": 37.19,
            "equity": 7013480,
            "current_ratio": 202.66,
            "debt_ratio": 24.65,
            "inventory_turnover_ratio": 0.56,
            "account_receivable_turnover_ratio": 0.91,
            "reinvestment_rate": 54.93,
            "research_to_sale_ratio": 0.12,
            "price_fair": 178.15,
            "eps_avg_yearly": 5.09,
            "eps_latest_yearly": 9.88,
            "eps_growth_yearly": 487.44
        },
        "20154": {
            "year_quarter": 20154,
            "year": 2015,
            "quarter": 4,
            "eps": 1.69,
            "eps_growth_year": -20.94,
            "eps_4q": 7.78,
            "eps_4q_growth_year": 61.46,
            "roe": 3.5,
            "roe_4q": 17.03,
            "gross_profit": 420279,
            "gross_margin": 37.54,
            "gross_margin_4q_avg": 38.89,
            "net_income": 252033,
            "net_income_4q": null,
            "revenue": 1119532,
            "revenue_4q": null,
            "common_shares": 1553501,
            "book_valuer_per_share": 39.95,
            "book_valuer_per_share_4q_avg": 38.08,
            "equity": 7370420,
            "current_ratio": 203.73,
            "debt_ratio": 25.49,
            "inventory_turnover_ratio": 0.54,
            "account_receivable_turnover_ratio": 1.21,
            "reinvestment_rate": 50.95,
            "research_to_sale_ratio": 0.09,
            "price_fair": 183.23,
            "eps_avg_yearly": 5.24,
            "eps_latest_yearly": 6.76,
            "eps_growth_yearly": 478.12
        },
        "20161": {
            "year_quarter": 20161,
            "year": 2016,
            "quarter": 1,
            "eps": 1.88,
            "eps_growth_year": 0,
            "eps_4q": 7.77,
            "eps_4q_growth_year": 50.71,
            "roe": 3.81,
            "roe_4q": 16.76,
            "gross_profit": 538306,
            "gross_margin": 43.76,
            "gross_margin_4q_avg": 39.46,
            "net_income": 286263,
            "net_income_4q": null,
            "revenue": 1230082,
            "revenue_4q": null,
            "common_shares": 1554133,
            "book_valuer_per_share": 41.86,
            "book_valuer_per_share_4q_avg": 38.98,
            "equity": 7664630,
            "current_ratio": 210.06,
            "debt_ratio": 27.19,
            "inventory_turnover_ratio": 0.5,
            "account_receivable_turnover_ratio": 1.4,
            "reinvestment_rate": 59.45,
            "research_to_sale_ratio": 0.1,
            "price_fair": 190.31,
            "eps_avg_yearly": 5.44,
            "eps_latest_yearly": 7.52,
            "eps_growth_yearly": 481.83
        },
        "20162": {
            "year_quarter": 20162,
            "year": 2016,
            "quarter": 2,
            "eps": 2.01,
            "eps_growth_year": 14.2,
            "eps_4q": 8.03,
            "eps_4q_growth_year": 36.4,
            "roe": 4.05,
            "roe_4q": 16.93,
            "gross_profit": 502533,
            "gross_margin": 40.32,
            "gross_margin_4q_avg": 39.91,
            "net_income": 297586,
            "net_income_4q": null,
            "revenue": 1246413,
            "revenue_4q": null,
            "common_shares": 1554945,
            "book_valuer_per_share": 37.84,
            "book_valuer_per_share_4q_avg": 39.46,
            "equity": 7028414,
            "current_ratio": 161.11,
            "debt_ratio": 34.67,
            "inventory_turnover_ratio": 0.54,
            "account_receivable_turnover_ratio": 1.26,
            "reinvestment_rate": 57.3,
            "research_to_sale_ratio": 0.12,
            "price_fair": 195.65,
            "eps_avg_yearly": 5.59,
            "eps_latest_yearly": 8.04,
            "eps_growth_yearly": 475.85
        },
        "20163": {
            "year_quarter": 20163,
            "year": 2016,
            "quarter": 3,
            "eps": 1,
            "eps_growth_year": -59.51,
            "eps_4q": 6.58,
            "eps_4q_growth_year": -20.45,
            "roe": 2.09,
            "roe_4q": 13.45,
            "gross_profit": 366495,
            "gross_margin": 37.69,
            "gross_margin_4q_avg": 39.83,
            "net_income": 148207,
            "net_income_4q": null,
            "revenue": 972282,
            "revenue_4q": null,
            "common_shares": 1555003,
            "book_valuer_per_share": 38.83,
            "book_valuer_per_share_4q_avg": 39.62,
            "equity": 7167364,
            "current_ratio": 172.69,
            "debt_ratio": 31.41,
            "inventory_turnover_ratio": 0.42,
            "account_receivable_turnover_ratio": 1,
            "reinvestment_rate": 59.21,
            "research_to_sale_ratio": 0.13,
            "price_fair": 195.91,
            "eps_avg_yearly": 5.6,
            "eps_latest_yearly": 4,
            "eps_growth_yearly": 470.96
        },
        "20164": {
            "year_quarter": 20164,
            "year": 2016,
            "quarter": 4,
            "eps": 1.69,
            "eps_growth_year": 0.23,
            "eps_4q": 6.58,
            "eps_4q_growth_year": -15.38,
            "roe": 3.45,
            "roe_4q": 13.4,
            "gross_profit": 307407,
            "gross_margin": 33.21,
            "gross_margin_4q_avg": 38.75,
            "net_income": 251176,
            "net_income_4q": null,
            "revenue": 925615,
            "revenue_4q": null,
            "common_shares": 1555177,
            "book_valuer_per_share": 40.45,
            "book_valuer_per_share_4q_avg": 39.75,
            "equity": 7408129,
            "current_ratio": 182.76,
            "debt_ratio": 29.59,
            "inventory_turnover_ratio": 0.42,
            "account_receivable_turnover_ratio": 1.1,
            "reinvestment_rate": 55.18,
            "research_to_sale_ratio": 0.17,
            "price_fair": 204.23,
            "eps_avg_yearly": 5.84,
            "eps_latest_yearly": 6.76,
            "eps_growth_yearly": 494.14
        },
        "20171": {
            "year_quarter": 20171,
            "year": 2017,
            "quarter": 1,
            "eps": 0.1,
            "eps_growth_year": -94.68,
            "eps_4q": 4.51,
            "eps_4q_growth_year": -42,
            "roe": -0.09,
            "roe_4q": 9.5,
            "gross_profit": 394415,
            "gross_margin": 34.51,
            "gross_margin_4q_avg": 36.43,
            "net_income": -6638,
            "net_income_4q": null,
            "revenue": 1142903,
            "revenue_4q": null,
            "common_shares": 1658401,
            "book_valuer_per_share": 41.46,
            "book_valuer_per_share_4q_avg": 39.65,
            "equity": 7971307,
            "current_ratio": 188.52,
            "debt_ratio": 28,
            "inventory_turnover_ratio": 0.48,
            "account_receivable_turnover_ratio": 1.37,
            "reinvestment_rate": 55.9,
            "research_to_sale_ratio": 0.11,
            "price_fair": 189.88,
            "eps_avg_yearly": 5.43,
            "eps_latest_yearly": 0.4,
            "eps_growth_yearly": 436.84
        },
        "20172": {
            "year_quarter": 20172,
            "year": 2017,
            "quarter": 2,
            "eps": 1.57,
            "eps_growth_year": -21.89,
            "eps_4q": 4.2,
            "eps_4q_growth_year": -47.7,
            "roe": 3.37,
            "roe_4q": 8.82,
            "gross_profit": 402265,
            "gross_margin": 35.74,
            "gross_margin_4q_avg": 35.29,
            "net_income": 258330,
            "net_income_4q": null,
            "revenue": 1125476,
            "revenue_4q": null,
            "common_shares": 1658401,
            "book_valuer_per_share": 37.76,
            "book_valuer_per_share_4q_avg": 39.63,
            "equity": 7354311,
            "current_ratio": 149.98,
            "debt_ratio": 36.28,
            "inventory_turnover_ratio": 0.46,
            "account_receivable_turnover_ratio": 1.29,
            "reinvestment_rate": 48.65,
            "research_to_sale_ratio": 0.16,
            "price_fair": 194.78,
            "eps_avg_yearly": 5.57,
            "eps_latest_yearly": 6.28,
            "eps_growth_yearly": 814.82
        },
        "20173": {
            "year_quarter": 20173,
            "year": 2017,
            "quarter": 3,
            "eps": -2.9,
            "eps_growth_year": -390,
            "eps_4q": 0.36,
            "eps_4q_growth_year": -94.57,
            "roe": -13.45,
            "roe_4q": -6.719999999999998,
            "gross_profit": 308574,
            "gross_margin": 27.15,
            "gross_margin_4q_avg": 32.65,
            "net_income": -926336,
            "net_income_4q": null,
            "revenue": 1136652,
            "revenue_4q": null,
            "common_shares": 1658401,
            "book_valuer_per_share": 34.88,
            "book_valuer_per_share_4q_avg": 38.64,
            "equity": 6419564,
            "current_ratio": 143.48,
            "debt_ratio": 42.05,
            "inventory_turnover_ratio": 0.56,
            "account_receivable_turnover_ratio": 1.4,
            "reinvestment_rate": 30.78,
            "research_to_sale_ratio": 0.18,
            "price_fair": 203.65,
            "eps_avg_yearly": 5.82,
            "eps_latest_yearly": 6.28,
            "eps_growth_yearly": 884.19
        },
        "20174": {
            "year_quarter": 20174,
            "year": 2017,
            "quarter": 4,
            "eps": 1.03,
            "eps_growth_year": -39.39,
            "eps_4q": -0.23,
            "eps_4q_growth_year": -103.46,
            "roe": 2.46,
            "roe_4q": -7.709999999999998,
            "gross_profit": 379217,
            "gross_margin": 35.13,
            "gross_margin_4q_avg": 33.13,
            "net_income": 157297,
            "net_income_4q": null,
            "revenue": 1079497,
            "revenue_4q": null,
            "common_shares": 1658401,
            "book_valuer_per_share": 35.39,
            "book_valuer_per_share_4q_avg": 37.37,
            "equity": 6386374,
            "current_ratio": 138.9,
            "debt_ratio": 42.89,
            "inventory_turnover_ratio": 0.51,
            "account_receivable_turnover_ratio": 1.38,
            "reinvestment_rate": 24.38,
            "research_to_sale_ratio": 0.3,
            "price_fair": 206.1,
            "eps_avg_yearly": 5.89,
            "eps_latest_yearly": 6.28,
            "eps_growth_yearly": 897.35
        },
        "20181": {
            "year_quarter": 20181,
            "year": 2018,
            "quarter": 1,
            "eps": 0.9,
            "eps_growth_year": 800,
            "eps_4q": 0.57,
            "eps_4q_growth_year": -87.28,
            "roe": 2.25,
            "roe_4q": -5.369999999999998,
            "gross_profit": 415929,
            "gross_margin": 35.69,
            "gross_margin_4q_avg": 33.43,
            "net_income": 147335,
            "net_income_4q": null,
            "revenue": 1165462,
            "revenue_4q": null,
            "common_shares": 1658401,
            "book_valuer_per_share": 36.93,
            "book_valuer_per_share_4q_avg": 36.24,
            "equity": 6710342,
            "current_ratio": 146.12,
            "debt_ratio": 40.77,
            "inventory_turnover_ratio": 0.6,
            "account_receivable_turnover_ratio": 1.41,
            "reinvestment_rate": 18.42,
            "research_to_sale_ratio": 0.14,
            "price_fair": 200.8,
            "eps_avg_yearly": 5.74,
            "eps_latest_yearly": 3.6,
            "eps_growth_yearly": 888.55
        },
        "20182": {
            "year_quarter": 20182,
            "year": 2018,
            "quarter": 2,
            "eps": 3.3,
            "eps_growth_year": 110.19,
            "eps_4q": 2.29,
            "eps_4q_growth_year": -45.53,
            "roe": 8.17,
            "roe_4q": -0.5700000000000003,
            "gross_profit": 496461,
            "gross_margin": 37.29,
            "gross_margin_4q_avg": 33.82,
            "net_income": 550849,
            "net_income_4q": null,
            "revenue": 1331422,
            "revenue_4q": null,
            "common_shares": 1658401,
            "book_valuer_per_share": 37.23,
            "book_valuer_per_share_4q_avg": 36.11,
            "equity": 6767536,
            "current_ratio": 153.72,
            "debt_ratio": 37.44,
            "inventory_turnover_ratio": 0.74,
            "account_receivable_turnover_ratio": 1.4,
            "reinvestment_rate": 13.58,
            "research_to_sale_ratio": 0.17,
            "price_fair": 225,
            "eps_avg_yearly": 6.43,
            "eps_latest_yearly": 13.2,
            "eps_growth_yearly": 975.73
        },
        "20183": {
            "year_quarter": 20183,
            "year": 2018,
            "quarter": 3,
            "eps": 1.93,
            "eps_growth_year": null,
            "eps_4q": 7.14,
            "eps_4q_growth_year": 1897.45,
            "roe": 4.68,
            "roe_4q": 17.56,
            "gross_profit": 466585,
            "gross_margin": 38.36,
            "gross_margin_4q_avg": 36.62,
            "net_income": 324633,
            "net_income_4q": null,
            "revenue": 1216259,
            "revenue_4q": null,
            "common_shares": 1658401,
            "book_valuer_per_share": 39.19,
            "book_valuer_per_share_4q_avg": 37.19,
            "equity": 7092113,
            "current_ratio": 165.05,
            "debt_ratio": 34.76,
            "inventory_turnover_ratio": 0.68,
            "account_receivable_turnover_ratio": 1.29,
            "reinvestment_rate": 10.32,
            "research_to_sale_ratio": 0.09,
            "price_fair": 243.2,
            "eps_avg_yearly": 6.95,
            "eps_latest_yearly": 7.72,
            "eps_growth_yearly": 988.87
        },
        "20184": {
            "year_quarter": 20184,
            "year": 2018,
            "quarter": 4,
            "eps": 1.7,
            "eps_growth_year": 65.43,
            "eps_4q": 7.88,
            "eps_4q_growth_year": null,
            "roe": 3.8,
            "roe_4q": 18.9,
            "gross_profit": 360764,
            "gross_margin": 35.75,
            "gross_margin_4q_avg": 36.77,
            "net_income": 272718,
            "net_income_4q": null,
            "revenue": 1009106,
            "revenue_4q": null,
            "common_shares": 1658401,
            "book_valuer_per_share": 40.57,
            "book_valuer_per_share_4q_avg": 38.48,
            "equity": 7256573,
            "current_ratio": 176.66,
            "debt_ratio": 32.27,
            "inventory_turnover_ratio": 0.57,
            "account_receivable_turnover_ratio": 1.35,
            "reinvestment_rate": -0.46,
            "research_to_sale_ratio": 0.18,
            "price_fair": 238.8,
            "eps_avg_yearly": 6.82,
            "eps_latest_yearly": 6.8,
            "eps_growth_yearly": 458.19
        },
        "20191": {
            "year_quarter": 20191,
            "year": 2019,
            "quarter": 1,
            "eps": 2.03,
            "eps_growth_year": 125.56,
            "eps_4q": 9.04,
            "eps_4q_growth_year": 1474.73,
            "roe": 4.51,
            "roe_4q": 21.159999999999997,
            "gross_profit": 505554,
            "gross_margin": 39.75,
            "gross_margin_4q_avg": 37.79,
            "net_income": 334881,
            "net_income_4q": null,
            "revenue": 1271856,
            "revenue_4q": null,
            "common_shares": 1658401,
            "book_valuer_per_share": 42.8,
            "book_valuer_per_share_4q_avg": 39.95,
            "equity": 7603480,
            "current_ratio": 206.2,
            "debt_ratio": 27.74,
            "inventory_turnover_ratio": 0.69,
            "account_receivable_turnover_ratio": 1.66,
            "reinvestment_rate": -2.09,
            "research_to_sale_ratio": 0.15,
            "price_fair": 240.3,
            "eps_avg_yearly": 6.87,
            "eps_latest_yearly": 8.12,
            "eps_growth_yearly": 467.21
        },
        "20192": {
            "year_quarter": 20192,
            "year": 2019,
            "quarter": 2,
            "eps": 1.9,
            "eps_growth_year": -42.42,
            "eps_4q": 7.56,
            "eps_4q_growth_year": 230.66,
            "roe": 4.28,
            "roe_4q": 17.27,
            "gross_profit": 512418,
            "gross_margin": 39.66,
            "gross_margin_4q_avg": 38.38,
            "net_income": 312497,
            "net_income_4q": null,
            "revenue": 1291897,
            "revenue_4q": null,
            "common_shares": 1658401,
            "book_valuer_per_share": 38.86,
            "book_valuer_per_share_4q_avg": 40.36,
            "equity": 7004716,
            "current_ratio": 168.88,
            "debt_ratio": 33.63,
            "inventory_turnover_ratio": 0.73,
            "account_receivable_turnover_ratio": 1.51,
            "reinvestment_rate": -0.99,
            "research_to_sale_ratio": 0.3,
            "price_fair": 241.7,
            "eps_avg_yearly": 6.91,
            "eps_latest_yearly": 7.6,
            "eps_growth_yearly": 467.2
        },
        "20193": {
            "year_quarter": 20193,
            "year": 2019,
            "quarter": 3,
            "eps": 1.57,
            "eps_growth_year": -18.65,
            "eps_4q": 7.19,
            "eps_4q_growth_year": 0.66,
            "roe": 3.59,
            "roe_4q": 16.18,
            "gross_profit": 376108,
            "gross_margin": 35.48,
            "gross_margin_4q_avg": 37.66,
            "net_income": 252462,
            "net_income_4q": null,
            "revenue": 1060088,
            "revenue_4q": null,
            "common_shares": 1658401,
            "book_valuer_per_share": 39.32,
            "book_valuer_per_share_4q_avg": 40.39,
            "equity": 7066475,
            "current_ratio": 167.64,
            "debt_ratio": 26.5,
            "inventory_turnover_ratio": 0.62,
            "account_receivable_turnover_ratio": 1.52,
            "reinvestment_rate": 9.39,
            "research_to_sale_ratio": 0.29,
            "price_fair": 232.7,
            "eps_avg_yearly": 6.65,
            "eps_latest_yearly": 6.28,
            "eps_growth_yearly": 450.71
        },
        "20194": {
            "year_quarter": 20194,
            "year": 2019,
            "quarter": 4,
            "eps": 0.51,
            "eps_growth_year": -69.93,
            "eps_4q": 6,
            "eps_4q_growth_year": -23.77,
            "roe": 1.08,
            "roe_4q": 13.459999999999999,
            "gross_profit": 270658,
            "gross_margin": 34.9,
            "gross_margin_4q_avg": 37.45,
            "net_income": 77433,
            "net_income_4q": null,
            "revenue": 775521,
            "revenue_4q": null,
            "common_shares": 1658401,
            "book_valuer_per_share": 40.57,
            "book_valuer_per_share_4q_avg": 40.39,
            "equity": 7273235,
            "current_ratio": 160.66,
            "debt_ratio": 28.09,
            "inventory_turnover_ratio": 0.44,
            "account_receivable_turnover_ratio": 1.76,
            "reinvestment_rate": 12.28,
            "research_to_sale_ratio": 0.36,
            "price_fair": 220.9,
            "eps_avg_yearly": 6.31,
            "eps_latest_yearly": 2.04,
            "eps_growth_yearly": 440.45
        },
        "20201": {
            "year_quarter": 20201,
            "year": 2020,
            "quarter": 1,
            "eps": -0.22,
            "eps_growth_year": -110.84,
            "eps_4q": 3.75,
            "eps_4q_growth_year": -58.47,
            "roe": -0.56,
            "roe_4q": 8.39,
            "gross_profit": 291649,
            "gross_margin": 36.36,
            "gross_margin_4q_avg": 36.6,
            "net_income": -40793,
            "net_income_4q": null,
            "revenue": 802088,
            "revenue_4q": null,
            "common_shares": 1658401,
            "book_valuer_per_share": 39.88,
            "book_valuer_per_share_4q_avg": 39.66,
            "equity": 7183789,
            "current_ratio": 174.01,
            "debt_ratio": 27.1,
            "inventory_turnover_ratio": 0.44,
            "account_receivable_turnover_ratio": 2.06,
            "reinvestment_rate": -6.35,
            "research_to_sale_ratio": 0.13,
            "price_fair": 217.65,
            "eps_avg_yearly": 6.22,
            "eps_latest_yearly": 2.04,
            "eps_growth_yearly": 470.87
        },
        "20202": {
            "year_quarter": 20202,
            "year": 2020,
            "quarter": 2,
            "eps": 3.27,
            "eps_growth_year": 72.11,
            "eps_4q": 5.13,
            "eps_4q_growth_year": -32.17,
            "roe": 7.46,
            "roe_4q": 11.57,
            "gross_profit": 101053,
            "gross_margin": 22.72,
            "gross_margin_4q_avg": 32.37,
            "net_income": 531208,
            "net_income_4q": null,
            "revenue": 444698,
            "revenue_4q": null,
            "common_shares": 1658401,
            "book_valuer_per_share": 39.15,
            "book_valuer_per_share_4q_avg": 39.73,
            "equity": 7061071,
            "current_ratio": 144.88,
            "debt_ratio": 31.46,
            "inventory_turnover_ratio": 0.29,
            "account_receivable_turnover_ratio": 1.19,
            "reinvestment_rate": 2.84,
            "research_to_sale_ratio": 0.24,
            "price_fair": 212.33,
            "eps_avg_yearly": 6.07,
            "eps_latest_yearly": 2.04,
            "eps_growth_yearly": 507.8
        },
        "20203": {
            "year_quarter": 20203,
            "year": 2020,
            "quarter": 3,
            "eps": 1.73,
            "eps_growth_year": 10.19,
            "eps_4q": 5.29,
            "eps_4q_growth_year": -26.33,
            "roe": 4,
            "roe_4q": 11.98,
            "gross_profit": 235160,
            "gross_margin": 28.96,
            "gross_margin_4q_avg": 30.74,
            "net_income": 290856,
            "net_income_4q": null,
            "revenue": 812100,
            "revenue_4q": null,
            "common_shares": 1658401,
            "book_valuer_per_share": 41.64,
            "book_valuer_per_share_4q_avg": 40.31,
            "equity": 7478155,
            "current_ratio": 173.02,
            "debt_ratio": 30.18,
            "inventory_turnover_ratio": 0.53,
            "account_receivable_turnover_ratio": 1.85,
            "reinvestment_rate": 3.01,
            "research_to_sale_ratio": 0.13,
            "price_fair": 220.85,
            "eps_avg_yearly": 6.31,
            "eps_latest_yearly": 6.92,
            "eps_growth_yearly": 508.85
        },
        "20204": {
            "year_quarter": 20204,
            "year": 2020,
            "quarter": 4,
            "eps": 0.99,
            "eps_growth_year": 94.1,
            "eps_4q": 5.77,
            "eps_4q_growth_year": -3.84,
            "roe": 2.11,
            "roe_4q": 13.01,
            "gross_profit": 315148,
            "gross_margin": 31.1,
            "gross_margin_4q_avg": 29.79,
            "net_income": 160622,
            "net_income_4q": null,
            "revenue": 1013479,
            "revenue_4q": null,
            "common_shares": 1658401,
            "book_valuer_per_share": 42.61,
            "book_valuer_per_share_4q_avg": 40.82,
            "equity": 7737488,
            "current_ratio": 190.47,
            "debt_ratio": 31.12,
            "inventory_turnover_ratio": 0.73,
            "account_receivable_turnover_ratio": 1.47,
            "reinvestment_rate": 2.22,
            "research_to_sale_ratio": 0.08,
            "price_fair": 212.68,
            "eps_avg_yearly": 6.08,
            "eps_latest_yearly": 3.96,
            "eps_growth_yearly": 471.59
        },
        "20211": {
            "year_quarter": 20211,
            "year": 2021,
            "quarter": 1,
            "eps": 2.17,
            "eps_growth_year": null,
            "eps_4q": 8.16,
            "eps_4q_growth_year": 117.58,
            "roe": 4.49,
            "roe_4q": 18.06,
            "gross_profit": 356585,
            "gross_margin": 32.27,
            "gross_margin_4q_avg": 28.76,
            "net_income": 353736,
            "net_income_4q": null,
            "revenue": 1104874,
            "revenue_4q": null,
            "common_shares": 1658401,
            "book_valuer_per_share": 44.32,
            "book_valuer_per_share_4q_avg": 41.93,
            "equity": 8016180,
            "current_ratio": 182.5,
            "debt_ratio": 33.73,
            "inventory_turnover_ratio": 0.79,
            "account_receivable_turnover_ratio": 1.25,
            "reinvestment_rate": 3.24,
            "research_to_sale_ratio": 0.94,
            "price_fair": 236.83,
            "eps_avg_yearly": 6.77,
            "eps_latest_yearly": 8.68,
            "eps_growth_yearly": 542.69
        },
        "20212": {
            "year_quarter": 20212,
            "year": 2021,
            "quarter": 2,
            "eps": 2.31,
            "eps_growth_year": -29.36,
            "eps_4q": 7.2,
            "eps_4q_growth_year": 40.34,
            "roe": 4.93,
            "roe_4q": 15.53,
            "gross_profit": 464886,
            "gross_margin": 33.47,
            "gross_margin_4q_avg": 31.45,
            "net_income": 392599,
            "net_income_4q": null,
            "revenue": 1388984,
            "revenue_4q": null,
            "common_shares": 1658401,
            "book_valuer_per_share": 44.49,
            "book_valuer_per_share_4q_avg": 43.27,
            "equity": 7920178,
            "current_ratio": 155.97,
            "debt_ratio": 40.84,
            "inventory_turnover_ratio": 0.93,
            "account_receivable_turnover_ratio": 1.22,
            "reinvestment_rate": 3.56,
            "research_to_sale_ratio": 0.57,
            "price_fair": 245.47,
            "eps_avg_yearly": 7.01,
            "eps_latest_yearly": 9.24,
            "eps_growth_yearly": 54.84
        },
        "20213": {
            "year_quarter": 20213,
            "year": 2021,
            "quarter": 3,
            "eps": 1.68,
            "eps_growth_year": -2.89,
            "eps_4q": 7.07,
            "eps_4q_growth_year": 33.65,
            "roe": 3.26,
            "roe_4q": 14.79,
            "gross_profit": 490849,
            "gross_margin": 34.76,
            "gross_margin_4q_avg": 32.9,
            "net_income": 263401,
            "net_income_4q": null,
            "revenue": 1412195,
            "revenue_4q": null,
            "common_shares": 1658401,
            "book_valuer_per_share": 46.02,
            "book_valuer_per_share_4q_avg": 44.36,
            "equity": 8244806,
            "current_ratio": 144.11,
            "debt_ratio": 43.89,
            "inventory_turnover_ratio": 0.83,
            "account_receivable_turnover_ratio": 1.08,
            "reinvestment_rate": 17.34,
            "research_to_sale_ratio": 0.18,
            "price_fair": 244.68,
            "eps_avg_yearly": 6.99,
            "eps_latest_yearly": 6.72,
            "eps_growth_yearly": 42.23
        },
        "20214": {
            "year_quarter": 20214,
            "year": 2021,
            "quarter": 4,
            "eps": 1.66,
            "eps_growth_year": 67.48,
            "eps_4q": 7.75,
            "eps_4q_growth_year": 34.3,
            "roe": 3.39,
            "roe_4q": 16.07,
            "gross_profit": 610258,
            "gross_margin": 41.03,
            "gross_margin_4q_avg": 35.38,
            "net_income": 279864,
            "net_income_4q": null,
            "revenue": 1487323,
            "revenue_4q": null,
            "common_shares": 1658401,
            "book_valuer_per_share": 46.06,
            "book_valuer_per_share_4q_avg": 45.22,
            "equity": 8252384,
            "current_ratio": 125.66,
            "debt_ratio": 47.84,
            "inventory_turnover_ratio": 0.72,
            "account_receivable_turnover_ratio": 1.09,
            "reinvestment_rate": 18,
            "research_to_sale_ratio": -0.85,
            "price_fair": 243.8,
            "eps_avg_yearly": 6.97,
            "eps_latest_yearly": 6.64,
            "eps_growth_yearly": 38.87
        },
        "20221": {
            "year_quarter": 20221,
            "year": 2022,
            "quarter": 1,
            "eps": 2.51,
            "eps_growth_year": 15.67,
            "eps_4q": 8.12,
            "eps_4q_growth_year": -0.59,
            "roe": 5.04,
            "roe_4q": 16.619999999999997,
            "gross_profit": 590442,
            "gross_margin": 40.88,
            "gross_margin_4q_avg": 37.54,
            "net_income": 411767,
            "net_income_4q": null,
            "revenue": 1444334,
            "revenue_4q": null,
            "common_shares": 1658401,
            "book_valuer_per_share": 45.16,
            "book_valuer_per_share_4q_avg": 45.43,
            "equity": 8099843,
            "current_ratio": 134.28,
            "debt_ratio": 50.86,
            "inventory_turnover_ratio": 0.7,
            "account_receivable_turnover_ratio": 1.06,
            "reinvestment_rate": 19.49,
            "research_to_sale_ratio": 0.3,
            "price_fair": 259.9,
            "eps_avg_yearly": 7.43,
            "eps_latest_yearly": 10.04,
            "eps_growth_yearly": 57.11
        },
        "20222": {
            "year_quarter": 20222,
            "year": 2022,
            "quarter": 2,
            "eps": 1.99,
            "eps_growth_year": -13.85,
            "eps_4q": 7.83,
            "eps_4q_growth_year": 8.74,
            "roe": 3.86,
            "roe_4q": 15.55,
            "gross_profit": 725098,
            "gross_margin": 43.42,
            "gross_margin_4q_avg": 40.02,
            "net_income": 317893,
            "net_income_4q": null,
            "revenue": 1670064,
            "revenue_4q": null,
            "common_shares": 1658401,
            "book_valuer_per_share": 46.83,
            "book_valuer_per_share_4q_avg": 46.02,
            "equity": 8367997,
            "current_ratio": 133.76,
            "debt_ratio": 48.63,
            "inventory_turnover_ratio": 0.77,
            "account_receivable_turnover_ratio": 1.2,
            "reinvestment_rate": 69.63,
            "research_to_sale_ratio": 0.15,
            "price_fair": 21.15,
            "eps_avg_yearly": 7.05,
            "eps_latest_yearly": 7.96,
            "eps_growth_yearly": -25
        },
        "20223": {
            "year_quarter": 20223,
            "year": 2022,
            "quarter": 3,
            "eps": 3.52,
            "eps_growth_year": 109.52,
            "eps_4q": 9.67,
            "eps_4q_growth_year": 36.74,
            "roe": 6.63,
            "roe_4q": 18.92,
            "gross_profit": 693546,
            "gross_margin": 45.29,
            "gross_margin_4q_avg": 42.66,
            "net_income": 577113,
            "net_income_4q": null,
            "revenue": 1531432,
            "revenue_4q": null,
            "common_shares": 1658401,
            "book_valuer_per_share": 50.4,
            "book_valuer_per_share_4q_avg": 47.11,
            "equity": 9053017,
            "current_ratio": 146.57,
            "debt_ratio": 44.53,
            "inventory_turnover_ratio": 0.68,
            "account_receivable_turnover_ratio": 1.08,
            "reinvestment_rate": 71.89,
            "research_to_sale_ratio": 0.14,
            "price_fair": 141.3,
            "eps_avg_yearly": 7.51,
            "eps_latest_yearly": 14.08,
            "eps_growth_yearly": 8.83
        },
        "20224": {
            "year_quarter": 20224,
            "year": 2022,
            "quarter": 4,
            "eps": -0.12,
            "eps_growth_year": -107.45,
            "eps_4q": 7.89,
            "eps_4q_growth_year": 1.75,
            "roe": -1.35,
            "roe_4q": 14.18,
            "gross_profit": 292068,
            "gross_margin": 27.92,
            "gross_margin_4q_avg": 39.38,
            "net_income": -121990,
            "net_income_4q": null,
            "revenue": 1046181,
            "revenue_4q": null,
            "common_shares": 1658401,
            "book_valuer_per_share": 48.24,
            "book_valuer_per_share_4q_avg": 47.66,
            "equity": 9013842,
            "current_ratio": 138.08,
            "debt_ratio": 46.17,
            "inventory_turnover_ratio": 0.59,
            "account_receivable_turnover_ratio": 1.19,
            "reinvestment_rate": 73.88,
            "research_to_sale_ratio": -0.35,
            "price_fair": 175.17,
            "eps_avg_yearly": 7.56,
            "eps_latest_yearly": 14.08,
            "eps_growth_yearly": 13.17
        },
        "20231": {
            "year_quarter": 20231,
            "year": 2023,
            "quarter": 1,
            "eps": 2.16,
            "eps_growth_year": -13.94,
            "eps_4q": 7.54,
            "eps_4q_growth_year": -7.05,
            "roe": 3.83,
            "roe_4q": 12.969999999999999,
            "gross_profit": 607627,
            "gross_margin": 41.43,
            "gross_margin_4q_avg": 39.52,
            "net_income": 348269,
            "net_income_4q": null,
            "revenue": 1466489,
            "revenue_4q": null,
            "common_shares": 1658401,
            "book_valuer_per_share": 49.38,
            "book_valuer_per_share_4q_avg": 48.71,
            "equity": 9195199,
            "current_ratio": 133.16,
            "debt_ratio": 45.16,
            "inventory_turnover_ratio": 0.63,
            "account_receivable_turnover_ratio": 2.53,
            "reinvestment_rate": 78.73,
            "research_to_sale_ratio": 0.16,
            "price_fair": 133.72,
            "eps_avg_yearly": 7.51,
            "eps_latest_yearly": 14.08,
            "eps_growth_yearly": 7.8
        },
        "20232": {
            "year_quarter": 20232,
            "year": 2023,
            "quarter": 2,
            "eps": 3.2,
            "eps_growth_year": 60.8,
            "eps_4q": 8.25,
            "eps_4q_growth_year": 5.35,
            "roe": 6.11,
            "roe_4q": 15.220000000000002,
            "gross_profit": 673382,
            "gross_margin": 40.45,
            "gross_margin_4q_avg": 38.77,
            "net_income": 581875,
            "net_income_4q": null,
            "revenue": 1664881,
            "revenue_4q": null,
            "common_shares": 1658401,
            "book_valuer_per_share": 53.32,
            "book_valuer_per_share_4q_avg": 50.34,
            "equity": 9839533,
            "current_ratio": 128.67,
            "debt_ratio": 43.51,
            "inventory_turnover_ratio": 0.73,
            "account_receivable_turnover_ratio": 1.44,
            "reinvestment_rate": 76.99,
            "research_to_sale_ratio": 0.15,
            "price_fair": 278.13,
            "eps_avg_yearly": 7.95,
            "eps_latest_yearly": 12.8,
            "eps_growth_yearly": 25.98
        },
        "20233": {
            "year_quarter": 20233,
            "year": 2023,
            "quarter": 3,
            "eps": 3.15,
            "eps_growth_year": -10.51,
            "eps_4q": 8.2,
            "eps_4q_growth_year": -15.25,
            "roe": 5.63,
            "roe_4q": 14.22,
            "gross_profit": 617764,
            "gross_margin": 41.62,
            "gross_margin_4q_avg": 37.86,
            "net_income": 571473,
            "net_income_4q": null,
            "revenue": 1484308,
            "revenue_4q": null,
            "common_shares": 1824241,
            "book_valuer_per_share": 51.86,
            "book_valuer_per_share_4q_avg": 50.7,
            "equity": 10455572,
            "current_ratio": 153.26,
            "debt_ratio": 36.85,
            "inventory_turnover_ratio": 0.61,
            "account_receivable_turnover_ratio": 0.96,
            "reinvestment_rate": 68.43,
            "research_to_sale_ratio": 0.18,
            "price_fair": 296.57,
            "eps_avg_yearly": 8.47,
            "eps_latest_yearly": 12.6,
            "eps_growth_yearly": 31.25
        }
    },
    "months": {
        "2003-05": {
            "month": "2003-05",
            "price": "21.56",
            "revenue": 55220
        },
        "2003-06": {
            "month": "2003-06",
            "price": "21.62",
            "revenue": 54007
        },
        "2003-07": {
            "month": "2003-07",
            "price": "23.72",
            "revenue": 61282
        },
        "2003-08": {
            "month": "2003-08",
            "price": "22.90",
            "revenue": 60561
        },
        "2003-09": {
            "month": "2003-09",
            "price": "24.00",
            "revenue": 62643
        },
        "2003-10": {
            "month": "2003-10",
            "price": "34.88",
            "revenue": 60479
        },
        "2003-11": {
            "month": "2003-11",
            "price": "45.94",
            "revenue": 60282
        },
        "2003-12": {
            "month": "2003-12",
            "price": "50.94",
            "revenue": 90048
        },
        "2004-01": {
            "month": "2004-01",
            "price": "60.97",
            "revenue": 117849
        },
        "2004-02": {
            "month": "2004-02",
            "price": "65.78",
            "revenue": 126785
        },
        "2004-03": {
            "month": "2004-03",
            "price": "62.11",
            "revenue": 181661
        },
        "2004-04": {
            "month": "2004-04",
            "price": "62.32",
            "revenue": 110360
        },
        "2004-05": {
            "month": "2004-05",
            "price": "57.02",
            "revenue": 83634
        },
        "2004-06": {
            "month": "2004-06",
            "price": "53.06",
            "revenue": 52996
        },
        "2004-07": {
            "month": "2004-07",
            "price": "41.27",
            "revenue": 60728
        },
        "2004-08": {
            "month": "2004-08",
            "price": "31.40",
            "revenue": 55599
        },
        "2004-09": {
            "month": "2004-09",
            "price": "33.47",
            "revenue": 55526
        },
        "2004-10": {
            "month": "2004-10",
            "price": "32.61",
            "revenue": 72152
        },
        "2004-11": {
            "month": "2004-11",
            "price": "32.18",
            "revenue": 74832
        },
        "2004-12": {
            "month": "2004-12",
            "price": "33.24",
            "revenue": 79472
        },
        "2005-01": {
            "month": "2005-01",
            "price": "32.98",
            "revenue": 100527
        },
        "2005-02": {
            "month": "2005-02",
            "price": "36.62",
            "revenue": 60919
        },
        "2005-03": {
            "month": "2005-03",
            "price": "40.78",
            "revenue": 95654
        },
        "2005-04": {
            "month": "2005-04",
            "price": "37.55",
            "revenue": 100408
        },
        "2005-05": {
            "month": "2005-05",
            "price": "34.57",
            "revenue": 90628
        },
        "2005-06": {
            "month": "2005-06",
            "price": "33.12",
            "revenue": 73722
        },
        "2005-07": {
            "month": "2005-07",
            "price": "33.07",
            "revenue": 77064
        },
        "2005-08": {
            "month": "2005-08",
            "price": "35.57",
            "revenue": 90788
        },
        "2005-09": {
            "month": "2005-09",
            "price": "37.05",
            "revenue": 99093
        },
        "2005-10": {
            "month": "2005-10",
            "price": "41.30",
            "revenue": 100749
        },
        "2005-11": {
            "month": "2005-11",
            "price": "40.89",
            "revenue": 101476
        },
        "2005-12": {
            "month": "2005-12",
            "price": "42.26",
            "revenue": 104323
        },
        "2006-01": {
            "month": "2006-01",
            "price": "39.61",
            "revenue": 107005
        },
        "2006-02": {
            "month": "2006-02",
            "price": "39.79",
            "revenue": 88018
        },
        "2006-03": {
            "month": "2006-03",
            "price": "41.96",
            "revenue": 131266
        },
        "2006-04": {
            "month": "2006-04",
            "price": "45.71",
            "revenue": 124703
        },
        "2006-05": {
            "month": "2006-05",
            "price": "50.68",
            "revenue": 127975
        },
        "2006-06": {
            "month": "2006-06",
            "price": "44.53",
            "revenue": 95082
        },
        "2006-07": {
            "month": "2006-07",
            "price": "38.61",
            "revenue": 91641
        },
        "2006-08": {
            "month": "2006-08",
            "price": "33.93",
            "revenue": 85995
        },
        "2006-09": {
            "month": "2006-09",
            "price": "34.80",
            "revenue": 65620
        },
        "2006-10": {
            "month": "2006-10",
            "price": "34.14",
            "revenue": 92465
        },
        "2006-11": {
            "month": "2006-11",
            "price": "36.19",
            "revenue": 118800
        },
        "2006-12": {
            "month": "2006-12",
            "price": "43.41",
            "revenue": 123005
        },
        "2007-01": {
            "month": "2007-01",
            "price": "51.47",
            "revenue": 155154
        },
        "2007-02": {
            "month": "2007-02",
            "price": "50.32",
            "revenue": 94951
        },
        "2007-03": {
            "month": "2007-03",
            "price": "51.11",
            "revenue": 168224
        },
        "2007-04": {
            "month": "2007-04",
            "price": "59.22",
            "revenue": 154246
        },
        "2007-05": {
            "month": "2007-05",
            "price": "57.45",
            "revenue": 135345
        },
        "2007-06": {
            "month": "2007-06",
            "price": "55.10",
            "revenue": 120323
        },
        "2007-07": {
            "month": "2007-07",
            "price": "53.85",
            "revenue": 120679
        },
        "2007-08": {
            "month": "2007-08",
            "price": "50.05",
            "revenue": 120389
        },
        "2007-09": {
            "month": "2007-09",
            "price": "46.20",
            "revenue": 113510
        },
        "2007-10": {
            "month": "2007-10",
            "price": "44.48",
            "revenue": 121592
        },
        "2007-11": {
            "month": "2007-11",
            "price": "39.80",
            "revenue": 120502
        },
        "2007-12": {
            "month": "2007-12",
            "price": "36.80",
            "revenue": 123930
        },
        "2008-01": {
            "month": "2008-01",
            "price": "36.33",
            "revenue": 130064
        },
        "2008-02": {
            "month": "2008-02",
            "price": "37.09",
            "revenue": 122232
        },
        "2008-03": {
            "month": "2008-03",
            "price": "39.12",
            "revenue": 132000
        },
        "2008-04": {
            "month": "2008-04",
            "price": "38.03",
            "revenue": 145263
        },
        "2008-05": {
            "month": "2008-05",
            "price": "35.52",
            "revenue": 148476
        },
        "2008-06": {
            "month": "2008-06",
            "price": "30.24",
            "revenue": 100844
        },
        "2008-07": {
            "month": "2008-07",
            "price": "22.82",
            "revenue": 125267
        },
        "2008-08": {
            "month": "2008-08",
            "price": "19.31",
            "revenue": 135244
        },
        "2008-09": {
            "month": "2008-09",
            "price": "17.46",
            "revenue": 131304
        },
        "2008-10": {
            "month": "2008-10",
            "price": "17.61",
            "revenue": 151577
        },
        "2008-11": {
            "month": "2008-11",
            "price": "13.05",
            "revenue": 54596
        },
        "2008-12": {
            "month": "2008-12",
            "price": "10.60",
            "revenue": 58836
        },
        "2009-01": {
            "month": "2009-01",
            "price": "10.83",
            "revenue": 56015
        },
        "2009-02": {
            "month": "2009-02",
            "price": "10.91",
            "revenue": 56361
        },
        "2009-03": {
            "month": "2009-03",
            "price": "12.71",
            "revenue": 58251
        },
        "2009-04": {
            "month": "2009-04",
            "price": "14.53",
            "revenue": 57428
        },
        "2009-05": {
            "month": "2009-05",
            "price": "15.66",
            "revenue": 60164
        },
        "2009-06": {
            "month": "2009-06",
            "price": "15.73",
            "revenue": 72618
        },
        "2009-07": {
            "month": "2009-07",
            "price": "15.92",
            "revenue": 72842
        },
        "2009-08": {
            "month": "2009-08",
            "price": "16.92",
            "revenue": 60416
        },
        "2009-09": {
            "month": "2009-09",
            "price": "16.28",
            "revenue": 60732
        },
        "2009-10": {
            "month": "2009-10",
            "price": "17.78",
            "revenue": 60628
        },
        "2009-11": {
            "month": "2009-11",
            "price": "19.00",
            "revenue": 60600
        },
        "2009-12": {
            "month": "2009-12",
            "price": "21.08",
            "revenue": 51411
        },
        "2010-01": {
            "month": "2010-01",
            "price": "24.41",
            "revenue": 70706
        },
        "2010-02": {
            "month": "2010-02",
            "price": "24.96",
            "revenue": 65016
        },
        "2010-03": {
            "month": "2010-03",
            "price": "28.63",
            "revenue": 94207
        },
        "2010-04": {
            "month": "2010-04",
            "price": "27.56",
            "revenue": 120477
        },
        "2010-05": {
            "month": "2010-05",
            "price": "25.79",
            "revenue": 123957
        },
        "2010-06": {
            "month": "2010-06",
            "price": "24.32",
            "revenue": 115258
        },
        "2010-07": {
            "month": "2010-07",
            "price": "26.68",
            "revenue": 128237
        },
        "2010-08": {
            "month": "2010-08",
            "price": "27.82",
            "revenue": 129195
        },
        "2010-09": {
            "month": "2010-09",
            "price": "27.29",
            "revenue": 135006
        },
        "2010-10": {
            "month": "2010-10",
            "price": "28.18",
            "revenue": 145265
        },
        "2010-11": {
            "month": "2010-11",
            "price": "27.18",
            "revenue": 155546
        },
        "2010-12": {
            "month": "2010-12",
            "price": "33.41",
            "revenue": 164521
        },
        "2011-01": {
            "month": "2011-01",
            "price": "35.34",
            "revenue": 175499
        },
        "2011-02": {
            "month": "2011-02",
            "price": "41.53",
            "revenue": 121637
        },
        "2011-03": {
            "month": "2011-03",
            "price": "56.70",
            "revenue": 225419
        },
        "2011-04": {
            "month": "2011-04",
            "price": "53.68",
            "revenue": 278021
        },
        "2011-05": {
            "month": "2011-05",
            "price": "52.50",
            "revenue": 280044
        },
        "2011-06": {
            "month": "2011-06",
            "price": "50.45",
            "revenue": 300257
        },
        "2011-07": {
            "month": "2011-07",
            "price": "61.91",
            "revenue": 240627
        },
        "2011-08": {
            "month": "2011-08",
            "price": "49.60",
            "revenue": 161425
        },
        "2011-09": {
            "month": "2011-09",
            "price": "41.08",
            "revenue": 157577
        },
        "2011-10": {
            "month": "2011-10",
            "price": "39.92",
            "revenue": 224649
        },
        "2011-11": {
            "month": "2011-11",
            "price": "43.27",
            "revenue": 237722
        },
        "2011-12": {
            "month": "2011-12",
            "price": "40.02",
            "revenue": 320040
        },
        "2012-01": {
            "month": "2012-01",
            "price": "46.90",
            "revenue": 213071
        },
        "2012-02": {
            "month": "2012-02",
            "price": "58.66",
            "revenue": 260710
        },
        "2012-03": {
            "month": "2012-03",
            "price": "60.52",
            "revenue": 320506
        },
        "2012-04": {
            "month": "2012-04",
            "price": "57.87",
            "revenue": 329068
        },
        "2012-05": {
            "month": "2012-05",
            "price": "60.52",
            "revenue": 375341
        },
        "2012-06": {
            "month": "2012-06",
            "price": "59.29",
            "revenue": 411814
        },
        "2012-07": {
            "month": "2012-07",
            "price": "56.70",
            "revenue": 301205
        },
        "2012-08": {
            "month": "2012-08",
            "price": "55.19",
            "revenue": 305862
        },
        "2012-09": {
            "month": "2012-09",
            "price": "56.28",
            "revenue": 235875
        },
        "2012-10": {
            "month": "2012-10",
            "price": "48.04",
            "revenue": 158951
        },
        "2012-11": {
            "month": "2012-11",
            "price": "45.87",
            "revenue": 200453
        },
        "2012-12": {
            "month": "2012-12",
            "price": "50.08",
            "revenue": 265165
        },
        "2013-01": {
            "month": "2013-01",
            "price": "53.27",
            "revenue": 319843
        },
        "2013-02": {
            "month": "2013-02",
            "price": "54.42",
            "revenue": 200193
        },
        "2013-03": {
            "month": "2013-03",
            "price": "58.07",
            "revenue": 400454
        },
        "2013-04": {
            "month": "2013-04",
            "price": "58.06",
            "revenue": 324846
        },
        "2013-05": {
            "month": "2013-05",
            "price": "54.69",
            "revenue": 296267
        },
        "2013-06": {
            "month": "2013-06",
            "price": "51.21",
            "revenue": 226005
        },
        "2013-07": {
            "month": "2013-07",
            "price": "52.84",
            "revenue": 220057
        },
        "2013-08": {
            "month": "2013-08",
            "price": "53.54",
            "revenue": 220771
        },
        "2013-09": {
            "month": "2013-09",
            "price": "50.01",
            "revenue": 233470
        },
        "2013-10": {
            "month": "2013-10",
            "price": "55.39",
            "revenue": 235460
        },
        "2013-11": {
            "month": "2013-11",
            "price": "55.92",
            "revenue": 251293
        },
        "2013-12": {
            "month": "2013-12",
            "price": "59.49",
            "revenue": 374690
        },
        "2014-01": {
            "month": "2014-01",
            "price": "63.65",
            "revenue": 321240
        },
        "2014-02": {
            "month": "2014-02",
            "price": "77.71",
            "revenue": 279319
        },
        "2014-03": {
            "month": "2014-03",
            "price": "87.78",
            "revenue": 326871
        },
        "2014-04": {
            "month": "2014-04",
            "price": "84.02",
            "revenue": 363242
        },
        "2014-05": {
            "month": "2014-05",
            "price": "86.57",
            "revenue": 363451
        },
        "2014-06": {
            "month": "2014-06",
            "price": "85.25",
            "revenue": 309029
        },
        "2014-07": {
            "month": "2014-07",
            "price": "79.22",
            "revenue": 281247
        },
        "2014-08": {
            "month": "2014-08",
            "price": "67.68",
            "revenue": 169667
        },
        "2014-09": {
            "month": "2014-09",
            "price": "69.45",
            "revenue": 234426
        },
        "2014-10": {
            "month": "2014-10",
            "price": "79.45",
            "revenue": 260607
        },
        "2014-11": {
            "month": "2014-11",
            "price": "74.88",
            "revenue": 321012
        },
        "2014-12": {
            "month": "2014-12",
            "price": "87.24",
            "revenue": 432878
        },
        "2015-01": {
            "month": "2015-01",
            "price": "89.78",
            "revenue": 476277
        },
        "2015-02": {
            "month": "2015-02",
            "price": "90.42",
            "revenue": 336135
        },
        "2015-03": {
            "month": "2015-03",
            "price": "101.32",
            "revenue": 512365
        },
        "2015-04": {
            "month": "2015-04",
            "price": "99.00",
            "revenue": 520102
        },
        "2015-05": {
            "month": "2015-05",
            "price": "93.60",
            "revenue": 445212
        },
        "2015-06": {
            "month": "2015-06",
            "price": "95.16",
            "revenue": 413095
        },
        "2015-07": {
            "month": "2015-07",
            "price": "86.57",
            "revenue": 401708
        },
        "2015-08": {
            "month": "2015-08",
            "price": "76.99",
            "revenue": 302562
        },
        "2015-09": {
            "month": "2015-09",
            "price": "87.57",
            "revenue": 320812
        },
        "2015-10": {
            "month": "2015-10",
            "price": "94.50",
            "revenue": 366423
        },
        "2015-11": {
            "month": "2015-11",
            "price": "93.36",
            "revenue": 320793
        },
        "2015-12": {
            "month": "2015-12",
            "price": "86.54",
            "revenue": 463556
        },
        "2016-01": {
            "month": "2016-01",
            "price": "84.91",
            "revenue": 482300
        },
        "2016-02": {
            "month": "2016-02",
            "price": "88.74",
            "revenue": 321304
        },
        "2016-03": {
            "month": "2016-03",
            "price": "92.38",
            "revenue": 424333
        },
        "2016-04": {
            "month": "2016-04",
            "price": "86.10",
            "revenue": 450104
        },
        "2016-05": {
            "month": "2016-05",
            "price": "87.70",
            "revenue": 403027
        },
        "2016-06": {
            "month": "2016-06",
            "price": "87.39",
            "revenue": 390624
        },
        "2016-07": {
            "month": "2016-07",
            "price": "78.18",
            "revenue": 361392
        },
        "2016-08": {
            "month": "2016-08",
            "price": "77.53",
            "revenue": 272676
        },
        "2016-09": {
            "month": "2016-09",
            "price": "80.76",
            "revenue": 355815
        },
        "2016-10": {
            "month": "2016-10",
            "price": "84.34",
            "revenue": 294292
        },
        "2016-11": {
            "month": "2016-11",
            "price": "80.90",
            "revenue": 304787
        },
        "2016-12": {
            "month": "2016-12",
            "price": "78.68",
            "revenue": 352502
        },
        "2017-01": {
            "month": "2017-01",
            "price": "77.90",
            "revenue": 352598
        },
        "2017-02": {
            "month": "2017-02",
            "price": "76.29",
            "revenue": 335036
        },
        "2017-03": {
            "month": "2017-03",
            "price": "76.02",
            "revenue": 456099
        },
        "2017-04": {
            "month": "2017-04",
            "price": "72.50",
            "revenue": 416351
        },
        "2017-05": {
            "month": "2017-05",
            "price": "67.42",
            "revenue": 360573
        },
        "2017-06": {
            "month": "2017-06",
            "price": "66.50",
            "revenue": 379317
        },
        "2017-07": {
            "month": "2017-07",
            "price": "66.85",
            "revenue": 386785
        },
        "2017-08": {
            "month": "2017-08",
            "price": "63.74",
            "revenue": 363528
        },
        "2017-09": {
            "month": "2017-09",
            "price": "67.09",
            "revenue": 355523
        },
        "2017-10": {
            "month": "2017-10",
            "price": "66.95",
            "revenue": 349105
        },
        "2017-11": {
            "month": "2017-11",
            "price": "62.46",
            "revenue": 380073
        },
        "2017-12": {
            "month": "2017-12",
            "price": "61.78",
            "revenue": 369418
        },
        "2018-01": {
            "month": "2018-01",
            "price": "63.85",
            "revenue": 390488
        },
        "2018-02": {
            "month": "2018-02",
            "price": "62.32",
            "revenue": 337578
        },
        "2018-03": {
            "month": "2018-03",
            "price": "63.29",
            "revenue": 435589
        },
        "2018-04": {
            "month": "2018-04",
            "price": "70.27",
            "revenue": 425891
        },
        "2018-05": {
            "month": "2018-05",
            "price": "78.79",
            "revenue": 451297
        },
        "2018-06": {
            "month": "2018-06",
            "price": "79.21",
            "revenue": 453116
        },
        "2018-07": {
            "month": "2018-07",
            "price": "86.20",
            "revenue": 426028
        },
        "2018-08": {
            "month": "2018-08",
            "price": "86.61",
            "revenue": 428211
        },
        "2018-09": {
            "month": "2018-09",
            "price": "76.67",
            "revenue": 364309
        },
        "2018-10": {
            "month": "2018-10",
            "price": "62.35",
            "revenue": 313537
        },
        "2018-11": {
            "month": "2018-11",
            "price": "62.31",
            "revenue": 323307
        },
        "2018-12": {
            "month": "2018-12",
            "price": "65.30",
            "revenue": 377986
        },
        "2019-01": {
            "month": "2019-01",
            "price": "69.79",
            "revenue": 470181
        },
        "2019-02": {
            "month": "2019-02",
            "price": "74.90",
            "revenue": 360935
        },
        "2019-03": {
            "month": "2019-03",
            "price": "74.60",
            "revenue": 441703
        },
        "2019-04": {
            "month": "2019-04",
            "price": "77.16",
            "revenue": 431148
        },
        "2019-05": {
            "month": "2019-05",
            "price": "75.78",
            "revenue": 460057
        },
        "2019-06": {
            "month": "2019-06",
            "price": "73.16",
            "revenue": 402028
        },
        "2019-07": {
            "month": "2019-07",
            "price": "70.88",
            "revenue": 367707
        },
        "2019-08": {
            "month": "2019-08",
            "price": "69.44",
            "revenue": 368028
        },
        "2019-09": {
            "month": "2019-09",
            "price": "68.61",
            "revenue": 320356
        },
        "2019-10": {
            "month": "2019-10",
            "price": "67.57",
            "revenue": 270033
        },
        "2019-11": {
            "month": "2019-11",
            "price": "68.20",
            "revenue": 220006
        },
        "2019-12": {
            "month": "2019-12",
            "price": "66.46",
            "revenue": 291280
        },
        "2020-01": {
            "month": "2020-01",
            "price": "64.79",
            "revenue": 272461
        },
        "2020-02": {
            "month": "2020-02",
            "price": "62.14",
            "revenue": 262828
        },
        "2020-03": {
            "month": "2020-03",
            "price": "54.86",
            "revenue": 270871
        },
        "2020-04": {
            "month": "2020-04",
            "price": "51.94",
            "revenue": 201698
        },
        "2020-05": {
            "month": "2020-05",
            "price": "53.59",
            "revenue": 112630
        },
        "2020-06": {
            "month": "2020-06",
            "price": "55.05",
            "revenue": 135154
        },
        "2020-07": {
            "month": "2020-07",
            "price": "53.02",
            "revenue": 222564
        },
        "2020-08": {
            "month": "2020-08",
            "price": "52.76",
            "revenue": 250682
        },
        "2020-09": {
            "month": "2020-09",
            "price": "52.14",
            "revenue": 338550
        },
        "2020-10": {
            "month": "2020-10",
            "price": "52.88",
            "revenue": 347647
        },
        "2020-11": {
            "month": "2020-11",
            "price": "58.18",
            "revenue": 306427
        },
        "2020-12": {
            "month": "2020-12",
            "price": "60.33",
            "revenue": 357333
        },
        "2021-01": {
            "month": "2021-01",
            "price": "59.94",
            "revenue": 369765
        },
        "2021-02": {
            "month": "2021-02",
            "price": "60.22",
            "revenue": 282045
        },
        "2021-03": {
            "month": "2021-03",
            "price": "64.63",
            "revenue": 430597
        },
        "2021-04": {
            "month": "2021-04",
            "price": "68.59",
            "revenue": 443411
        },
        "2021-05": {
            "month": "2021-05",
            "price": "66.04",
            "revenue": 450579
        },
        "2021-06": {
            "month": "2021-06",
            "price": "72.02",
            "revenue": 494942
        },
        "2021-07": {
            "month": "2021-07",
            "price": "75.10",
            "revenue": 512809
        },
        "2021-08": {
            "month": "2021-08",
            "price": "72.01",
            "revenue": 437104
        },
        "2021-09": {
            "month": "2021-09",
            "price": "67.82",
            "revenue": 465293
        },
        "2021-10": {
            "month": "2021-10",
            "price": "67.34",
            "revenue": 453633
        },
        "2021-11": {
            "month": "2021-11",
            "price": "68.77",
            "revenue": 539323
        },
        "2021-12": {
            "month": "2021-12",
            "price": "67.44",
            "revenue": 491605
        },
        "2022-01": {
            "month": "2022-01",
            "price": "67.54",
            "revenue": 523446
        },
        "2022-02": {
            "month": "2022-02",
            "price": "69.14",
            "revenue": 383750
        },
        "2022-03": {
            "month": "2022-03",
            "price": "67.73",
            "revenue": 537061
        },
        "2022-04": {
            "month": "2022-04",
            "price": "66.77",
            "revenue": 505375
        },
        "2022-05": {
            "month": "2022-05",
            "price": "66.38",
            "revenue": 603444
        },
        "2022-06": {
            "month": "2022-06",
            "price": "65.08",
            "revenue": 561259
        },
        "2022-07": {
            "month": "2022-07",
            "price": "63.21",
            "revenue": 558382
        },
        "2022-08": {
            "month": "2022-08",
            "price": "65.87",
            "revenue": 480536
        },
        "2022-09": {
            "month": "2022-09",
            "price": "63.41",
            "revenue": 493410
        },
        "2022-10": {
            "month": "2022-10",
            "price": "58.10",
            "revenue": 394065
        },
        "2022-11": {
            "month": "2022-11",
            "price": "60.76",
            "revenue": 345862
        },
        "2022-12": {
            "month": "2022-12",
            "price": "60.30",
            "revenue": 397865
        },
        "2023-01": {
            "month": "2023-01",
            "price": "60.26",
            "revenue": 350042
        },
        "2023-02": {
            "month": "2023-02",
            "price": "64.12",
            "revenue": 508653
        },
        "2023-03": {
            "month": "2023-03",
            "price": "66.84",
            "revenue": 620350
        },
        "2023-04": {
            "month": "2023-04",
            "price": "67.14",
            "revenue": 587010
        },
        "2023-05": {
            "month": "2023-05",
            "price": "69.49",
            "revenue": 593703
        },
        "2023-06": {
            "month": "2023-06",
            "price": "71.81",
            "revenue": 566706
        },
        "2023-07": {
            "month": "2023-07",
            "price": "69.44",
            "revenue": 600585
        },
        "2023-08": {
            "month": "2023-08",
            "price": "74.13",
            "revenue": 534707
        },
        "2023-09": {
            "month": "2023-09",
            "price": "74.06",
            "revenue": 430224
        },
        "2023-10": {
            "month": "2023-10",
            "price": "72.50",
            "revenue": 378884
        },
        "2023-11": {
            "month": "2023-11",
            "price": "74.29",
            "revenue": 280415
        }
    }
}
