{
    "summary": {
        "stock_name": "高力",
        "stock_id": "8996",
        "category": "電機機械",
        "main_business": "板式熱交換器<br>熱能產品",
        "website_url": "https://www.kaori.com.tw/",
        "ceo": "王心五",
        "pe_ratio": 43,
        "report_year_from": 2001,
        "report_year_to": 2023,
        "age": 23,
        "eps_negative_percentage": 5,
        "eps_growth_avg": {
            "last_all": 18.01,
            "last_2y": 70.6,
            "last_4y": 30.37,
            "last_8y": 24.39,
            "last_12y": 27.94,
            "last_16y": 14.78,
            "last_20y": null,
            "at_2006_last_3y": null,
            "at_2007_last_3y": null,
            "at_2008_last_3y": null,
            "at_2009_last_3y": -14.27,
            "at_2010_last_3y": -42.26,
            "at_2011_last_3y": -2.23,
            "at_2012_last_3y": 7.27,
            "at_2013_last_3y": 42.6,
            "at_2014_last_3y": 35.94,
            "at_2015_last_3y": 7.4,
            "at_2016_last_3y": 17.86,
            "at_2017_last_3y": -4.09,
            "at_2018_last_3y": 16.92,
            "at_2019_last_3y": 12.68,
            "at_2020_last_3y": -10.45,
            "at_2021_last_3y": 17.95,
            "at_2022_last_3y": 17.95,
            "at_2023_last_3y": 45.75,
            "at_2024_last_3y": 45.75,
            "at_2006_last_all": null,
            "at_2007_last_all": 24.8,
            "at_2008_last_all": 14.3,
            "at_2009_last_all": -14.27,
            "at_2010_last_all": -14.27,
            "at_2011_last_all": 8.58,
            "at_2012_last_all": 10.79,
            "at_2013_last_all": 10.1,
            "at_2014_last_all": 10.83,
            "at_2015_last_all": 8.05,
            "at_2016_last_all": 13.62,
            "at_2017_last_all": 4.94,
            "at_2018_last_all": 12.86,
            "at_2019_last_all": 9.48,
            "at_2020_last_all": 6.74,
            "at_2021_last_all": 8.41,
            "at_2022_last_all": 14.13,
            "at_2023_last_all": 18.01,
            "at_2024_last_all": 18.01
        },
        "latest_eps": 7.17,
        "latest_price": 308,
        "latest_roe": 29.05,
        "latest_gross_margin": 30.63,
        "latest_equity": 2449862,
        "latest_revenue": 1147815,
        "latest_gross_profit": 351568,
        "latest_net_income": 206136,
        "latest_debt_ratio": 52.59,
        "latest_current_ratio": 135.92,
        "latest_account_receivable_turnover_ratio": 1.04,
        "latest_inventory_turnover_ratio": 0.61,
        "latest_reinvestment_rate": 63.78,
        "latest_research_to_sale_ratio": 1.84
    },
    "eps_dividends": {
        "2001": {
            "cash": 0,
            "stock": 0,
            "eps": 0
        },
        "2002": {
            "cash": 0,
            "stock": 0,
            "eps": 0
        },
        "2003": {
            "cash": 0,
            "stock": 0,
            "eps": 0
        },
        "2004": {
            "cash": 0.2,
            "stock": 1,
            "eps": 0
        },
        "2005": {
            "cash": 1.1,
            "stock": 0.9,
            "eps": 1.32
        },
        "2006": {
            "cash": 1,
            "stock": 0,
            "eps": 2.24
        },
        "2007": {
            "cash": 1.5,
            "stock": 0,
            "eps": 1.79
        },
        "2008": {
            "cash": 1,
            "stock": 0.5,
            "eps": 1.67
        },
        "2009": {
            "cash": 0.44,
            "stock": 0.09,
            "eps": -1.76
        },
        "2010": {
            "cash": 0,
            "stock": 0,
            "eps": 0.65
        },
        "2011": {
            "cash": 1.5,
            "stock": 0.5,
            "eps": 1.65
        },
        "2012": {
            "cash": 0,
            "stock": 0,
            "eps": 2.01
        },
        "2013": {
            "cash": 1,
            "stock": 0.5,
            "eps": 2.13
        },
        "2014": {
            "cash": 1.2,
            "stock": 0.5,
            "eps": 2.47
        },
        "2015": {
            "cash": 1.2,
            "stock": 1,
            "eps": 2.12
        },
        "2016": {
            "cash": 1.5,
            "stock": 0,
            "eps": 3.47
        },
        "2017": {
            "cash": 3,
            "stock": 0,
            "eps": 0.63
        },
        "2018": {
            "cash": 1,
            "stock": 0,
            "eps": 2.57
        },
        "2019": {
            "cash": 2,
            "stock": 0,
            "eps": 1.77
        },
        "2020": {
            "cash": 2,
            "stock": 0,
            "eps": 1.26
        },
        "2021": {
            "cash": 1.7,
            "stock": 0,
            "eps": 1.66
        },
        "2022": {
            "cash": 1.5,
            "stock": 0,
            "eps": 3.36
        },
        "2023": {
            "cash": 1.5,
            "stock": 0,
            "eps": 6.05
        }
    },
    "dividends": {
        "2004-06-25": {
            "cash": 0.2,
            "stock": 1
        },
        "2005-04-01": {
            "cash": 1.1,
            "stock": 0.9
        },
        "2006-03-24": {
            "cash": 1,
            "stock": 0
        },
        "2007-03-30": {
            "cash": 1.5,
            "stock": 0
        },
        "2008-03-24": {
            "cash": 1,
            "stock": 0.5
        },
        "2009-03-27": {
            "cash": 0.44,
            "stock": 0.09
        },
        "2011-01-01": {
            "cash": 1,
            "stock": 0.5
        },
        "2011-03-30": {
            "cash": 0.5,
            "stock": 0
        },
        "2013-03-26": {
            "cash": 1,
            "stock": 0.5
        },
        "2014-09-03": {
            "cash": 1.2,
            "stock": 0.5
        },
        "2015-09-14": {
            "cash": 1.2,
            "stock": 1
        },
        "2016-09-09": {
            "cash": 1.5,
            "stock": 0
        },
        "2017-08-30": {
            "cash": 3,
            "stock": 0
        },
        "2018-08-20": {
            "cash": 1,
            "stock": 0
        },
        "2019-08-06": {
            "cash": 2,
            "stock": 0
        },
        "2020-08-18": {
            "cash": 2,
            "stock": 0
        },
        "2021-05-04": {
            "cash": 1.7,
            "stock": 0
        },
        "2022-07-25": {
            "cash": 1.5,
            "stock": 0
        },
        "2023-05-08": {
            "cash": 1.5,
            "stock": 0
        }
    },
    "prices": {
        "200101": "無",
        "200102": "無",
        "200103": "無",
        "200104": "無",
        "200105": "無",
        "200106": "無",
        "200107": "無",
        "200108": "無",
        "200109": "無",
        "200110": "無",
        "200111": "無",
        "200112": "無",
        "200201": "無",
        "200202": "無",
        "200203": "無",
        "200204": "無",
        "200205": "無",
        "200206": "無",
        "200207": "無",
        "200208": "無",
        "200209": "無",
        "200210": "無",
        "200211": "無",
        "200212": "無",
        "200301": "無",
        "200302": "無",
        "200303": "無",
        "200304": "無",
        "200305": "無",
        "200306": "無",
        "200307": "無",
        "200308": "無",
        "200309": "無",
        "200310": "無",
        "200311": "無",
        "200312": "無",
        "200401": "無",
        "200402": "無",
        "200403": "無",
        "200404": "無",
        "200405": "無",
        "200406": "無",
        "200407": "無",
        "200408": "無",
        "200409": "16.64",
        "200410": "12.22",
        "200411": "9.79",
        "200412": "9.82",
        "200501": "10.18",
        "200502": "11.45",
        "200503": "13.44",
        "200504": "12.93",
        "200505": "13.48",
        "200506": "13.54",
        "200507": "14.56",
        "200508": "14.56",
        "200509": "12.54",
        "200510": "11.80",
        "200511": "11.92",
        "200512": "12.97",
        "200601": "12.78",
        "200602": "14.10",
        "200603": "15.91",
        "200604": "15.19",
        "200605": "16.98",
        "200606": "17.50",
        "200607": "15.39",
        "200608": "14.81",
        "200609": "16.14",
        "200610": "17.44",
        "200611": "17.35",
        "200612": "17.30",
        "200701": "17.83",
        "200702": "18.01",
        "200703": "18.57",
        "200704": "22.90",
        "200705": "24.69",
        "200706": "25.98",
        "200707": "29.12",
        "200708": "25.71",
        "200709": "22.83",
        "200710": "20.95",
        "200711": "18.92",
        "200712": "19.14",
        "200801": "18.44",
        "200802": "18.17",
        "200803": "18.80",
        "200804": "20.33",
        "200805": "20.64",
        "200806": "19.43",
        "200807": "18.37",
        "200808": "18.50",
        "200809": "16.58",
        "200810": "15.96",
        "200811": "15.71",
        "200812": "15.46",
        "200901": "15.15",
        "200902": "16.31",
        "200903": "16.62",
        "200904": "20.45",
        "200905": "31.68",
        "200906": "39.81",
        "200907": "46.90",
        "200908": "44.26",
        "200909": "41.25",
        "200910": "39.64",
        "200911": "39.51",
        "200912": "45.00",
        "201001": "53.79",
        "201002": "52.10",
        "201003": "68.45",
        "201004": "68.80",
        "201005": "59.14",
        "201006": "64.15",
        "201007": "67.21",
        "201008": "61.56",
        "201009": "55.29",
        "201010": "50.99",
        "201011": "40.50",
        "201012": "41.76",
        "201101": "36.75",
        "201102": "36.72",
        "201103": "42.61",
        "201104": "39.00",
        "201105": "38.12",
        "201106": "40.20",
        "201107": "48.10",
        "201108": "41.28",
        "201109": "35.00",
        "201110": "35.13",
        "201111": "32.57",
        "201112": "27.10",
        "201201": "31.47",
        "201202": "38.57",
        "201203": "40.90",
        "201204": "36.93",
        "201205": "35.59",
        "201206": "33.55",
        "201207": "33.28",
        "201208": "31.33",
        "201209": "35.45",
        "201210": "37.20",
        "201211": "38.56",
        "201212": "37.17",
        "201301": "44.19",
        "201302": "54.75",
        "201303": "58.63",
        "201304": "60.16",
        "201305": "56.94",
        "201306": "58.12",
        "201307": "64.75",
        "201308": "74.87",
        "201309": "73.72",
        "201310": "62.67",
        "201311": "54.40",
        "201312": "60.19",
        "201401": "64.57",
        "201402": "72.63",
        "201403": "81.83",
        "201404": "78.15",
        "201405": "74.04",
        "201406": "77.10",
        "201407": "78.75",
        "201408": "74.58",
        "201409": "71.70",
        "201410": "65.81",
        "201411": "56.90",
        "201412": "55.49",
        "201501": "57.22",
        "201502": "59.57",
        "201503": "63.80",
        "201504": "62.53",
        "201505": "55.18",
        "201506": "49.98",
        "201507": "48.26",
        "201508": "36.37",
        "201509": "33.70",
        "201510": "40.96",
        "201511": "43.00",
        "201512": "40.86",
        "201601": "42.89",
        "201602": "49.74",
        "201603": "59.93",
        "201604": "58.56",
        "201605": "65.06",
        "201606": "65.34",
        "201607": "61.28",
        "201608": "59.82",
        "201609": "57.56",
        "201610": "58.69",
        "201611": "55.31",
        "201612": "56.43",
        "201701": "55.35",
        "201702": "55.26",
        "201703": "53.68",
        "201704": "49.18",
        "201705": "45.49",
        "201706": "45.13",
        "201707": "46.27",
        "201708": "38.84",
        "201709": "41.35",
        "201710": "42.85",
        "201711": "38.00",
        "201712": "38.01",
        "201801": "42.36",
        "201802": "41.58",
        "201803": "44.15",
        "201804": "45.38",
        "201805": "43.30",
        "201806": "46.97",
        "201807": "50.31",
        "201808": "49.95",
        "201809": "49.41",
        "201810": "38.93",
        "201811": "36.40",
        "201812": "37.65",
        "201901": "36.84",
        "201902": "41.87",
        "201903": "46.70",
        "201904": "46.16",
        "201905": "42.21",
        "201906": "43.36",
        "201907": "44.05",
        "201908": "40.79",
        "201909": "41.53",
        "201910": "40.31",
        "201911": "41.76",
        "201912": "47.46",
        "202001": "72.24",
        "202002": "74.63",
        "202003": "54.13",
        "202004": "60.78",
        "202005": "68.57",
        "202006": "67.38",
        "202007": "69.20",
        "202008": "61.58",
        "202009": "56.56",
        "202010": "49.97",
        "202011": "53.47",
        "202012": "53.25",
        "202101": "57.60",
        "202102": "53.15",
        "202103": "53.65",
        "202104": "54.44",
        "202105": "45.25",
        "202106": "45.83",
        "202107": "48.63",
        "202108": "47.67",
        "202109": "44.98",
        "202110": "44.61",
        "202111": "55.35",
        "202112": "60.90",
        "202201": "55.75",
        "202202": "51.82",
        "202203": "62.55",
        "202204": "57.53",
        "202205": "56.83",
        "202206": "67.07",
        "202207": "61.97",
        "202208": "87.00",
        "202209": "110.45",
        "202210": "118.15",
        "202211": "145.50",
        "202212": "171.48",
        "202301": "189.04",
        "202302": "228.83",
        "202303": "228.98",
        "202304": "221.41",
        "202305": "223.02",
        "202306": "300.98",
        "202307": "366.29",
        "202308": "311.27",
        "202309": "286.52",
        "202310": "254.58",
        "202311": "233.23",
        "202312": "231.88"
    },
    "quarters": {
        "20011": {
            "year_quarter": 20011,
            "year": 2001,
            "quarter": 1,
            "eps": null,
            "eps_growth_year": null,
            "eps_4q": null,
            "eps_4q_growth_year": null,
            "roe": null,
            "roe_4q": 0,
            "gross_profit": null,
            "gross_margin": null,
            "gross_margin_4q_avg": 0,
            "net_income": null,
            "net_income_4q": null,
            "revenue": null,
            "revenue_4q": null,
            "common_shares": null,
            "book_valuer_per_share": null,
            "book_valuer_per_share_4q_avg": 0,
            "equity": null,
            "current_ratio": null,
            "debt_ratio": null,
            "inventory_turnover_ratio": null,
            "account_receivable_turnover_ratio": null,
            "reinvestment_rate": null,
            "research_to_sale_ratio": null,
            "price_fair": 0,
            "eps_avg_yearly": 0,
            "eps_latest_yearly": 0,
            "eps_growth_yearly": 0
        },
        "20012": {
            "year_quarter": 20012,
            "year": 2001,
            "quarter": 2,
            "eps": null,
            "eps_growth_year": null,
            "eps_4q": null,
            "eps_4q_growth_year": null,
            "roe": null,
            "roe_4q": 0,
            "gross_profit": null,
            "gross_margin": null,
            "gross_margin_4q_avg": 0,
            "net_income": null,
            "net_income_4q": null,
            "revenue": null,
            "revenue_4q": null,
            "common_shares": null,
            "book_valuer_per_share": null,
            "book_valuer_per_share_4q_avg": 0,
            "equity": null,
            "current_ratio": null,
            "debt_ratio": null,
            "inventory_turnover_ratio": null,
            "account_receivable_turnover_ratio": null,
            "reinvestment_rate": null,
            "research_to_sale_ratio": null,
            "price_fair": 0,
            "eps_avg_yearly": 0,
            "eps_latest_yearly": 0,
            "eps_growth_yearly": 0
        },
        "20013": {
            "year_quarter": 20013,
            "year": 2001,
            "quarter": 3,
            "eps": null,
            "eps_growth_year": null,
            "eps_4q": null,
            "eps_4q_growth_year": null,
            "roe": null,
            "roe_4q": 0,
            "gross_profit": null,
            "gross_margin": null,
            "gross_margin_4q_avg": 0,
            "net_income": null,
            "net_income_4q": null,
            "revenue": null,
            "revenue_4q": null,
            "common_shares": null,
            "book_valuer_per_share": null,
            "book_valuer_per_share_4q_avg": 0,
            "equity": null,
            "current_ratio": null,
            "debt_ratio": null,
            "inventory_turnover_ratio": null,
            "account_receivable_turnover_ratio": null,
            "reinvestment_rate": null,
            "research_to_sale_ratio": null,
            "price_fair": 0,
            "eps_avg_yearly": 0,
            "eps_latest_yearly": 0,
            "eps_growth_yearly": 0
        },
        "20014": {
            "year_quarter": 20014,
            "year": 2001,
            "quarter": 4,
            "eps": null,
            "eps_growth_year": null,
            "eps_4q": null,
            "eps_4q_growth_year": null,
            "roe": null,
            "roe_4q": 0,
            "gross_profit": null,
            "gross_margin": null,
            "gross_margin_4q_avg": 0,
            "net_income": null,
            "net_income_4q": null,
            "revenue": null,
            "revenue_4q": null,
            "common_shares": 249000,
            "book_valuer_per_share": 13.71,
            "book_valuer_per_share_4q_avg": 3.43,
            "equity": 341489,
            "current_ratio": 228.65,
            "debt_ratio": 34.97,
            "inventory_turnover_ratio": null,
            "account_receivable_turnover_ratio": null,
            "reinvestment_rate": null,
            "research_to_sale_ratio": null,
            "price_fair": 0,
            "eps_avg_yearly": 0,
            "eps_latest_yearly": 0,
            "eps_growth_yearly": 0
        },
        "20021": {
            "year_quarter": 20021,
            "year": 2002,
            "quarter": 1,
            "eps": null,
            "eps_growth_year": null,
            "eps_4q": null,
            "eps_4q_growth_year": null,
            "roe": null,
            "roe_4q": 0,
            "gross_profit": null,
            "gross_margin": null,
            "gross_margin_4q_avg": 0,
            "net_income": null,
            "net_income_4q": null,
            "revenue": null,
            "revenue_4q": null,
            "common_shares": null,
            "book_valuer_per_share": null,
            "book_valuer_per_share_4q_avg": 3.43,
            "equity": null,
            "current_ratio": null,
            "debt_ratio": null,
            "inventory_turnover_ratio": null,
            "account_receivable_turnover_ratio": null,
            "reinvestment_rate": null,
            "research_to_sale_ratio": null,
            "price_fair": 0,
            "eps_avg_yearly": 0,
            "eps_latest_yearly": 0,
            "eps_growth_yearly": 0
        },
        "20022": {
            "year_quarter": 20022,
            "year": 2002,
            "quarter": 2,
            "eps": null,
            "eps_growth_year": null,
            "eps_4q": null,
            "eps_4q_growth_year": null,
            "roe": null,
            "roe_4q": 0,
            "gross_profit": null,
            "gross_margin": null,
            "gross_margin_4q_avg": 0,
            "net_income": null,
            "net_income_4q": null,
            "revenue": null,
            "revenue_4q": null,
            "common_shares": null,
            "book_valuer_per_share": null,
            "book_valuer_per_share_4q_avg": 3.43,
            "equity": null,
            "current_ratio": null,
            "debt_ratio": null,
            "inventory_turnover_ratio": null,
            "account_receivable_turnover_ratio": null,
            "reinvestment_rate": null,
            "research_to_sale_ratio": null,
            "price_fair": 0,
            "eps_avg_yearly": 0,
            "eps_latest_yearly": 0,
            "eps_growth_yearly": 0
        },
        "20023": {
            "year_quarter": 20023,
            "year": 2002,
            "quarter": 3,
            "eps": null,
            "eps_growth_year": null,
            "eps_4q": null,
            "eps_4q_growth_year": null,
            "roe": null,
            "roe_4q": 0,
            "gross_profit": null,
            "gross_margin": null,
            "gross_margin_4q_avg": 0,
            "net_income": null,
            "net_income_4q": null,
            "revenue": null,
            "revenue_4q": null,
            "common_shares": null,
            "book_valuer_per_share": null,
            "book_valuer_per_share_4q_avg": 3.43,
            "equity": null,
            "current_ratio": null,
            "debt_ratio": null,
            "inventory_turnover_ratio": null,
            "account_receivable_turnover_ratio": null,
            "reinvestment_rate": null,
            "research_to_sale_ratio": null,
            "price_fair": 0,
            "eps_avg_yearly": 0,
            "eps_latest_yearly": 0,
            "eps_growth_yearly": 0
        },
        "20024": {
            "year_quarter": 20024,
            "year": 2002,
            "quarter": 4,
            "eps": null,
            "eps_growth_year": null,
            "eps_4q": null,
            "eps_4q_growth_year": null,
            "roe": null,
            "roe_4q": 0,
            "gross_profit": null,
            "gross_margin": null,
            "gross_margin_4q_avg": 0,
            "net_income": null,
            "net_income_4q": null,
            "revenue": null,
            "revenue_4q": null,
            "common_shares": 261450,
            "book_valuer_per_share": 14.32,
            "book_valuer_per_share_4q_avg": 3.58,
            "equity": 374461,
            "current_ratio": 220.16,
            "debt_ratio": 37.63,
            "inventory_turnover_ratio": null,
            "account_receivable_turnover_ratio": null,
            "reinvestment_rate": null,
            "research_to_sale_ratio": null,
            "price_fair": 0,
            "eps_avg_yearly": 0,
            "eps_latest_yearly": 0,
            "eps_growth_yearly": 0
        },
        "20031": {
            "year_quarter": 20031,
            "year": 2003,
            "quarter": 1,
            "eps": null,
            "eps_growth_year": null,
            "eps_4q": null,
            "eps_4q_growth_year": null,
            "roe": null,
            "roe_4q": 0,
            "gross_profit": null,
            "gross_margin": null,
            "gross_margin_4q_avg": 0,
            "net_income": null,
            "net_income_4q": null,
            "revenue": null,
            "revenue_4q": null,
            "common_shares": null,
            "book_valuer_per_share": null,
            "book_valuer_per_share_4q_avg": 3.58,
            "equity": null,
            "current_ratio": null,
            "debt_ratio": null,
            "inventory_turnover_ratio": null,
            "account_receivable_turnover_ratio": null,
            "reinvestment_rate": null,
            "research_to_sale_ratio": null,
            "price_fair": 0,
            "eps_avg_yearly": 0,
            "eps_latest_yearly": 0,
            "eps_growth_yearly": 0
        },
        "20032": {
            "year_quarter": 20032,
            "year": 2003,
            "quarter": 2,
            "eps": null,
            "eps_growth_year": null,
            "eps_4q": null,
            "eps_4q_growth_year": null,
            "roe": null,
            "roe_4q": 0,
            "gross_profit": null,
            "gross_margin": null,
            "gross_margin_4q_avg": 0,
            "net_income": null,
            "net_income_4q": null,
            "revenue": null,
            "revenue_4q": null,
            "common_shares": null,
            "book_valuer_per_share": null,
            "book_valuer_per_share_4q_avg": 3.58,
            "equity": null,
            "current_ratio": null,
            "debt_ratio": null,
            "inventory_turnover_ratio": null,
            "account_receivable_turnover_ratio": null,
            "reinvestment_rate": null,
            "research_to_sale_ratio": null,
            "price_fair": 0,
            "eps_avg_yearly": 0,
            "eps_latest_yearly": 0,
            "eps_growth_yearly": 0
        },
        "20033": {
            "year_quarter": 20033,
            "year": 2003,
            "quarter": 3,
            "eps": null,
            "eps_growth_year": null,
            "eps_4q": null,
            "eps_4q_growth_year": null,
            "roe": null,
            "roe_4q": 0,
            "gross_profit": null,
            "gross_margin": null,
            "gross_margin_4q_avg": 0,
            "net_income": null,
            "net_income_4q": null,
            "revenue": null,
            "revenue_4q": null,
            "common_shares": null,
            "book_valuer_per_share": null,
            "book_valuer_per_share_4q_avg": 3.58,
            "equity": null,
            "current_ratio": null,
            "debt_ratio": null,
            "inventory_turnover_ratio": null,
            "account_receivable_turnover_ratio": null,
            "reinvestment_rate": null,
            "research_to_sale_ratio": null,
            "price_fair": 0,
            "eps_avg_yearly": 0,
            "eps_latest_yearly": 0,
            "eps_growth_yearly": 0
        },
        "20034": {
            "year_quarter": 20034,
            "year": 2003,
            "quarter": 4,
            "eps": null,
            "eps_growth_year": null,
            "eps_4q": null,
            "eps_4q_growth_year": null,
            "roe": null,
            "roe_4q": 0,
            "gross_profit": null,
            "gross_margin": null,
            "gross_margin_4q_avg": 0,
            "net_income": null,
            "net_income_4q": null,
            "revenue": null,
            "revenue_4q": null,
            "common_shares": 290000,
            "book_valuer_per_share": 14.26,
            "book_valuer_per_share_4q_avg": 3.57,
            "equity": 413464,
            "current_ratio": 179.31,
            "debt_ratio": 40.04,
            "inventory_turnover_ratio": null,
            "account_receivable_turnover_ratio": null,
            "reinvestment_rate": null,
            "research_to_sale_ratio": null,
            "price_fair": 0,
            "eps_avg_yearly": 0,
            "eps_latest_yearly": 0,
            "eps_growth_yearly": 0
        },
        "20041": {
            "year_quarter": 20041,
            "year": 2004,
            "quarter": 1,
            "eps": null,
            "eps_growth_year": null,
            "eps_4q": null,
            "eps_4q_growth_year": null,
            "roe": null,
            "roe_4q": 0,
            "gross_profit": null,
            "gross_margin": null,
            "gross_margin_4q_avg": 0,
            "net_income": null,
            "net_income_4q": null,
            "revenue": null,
            "revenue_4q": null,
            "common_shares": null,
            "book_valuer_per_share": null,
            "book_valuer_per_share_4q_avg": 3.57,
            "equity": null,
            "current_ratio": null,
            "debt_ratio": null,
            "inventory_turnover_ratio": null,
            "account_receivable_turnover_ratio": null,
            "reinvestment_rate": null,
            "research_to_sale_ratio": null,
            "price_fair": 0,
            "eps_avg_yearly": 0,
            "eps_latest_yearly": 0,
            "eps_growth_yearly": 0
        },
        "20042": {
            "year_quarter": 20042,
            "year": 2004,
            "quarter": 2,
            "eps": null,
            "eps_growth_year": null,
            "eps_4q": null,
            "eps_4q_growth_year": null,
            "roe": null,
            "roe_4q": 0,
            "gross_profit": null,
            "gross_margin": null,
            "gross_margin_4q_avg": 0,
            "net_income": null,
            "net_income_4q": null,
            "revenue": null,
            "revenue_4q": null,
            "common_shares": null,
            "book_valuer_per_share": null,
            "book_valuer_per_share_4q_avg": 3.57,
            "equity": null,
            "current_ratio": null,
            "debt_ratio": null,
            "inventory_turnover_ratio": null,
            "account_receivable_turnover_ratio": null,
            "reinvestment_rate": null,
            "research_to_sale_ratio": null,
            "price_fair": 0,
            "eps_avg_yearly": 0,
            "eps_latest_yearly": 0,
            "eps_growth_yearly": 0
        },
        "20043": {
            "year_quarter": 20043,
            "year": 2004,
            "quarter": 3,
            "eps": null,
            "eps_growth_year": null,
            "eps_4q": null,
            "eps_4q_growth_year": null,
            "roe": null,
            "roe_4q": 0,
            "gross_profit": null,
            "gross_margin": null,
            "gross_margin_4q_avg": 0,
            "net_income": null,
            "net_income_4q": null,
            "revenue": null,
            "revenue_4q": null,
            "common_shares": null,
            "book_valuer_per_share": null,
            "book_valuer_per_share_4q_avg": 3.57,
            "equity": null,
            "current_ratio": null,
            "debt_ratio": null,
            "inventory_turnover_ratio": null,
            "account_receivable_turnover_ratio": null,
            "reinvestment_rate": null,
            "research_to_sale_ratio": null,
            "price_fair": 0,
            "eps_avg_yearly": 0,
            "eps_latest_yearly": 0,
            "eps_growth_yearly": 0
        },
        "20044": {
            "year_quarter": 20044,
            "year": 2004,
            "quarter": 4,
            "eps": null,
            "eps_growth_year": null,
            "eps_4q": null,
            "eps_4q_growth_year": null,
            "roe": null,
            "roe_4q": 0,
            "gross_profit": null,
            "gross_margin": null,
            "gross_margin_4q_avg": 0,
            "net_income": null,
            "net_income_4q": null,
            "revenue": null,
            "revenue_4q": null,
            "common_shares": 319000,
            "book_valuer_per_share": 14.08,
            "book_valuer_per_share_4q_avg": 3.52,
            "equity": 449010,
            "current_ratio": 147.29,
            "debt_ratio": 44.89,
            "inventory_turnover_ratio": null,
            "account_receivable_turnover_ratio": null,
            "reinvestment_rate": null,
            "research_to_sale_ratio": null,
            "price_fair": 0,
            "eps_avg_yearly": 0,
            "eps_latest_yearly": 0,
            "eps_growth_yearly": 0
        },
        "20051": {
            "year_quarter": 20051,
            "year": 2005,
            "quarter": 1,
            "eps": 0.39,
            "eps_growth_year": null,
            "eps_4q": null,
            "eps_4q_growth_year": null,
            "roe": 2.72,
            "roe_4q": 2.72,
            "gross_profit": 40518,
            "gross_margin": 25.59,
            "gross_margin_4q_avg": 6.4,
            "net_income": 12372,
            "net_income_4q": null,
            "revenue": 158347,
            "revenue_4q": null,
            "common_shares": 319000,
            "book_valuer_per_share": 14.42,
            "book_valuer_per_share_4q_avg": 7.13,
            "equity": 460021,
            "current_ratio": 136.63,
            "debt_ratio": 43.03,
            "inventory_turnover_ratio": 1.08,
            "account_receivable_turnover_ratio": null,
            "reinvestment_rate": null,
            "research_to_sale_ratio": null,
            "price_fair": 0,
            "eps_avg_yearly": 0,
            "eps_latest_yearly": 0,
            "eps_growth_yearly": 0
        },
        "20052": {
            "year_quarter": 20052,
            "year": 2005,
            "quarter": 2,
            "eps": 0.41,
            "eps_growth_year": null,
            "eps_4q": null,
            "eps_4q_growth_year": null,
            "roe": 2.95,
            "roe_4q": 5.67,
            "gross_profit": 44382,
            "gross_margin": 26.27,
            "gross_margin_4q_avg": 12.97,
            "net_income": 13200,
            "net_income_4q": null,
            "revenue": 168972,
            "revenue_4q": null,
            "common_shares": 319000,
            "book_valuer_per_share": 13.65,
            "book_valuer_per_share_4q_avg": 10.54,
            "equity": 435347,
            "current_ratio": 115.46,
            "debt_ratio": 48.91,
            "inventory_turnover_ratio": 1.15,
            "account_receivable_turnover_ratio": null,
            "reinvestment_rate": null,
            "research_to_sale_ratio": null,
            "price_fair": 50.04,
            "eps_avg_yearly": 1.64,
            "eps_latest_yearly": 1.64,
            "eps_growth_yearly": 20.51
        },
        "20053": {
            "year_quarter": 20053,
            "year": 2005,
            "quarter": 3,
            "eps": 0.2,
            "eps_growth_year": null,
            "eps_4q": null,
            "eps_4q_growth_year": null,
            "roe": 1.59,
            "roe_4q": 7.26,
            "gross_profit": 43019,
            "gross_margin": 27.53,
            "gross_margin_4q_avg": 19.85,
            "net_income": 6980,
            "net_income_4q": null,
            "revenue": 156278,
            "revenue_4q": null,
            "common_shares": 347710,
            "book_valuer_per_share": 12.78,
            "book_valuer_per_share_4q_avg": 13.73,
            "equity": 444202,
            "current_ratio": 112.18,
            "debt_ratio": 49.89,
            "inventory_turnover_ratio": 0.87,
            "account_receivable_turnover_ratio": null,
            "reinvestment_rate": null,
            "research_to_sale_ratio": null,
            "price_fair": 3.66,
            "eps_avg_yearly": 1.22,
            "eps_latest_yearly": 0.8,
            "eps_growth_yearly": -92.18
        },
        "20054": {
            "year_quarter": 20054,
            "year": 2005,
            "quarter": 4,
            "eps": 0.32,
            "eps_growth_year": null,
            "eps_4q": 1.24,
            "eps_4q_growth_year": null,
            "roe": 2.49,
            "roe_4q": 9.75,
            "gross_profit": 44184,
            "gross_margin": 23.86,
            "gross_margin_4q_avg": 25.81,
            "net_income": 11286,
            "net_income_4q": null,
            "revenue": 185152,
            "revenue_4q": null,
            "common_shares": 347710,
            "book_valuer_per_share": 13.32,
            "book_valuer_per_share_4q_avg": 13.54,
            "equity": 463115,
            "current_ratio": 148.05,
            "debt_ratio": 48.47,
            "inventory_turnover_ratio": 0.89,
            "account_receivable_turnover_ratio": null,
            "reinvestment_rate": null,
            "research_to_sale_ratio": null,
            "price_fair": 35.4,
            "eps_avg_yearly": 1.24,
            "eps_latest_yearly": 1.28,
            "eps_growth_yearly": 18.54
        },
        "20061": {
            "year_quarter": 20061,
            "year": 2006,
            "quarter": 1,
            "eps": 0.84,
            "eps_growth_year": 115.38,
            "eps_4q": 1.75,
            "eps_4q_growth_year": null,
            "roe": 6.11,
            "roe_4q": 13.14,
            "gross_profit": 52691,
            "gross_margin": 29.53,
            "gross_margin_4q_avg": 26.8,
            "net_income": 29146,
            "net_income_4q": null,
            "revenue": 178422,
            "revenue_4q": null,
            "common_shares": 347710,
            "book_valuer_per_share": 14.13,
            "book_valuer_per_share_4q_avg": 13.47,
            "equity": 491480,
            "current_ratio": 129.12,
            "debt_ratio": 50.6,
            "inventory_turnover_ratio": 0.78,
            "account_receivable_turnover_ratio": null,
            "reinvestment_rate": null,
            "research_to_sale_ratio": null,
            "price_fair": 61.95,
            "eps_avg_yearly": 1.77,
            "eps_latest_yearly": 3.36,
            "eps_growth_yearly": 176.41
        },
        "20062": {
            "year_quarter": 20062,
            "year": 2006,
            "quarter": 2,
            "eps": 0.71,
            "eps_growth_year": 73.17,
            "eps_4q": 2.06,
            "eps_4q_growth_year": null,
            "roe": 4.9,
            "roe_4q": 15.090000000000002,
            "gross_profit": 62932,
            "gross_margin": 32.13,
            "gross_margin_4q_avg": 28.26,
            "net_income": 24870,
            "net_income_4q": null,
            "revenue": 195882,
            "revenue_4q": null,
            "common_shares": 390000,
            "book_valuer_per_share": 13.45,
            "book_valuer_per_share_4q_avg": 13.42,
            "equity": 524625,
            "current_ratio": 110.79,
            "debt_ratio": 50.88,
            "inventory_turnover_ratio": 0.91,
            "account_receivable_turnover_ratio": null,
            "reinvestment_rate": null,
            "research_to_sale_ratio": null,
            "price_fair": 69.44,
            "eps_avg_yearly": 1.98,
            "eps_latest_yearly": 2.84,
            "eps_growth_yearly": 128.75
        },
        "20063": {
            "year_quarter": 20063,
            "year": 2006,
            "quarter": 3,
            "eps": 0.41,
            "eps_growth_year": 105,
            "eps_4q": 2.19,
            "eps_4q_growth_year": null,
            "roe": 2.82,
            "roe_4q": 16.32,
            "gross_profit": 57372,
            "gross_margin": 29.04,
            "gross_margin_4q_avg": 28.64,
            "net_income": 15068,
            "net_income_4q": null,
            "revenue": 197540,
            "revenue_4q": null,
            "common_shares": 390000,
            "book_valuer_per_share": 13.97,
            "book_valuer_per_share_4q_avg": 13.72,
            "equity": 544812,
            "current_ratio": 134.52,
            "debt_ratio": 49.34,
            "inventory_turnover_ratio": 1,
            "account_receivable_turnover_ratio": null,
            "reinvestment_rate": null,
            "research_to_sale_ratio": null,
            "price_fair": 67.43,
            "eps_avg_yearly": 1.93,
            "eps_latest_yearly": 1.64,
            "eps_growth_yearly": 79.12
        },
        "20064": {
            "year_quarter": 20064,
            "year": 2006,
            "quarter": 4,
            "eps": 0.28,
            "eps_growth_year": -12.5,
            "eps_4q": 2.13,
            "eps_4q_growth_year": 71.05,
            "roe": 1.91,
            "roe_4q": 15.739999999999998,
            "gross_profit": 52090,
            "gross_margin": 26.56,
            "gross_margin_4q_avg": 29.32,
            "net_income": 10478,
            "net_income_4q": null,
            "revenue": 196098,
            "revenue_4q": null,
            "common_shares": 390000,
            "book_valuer_per_share": 14.23,
            "book_valuer_per_share_4q_avg": 13.95,
            "equity": 554847,
            "current_ratio": 164.55,
            "debt_ratio": 47.28,
            "inventory_turnover_ratio": 0.91,
            "account_receivable_turnover_ratio": null,
            "reinvestment_rate": null,
            "research_to_sale_ratio": null,
            "price_fair": 63.4,
            "eps_avg_yearly": 1.81,
            "eps_latest_yearly": 1.12,
            "eps_growth_yearly": 49.7
        },
        "20071": {
            "year_quarter": 20071,
            "year": 2007,
            "quarter": 1,
            "eps": 0.51,
            "eps_growth_year": -39.29,
            "eps_4q": 1.8,
            "eps_4q_growth_year": 3.16,
            "roe": 3.51,
            "roe_4q": 13.14,
            "gross_profit": 63481,
            "gross_margin": 31.05,
            "gross_margin_4q_avg": 29.7,
            "net_income": 19901,
            "net_income_4q": null,
            "revenue": 204439,
            "revenue_4q": null,
            "common_shares": 390000,
            "book_valuer_per_share": 14.84,
            "book_valuer_per_share_4q_avg": 14.12,
            "equity": 578718,
            "current_ratio": 133.99,
            "debt_ratio": 48.22,
            "inventory_turnover_ratio": 0.86,
            "account_receivable_turnover_ratio": null,
            "reinvestment_rate": null,
            "research_to_sale_ratio": null,
            "price_fair": 64.4,
            "eps_avg_yearly": 1.84,
            "eps_latest_yearly": 2.04,
            "eps_growth_yearly": 84.56
        },
        "20072": {
            "year_quarter": 20072,
            "year": 2007,
            "quarter": 2,
            "eps": 0.57,
            "eps_growth_year": -19.72,
            "eps_4q": 1.74,
            "eps_4q_growth_year": -15.79,
            "roe": 3.97,
            "roe_4q": 12.21,
            "gross_profit": 65405,
            "gross_margin": 27.81,
            "gross_margin_4q_avg": 28.62,
            "net_income": 22186,
            "net_income_4q": null,
            "revenue": 235198,
            "revenue_4q": null,
            "common_shares": 390000,
            "book_valuer_per_share": 13.81,
            "book_valuer_per_share_4q_avg": 14.21,
            "equity": 538779,
            "current_ratio": 97.71,
            "debt_ratio": 56.05,
            "inventory_turnover_ratio": 1.07,
            "account_receivable_turnover_ratio": null,
            "reinvestment_rate": null,
            "research_to_sale_ratio": null,
            "price_fair": 66.11,
            "eps_avg_yearly": 1.89,
            "eps_latest_yearly": 2.28,
            "eps_growth_yearly": 80.39
        },
        "20073": {
            "year_quarter": 20073,
            "year": 2007,
            "quarter": 3,
            "eps": 0.44,
            "eps_growth_year": 7.32,
            "eps_4q": 1.78,
            "eps_4q_growth_year": -18.69,
            "roe": 2.83,
            "roe_4q": 12.22,
            "gross_profit": 62303,
            "gross_margin": 27.65,
            "gross_margin_4q_avg": 28.27,
            "net_income": 17283,
            "net_income_4q": null,
            "revenue": 225356,
            "revenue_4q": null,
            "common_shares": 440000,
            "book_valuer_per_share": 15.51,
            "book_valuer_per_share_4q_avg": 14.6,
            "equity": 682440,
            "current_ratio": 126.64,
            "debt_ratio": 45.16,
            "inventory_turnover_ratio": 0.89,
            "account_receivable_turnover_ratio": null,
            "reinvestment_rate": null,
            "research_to_sale_ratio": null,
            "price_fair": 65.66,
            "eps_avg_yearly": 1.88,
            "eps_latest_yearly": 1.76,
            "eps_growth_yearly": 63.23
        },
        "20074": {
            "year_quarter": 20074,
            "year": 2007,
            "quarter": 4,
            "eps": 0.27,
            "eps_growth_year": -3.57,
            "eps_4q": 1.72,
            "eps_4q_growth_year": -19.27,
            "roe": 1.64,
            "roe_4q": 11.95,
            "gross_profit": 62508,
            "gross_margin": 27.81,
            "gross_margin_4q_avg": 28.58,
            "net_income": 11083,
            "net_income_4q": null,
            "revenue": 224800,
            "revenue_4q": null,
            "common_shares": 440000,
            "book_valuer_per_share": 15.27,
            "book_valuer_per_share_4q_avg": 14.86,
            "equity": 671664,
            "current_ratio": 137.65,
            "debt_ratio": 53.44,
            "inventory_turnover_ratio": 0.61,
            "account_receivable_turnover_ratio": null,
            "reinvestment_rate": null,
            "research_to_sale_ratio": null,
            "price_fair": 63.13,
            "eps_avg_yearly": 1.8,
            "eps_latest_yearly": 1.08,
            "eps_growth_yearly": 43.43
        },
        "20081": {
            "year_quarter": 20081,
            "year": 2008,
            "quarter": 1,
            "eps": 0.46,
            "eps_growth_year": -9.8,
            "eps_4q": 1.61,
            "eps_4q_growth_year": -10.55,
            "roe": 2.97,
            "roe_4q": 11.41,
            "gross_profit": 72494,
            "gross_margin": 28.64,
            "gross_margin_4q_avg": 27.98,
            "net_income": 20187,
            "net_income_4q": null,
            "revenue": 253108,
            "revenue_4q": null,
            "common_shares": 440000,
            "book_valuer_per_share": 15.63,
            "book_valuer_per_share_4q_avg": 15.06,
            "equity": 687784,
            "current_ratio": 166.83,
            "debt_ratio": 52.56,
            "inventory_turnover_ratio": 0.54,
            "account_receivable_turnover_ratio": null,
            "reinvestment_rate": null,
            "research_to_sale_ratio": null,
            "price_fair": 63.23,
            "eps_avg_yearly": 1.81,
            "eps_latest_yearly": 1.84,
            "eps_growth_yearly": 63.27
        },
        "20082": {
            "year_quarter": 20082,
            "year": 2008,
            "quarter": 2,
            "eps": 0.53,
            "eps_growth_year": -7.02,
            "eps_4q": 1.58,
            "eps_4q_growth_year": -9.11,
            "roe": 3.62,
            "roe_4q": 11.06,
            "gross_profit": 96379,
            "gross_margin": 29.72,
            "gross_margin_4q_avg": 28.46,
            "net_income": 24525,
            "net_income_4q": null,
            "revenue": 324335,
            "revenue_4q": null,
            "common_shares": 440000,
            "book_valuer_per_share": 15.17,
            "book_valuer_per_share_4q_avg": 15.4,
            "equity": 667409,
            "current_ratio": 140.22,
            "debt_ratio": 57.76,
            "inventory_turnover_ratio": 0.65,
            "account_receivable_turnover_ratio": null,
            "reinvestment_rate": null,
            "research_to_sale_ratio": null,
            "price_fair": 64.08,
            "eps_avg_yearly": 1.83,
            "eps_latest_yearly": 2.12,
            "eps_growth_yearly": 63.08
        },
        "20083": {
            "year_quarter": 20083,
            "year": 2008,
            "quarter": 3,
            "eps": 0.64,
            "eps_growth_year": 45.45,
            "eps_4q": 1.85,
            "eps_4q_growth_year": 4.17,
            "roe": 4.28,
            "roe_4q": 12.510000000000002,
            "gross_profit": 90682,
            "gross_margin": 27.8,
            "gross_margin_4q_avg": 28.49,
            "net_income": 29455,
            "net_income_4q": null,
            "revenue": 326157,
            "revenue_4q": null,
            "common_shares": 462000,
            "book_valuer_per_share": 15.33,
            "book_valuer_per_share_4q_avg": 15.35,
            "equity": 708099,
            "current_ratio": 131,
            "debt_ratio": 56.75,
            "inventory_turnover_ratio": 0.64,
            "account_receivable_turnover_ratio": null,
            "reinvestment_rate": null,
            "research_to_sale_ratio": null,
            "price_fair": 65.9,
            "eps_avg_yearly": 1.88,
            "eps_latest_yearly": 2.56,
            "eps_growth_yearly": 64.51
        },
        "20084": {
            "year_quarter": 20084,
            "year": 2008,
            "quarter": 4,
            "eps": 0.04,
            "eps_growth_year": -85.19,
            "eps_4q": 1.53,
            "eps_4q_growth_year": -10.64,
            "roe": 0.28,
            "roe_4q": 11.15,
            "gross_profit": 66794,
            "gross_margin": 23.91,
            "gross_margin_4q_avg": 27.52,
            "net_income": 1986,
            "net_income_4q": null,
            "revenue": 279375,
            "revenue_4q": null,
            "common_shares": 462000,
            "book_valuer_per_share": 15.42,
            "book_valuer_per_share_4q_avg": 15.39,
            "equity": 712617,
            "current_ratio": 125.16,
            "debt_ratio": 56.32,
            "inventory_turnover_ratio": 0.51,
            "account_receivable_turnover_ratio": 2.47,
            "reinvestment_rate": 157.49,
            "research_to_sale_ratio": null,
            "price_fair": 61.88,
            "eps_avg_yearly": 1.77,
            "eps_latest_yearly": 0.16,
            "eps_growth_yearly": 35.21
        },
        "20091": {
            "year_quarter": 20091,
            "year": 2009,
            "quarter": 1,
            "eps": 0.09,
            "eps_growth_year": -80.43,
            "eps_4q": 1.36,
            "eps_4q_growth_year": -15.45,
            "roe": 0.55,
            "roe_4q": 8.73,
            "gross_profit": 52806,
            "gross_margin": 23.68,
            "gross_margin_4q_avg": 26.28,
            "net_income": 3957,
            "net_income_4q": null,
            "revenue": 222973,
            "revenue_4q": null,
            "common_shares": 462000,
            "book_valuer_per_share": 15.6,
            "book_valuer_per_share_4q_avg": 15.38,
            "equity": 720843,
            "current_ratio": 149.94,
            "debt_ratio": 52.55,
            "inventory_turnover_ratio": 0.4,
            "account_receivable_turnover_ratio": 1.14,
            "reinvestment_rate": 186.29,
            "research_to_sale_ratio": null,
            "price_fair": 58.8,
            "eps_avg_yearly": 1.68,
            "eps_latest_yearly": 0.36,
            "eps_growth_yearly": 64.26
        },
        "20092": {
            "year_quarter": 20092,
            "year": 2009,
            "quarter": 2,
            "eps": -1.76,
            "eps_growth_year": -432.08,
            "eps_4q": -1.18,
            "eps_4q_growth_year": -174.41,
            "roe": -12.05,
            "roe_4q": -6.94,
            "gross_profit": 36913,
            "gross_margin": 17.53,
            "gross_margin_4q_avg": 23.23,
            "net_income": -89691,
            "net_income_4q": null,
            "revenue": 210599,
            "revenue_4q": null,
            "common_shares": 462000,
            "book_valuer_per_share": 16.61,
            "book_valuer_per_share_4q_avg": 15.74,
            "equity": 767238,
            "current_ratio": 113.66,
            "debt_ratio": 52.67,
            "inventory_turnover_ratio": 0.46,
            "account_receivable_turnover_ratio": 1.27,
            "reinvestment_rate": 320.4,
            "research_to_sale_ratio": null,
            "price_fair": 58.89,
            "eps_avg_yearly": 1.68,
            "eps_latest_yearly": 0.36,
            "eps_growth_yearly": 67.17
        },
        "20093": {
            "year_quarter": 20093,
            "year": 2009,
            "quarter": 3,
            "eps": -0.27,
            "eps_growth_year": -142.19,
            "eps_4q": -1.76,
            "eps_4q_growth_year": -194.82,
            "roe": -1.84,
            "roe_4q": -13.06,
            "gross_profit": 39819,
            "gross_margin": 18.91,
            "gross_margin_4q_avg": 21.01,
            "net_income": -14436,
            "net_income_4q": null,
            "revenue": 210588,
            "revenue_4q": null,
            "common_shares": 559045,
            "book_valuer_per_share": 14.33,
            "book_valuer_per_share_4q_avg": 15.49,
            "equity": 801375,
            "current_ratio": 109.96,
            "debt_ratio": 48.46,
            "inventory_turnover_ratio": 0.51,
            "account_receivable_turnover_ratio": 1.31,
            "reinvestment_rate": 359.58,
            "research_to_sale_ratio": null,
            "price_fair": 61.1,
            "eps_avg_yearly": 1.75,
            "eps_latest_yearly": 0.36,
            "eps_growth_yearly": 86.61
        },
        "20094": {
            "year_quarter": 20094,
            "year": 2009,
            "quarter": 4,
            "eps": 0.18,
            "eps_growth_year": 350,
            "eps_4q": -1.5,
            "eps_4q_growth_year": -197.82,
            "roe": 1.16,
            "roe_4q": -12.18,
            "gross_profit": 70505,
            "gross_margin": 26.08,
            "gross_margin_4q_avg": 21.55,
            "net_income": 9644,
            "net_income_4q": null,
            "revenue": 270338,
            "revenue_4q": null,
            "common_shares": 576212,
            "book_valuer_per_share": 14.86,
            "book_valuer_per_share_4q_avg": 15.35,
            "equity": 855993,
            "current_ratio": 113.04,
            "debt_ratio": 48.07,
            "inventory_turnover_ratio": 0.6,
            "account_receivable_turnover_ratio": 2.99,
            "reinvestment_rate": 451.04,
            "research_to_sale_ratio": null,
            "price_fair": 62.35,
            "eps_avg_yearly": 1.78,
            "eps_latest_yearly": 0.36,
            "eps_growth_yearly": 74.81
        },
        "20101": {
            "year_quarter": 20101,
            "year": 2010,
            "quarter": 1,
            "eps": 0.31,
            "eps_growth_year": 244.44,
            "eps_4q": -1.19,
            "eps_4q_growth_year": -187.06,
            "roe": 1.94,
            "roe_4q": -10.790000000000001,
            "gross_profit": 60710,
            "gross_margin": 24.52,
            "gross_margin_4q_avg": 21.76,
            "net_income": 18924,
            "net_income_4q": null,
            "revenue": 247633,
            "revenue_4q": null,
            "common_shares": 636823,
            "book_valuer_per_share": 17.19,
            "book_valuer_per_share_4q_avg": 15.75,
            "equity": 1094652,
            "current_ratio": 171.33,
            "debt_ratio": 39.84,
            "inventory_turnover_ratio": 0.5,
            "account_receivable_turnover_ratio": 1.31,
            "reinvestment_rate": 386.25,
            "research_to_sale_ratio": null,
            "price_fair": 56.65,
            "eps_avg_yearly": 1.62,
            "eps_latest_yearly": 1.24,
            "eps_growth_yearly": 47.03
        },
        "20102": {
            "year_quarter": 20102,
            "year": 2010,
            "quarter": 2,
            "eps": 0.06,
            "eps_growth_year": null,
            "eps_4q": 0.27,
            "eps_4q_growth_year": null,
            "roe": 0.36,
            "roe_4q": 1.6199999999999999,
            "gross_profit": 65752,
            "gross_margin": 21.59,
            "gross_margin_4q_avg": 22.78,
            "net_income": 4163,
            "net_income_4q": null,
            "revenue": 304611,
            "revenue_4q": null,
            "common_shares": 635324,
            "book_valuer_per_share": 19.08,
            "book_valuer_per_share_4q_avg": 16.37,
            "equity": 1212080,
            "current_ratio": 153.33,
            "debt_ratio": 35.92,
            "inventory_turnover_ratio": 0.6,
            "account_receivable_turnover_ratio": 1.37,
            "reinvestment_rate": 668.17,
            "research_to_sale_ratio": null,
            "price_fair": 49.65,
            "eps_avg_yearly": 1.42,
            "eps_latest_yearly": 0.24,
            "eps_growth_yearly": 26.98
        },
        "20103": {
            "year_quarter": 20103,
            "year": 2010,
            "quarter": 3,
            "eps": 0.3,
            "eps_growth_year": null,
            "eps_4q": 0.79,
            "eps_4q_growth_year": null,
            "roe": 1.63,
            "roe_4q": 5.09,
            "gross_profit": 87451,
            "gross_margin": 25.03,
            "gross_margin_4q_avg": 24.31,
            "net_income": 19928,
            "net_income_4q": null,
            "revenue": 349377,
            "revenue_4q": null,
            "common_shares": 665658,
            "book_valuer_per_share": 18.47,
            "book_valuer_per_share_4q_avg": 17.4,
            "equity": 1229557,
            "current_ratio": 163.19,
            "debt_ratio": 33.94,
            "inventory_turnover_ratio": 0.67,
            "account_receivable_turnover_ratio": 1.31,
            "reinvestment_rate": 627.58,
            "research_to_sale_ratio": null,
            "price_fair": 48.46,
            "eps_avg_yearly": 1.38,
            "eps_latest_yearly": 1.2,
            "eps_growth_yearly": 163.05
        },
        "20104": {
            "year_quarter": 20104,
            "year": 2010,
            "quarter": 4,
            "eps": -0.02,
            "eps_growth_year": -110.94,
            "eps_4q": 0.63,
            "eps_4q_growth_year": null,
            "roe": -0.11,
            "roe_4q": 3.82,
            "gross_profit": 69281,
            "gross_margin": 20.8,
            "gross_margin_4q_avg": 22.99,
            "net_income": -1311,
            "net_income_4q": null,
            "revenue": 333044,
            "revenue_4q": null,
            "common_shares": 665659,
            "book_valuer_per_share": 18.29,
            "book_valuer_per_share_4q_avg": 18.26,
            "equity": 1217250,
            "current_ratio": 178.88,
            "debt_ratio": 38.02,
            "inventory_turnover_ratio": 0.72,
            "account_receivable_turnover_ratio": 1.16,
            "reinvestment_rate": 562.7,
            "research_to_sale_ratio": null,
            "price_fair": 49.23,
            "eps_avg_yearly": 1.41,
            "eps_latest_yearly": 1.2,
            "eps_growth_yearly": 187.21
        },
        "20111": {
            "year_quarter": 20111,
            "year": 2011,
            "quarter": 1,
            "eps": 0.03,
            "eps_growth_year": -90.32,
            "eps_4q": 0.38,
            "eps_4q_growth_year": null,
            "roe": 0.18,
            "roe_4q": 2.06,
            "gross_profit": 55486,
            "gross_margin": 19.99,
            "gross_margin_4q_avg": 21.85,
            "net_income": 2235,
            "net_income_4q": null,
            "revenue": 277565,
            "revenue_4q": null,
            "common_shares": 665659,
            "book_valuer_per_share": 18.36,
            "book_valuer_per_share_4q_avg": 18.55,
            "equity": 1222299,
            "current_ratio": 232.67,
            "debt_ratio": 32.93,
            "inventory_turnover_ratio": 0.61,
            "account_receivable_turnover_ratio": 1.12,
            "reinvestment_rate": 753.23,
            "research_to_sale_ratio": null,
            "price_fair": 47.22,
            "eps_avg_yearly": 1.35,
            "eps_latest_yearly": 1.2,
            "eps_growth_yearly": 174.36
        },
        "20112": {
            "year_quarter": 20112,
            "year": 2011,
            "quarter": 2,
            "eps": 0.48,
            "eps_growth_year": 673.98,
            "eps_4q": 0.8,
            "eps_4q_growth_year": 190.1,
            "roe": 2.64,
            "roe_4q": 4.34,
            "gross_profit": 102157,
            "gross_margin": 27.77,
            "gross_margin_4q_avg": 23.4,
            "net_income": 32221,
            "net_income_4q": null,
            "revenue": 367901,
            "revenue_4q": null,
            "common_shares": 665659,
            "book_valuer_per_share": 18.32,
            "book_valuer_per_share_4q_avg": 18.36,
            "equity": 1219425,
            "current_ratio": 190.66,
            "debt_ratio": 38.1,
            "inventory_turnover_ratio": 0.73,
            "account_receivable_turnover_ratio": 1.45,
            "reinvestment_rate": 663.72,
            "research_to_sale_ratio": null,
            "price_fair": 46.07,
            "eps_avg_yearly": 1.32,
            "eps_latest_yearly": 1.92,
            "eps_growth_yearly": 715.54
        },
        "20113": {
            "year_quarter": 20113,
            "year": 2011,
            "quarter": 3,
            "eps": 0.73,
            "eps_growth_year": 144.41,
            "eps_4q": 1.23,
            "eps_4q_growth_year": 55.44,
            "roe": 3.9,
            "roe_4q": 6.609999999999999,
            "gross_profit": 132189,
            "gross_margin": 28.34,
            "gross_margin_4q_avg": 24.23,
            "net_income": 48707,
            "net_income_4q": null,
            "revenue": 466516,
            "revenue_4q": null,
            "common_shares": 665658,
            "book_valuer_per_share": 19.25,
            "book_valuer_per_share_4q_avg": 18.56,
            "equity": 1281543,
            "current_ratio": 170.24,
            "debt_ratio": 40.07,
            "inventory_turnover_ratio": 0.95,
            "account_receivable_turnover_ratio": 1.28,
            "reinvestment_rate": 573.87,
            "research_to_sale_ratio": null,
            "price_fair": 49.76,
            "eps_avg_yearly": 1.42,
            "eps_latest_yearly": 2.92,
            "eps_growth_yearly": 742.77
        },
        "20114": {
            "year_quarter": 20114,
            "year": 2011,
            "quarter": 4,
            "eps": 0.41,
            "eps_growth_year": null,
            "eps_4q": 1.66,
            "eps_4q_growth_year": 165.61,
            "roe": 2.13,
            "roe_4q": 8.85,
            "gross_profit": 110414,
            "gross_margin": 23.45,
            "gross_margin_4q_avg": 24.89,
            "net_income": 27607,
            "net_income_4q": null,
            "revenue": 470910,
            "revenue_4q": null,
            "common_shares": 665659,
            "book_valuer_per_share": 19.67,
            "book_valuer_per_share_4q_avg": 18.9,
            "equity": 1309463,
            "current_ratio": 177.32,
            "debt_ratio": 38.7,
            "inventory_turnover_ratio": 1.05,
            "account_receivable_turnover_ratio": 1,
            "reinvestment_rate": 339.91,
            "research_to_sale_ratio": null,
            "price_fair": 51.55,
            "eps_avg_yearly": 1.47,
            "eps_latest_yearly": 1.64,
            "eps_growth_yearly": 740.88
        },
        "20121": {
            "year_quarter": 20121,
            "year": 2012,
            "quarter": 1,
            "eps": 0.39,
            "eps_growth_year": 1200,
            "eps_4q": 2.02,
            "eps_4q_growth_year": 438.14,
            "roe": 1.98,
            "roe_4q": 10.65,
            "gross_profit": 101941,
            "gross_margin": 27.15,
            "gross_margin_4q_avg": 26.68,
            "net_income": 26080,
            "net_income_4q": null,
            "revenue": 375504,
            "revenue_4q": null,
            "common_shares": 665659,
            "book_valuer_per_share": 19.99,
            "book_valuer_per_share_4q_avg": 19.31,
            "equity": 1330611,
            "current_ratio": 147.22,
            "debt_ratio": 39.42,
            "inventory_turnover_ratio": 0.75,
            "account_receivable_turnover_ratio": 0.74,
            "reinvestment_rate": 331.98,
            "research_to_sale_ratio": null,
            "price_fair": 50.65,
            "eps_avg_yearly": 1.45,
            "eps_latest_yearly": 1.56,
            "eps_growth_yearly": 713.52
        },
        "20122": {
            "year_quarter": 20122,
            "year": 2012,
            "quarter": 2,
            "eps": 0.44,
            "eps_growth_year": -9.48,
            "eps_4q": 1.9,
            "eps_4q_growth_year": 138.7,
            "roe": 2.33,
            "roe_4q": 10.34,
            "gross_profit": 111473,
            "gross_margin": 25.51,
            "gross_margin_4q_avg": 26.11,
            "net_income": 30625,
            "net_income_4q": null,
            "revenue": 436998,
            "revenue_4q": null,
            "common_shares": 665659,
            "book_valuer_per_share": 19.46,
            "book_valuer_per_share_4q_avg": 19.59,
            "equity": 1295177,
            "current_ratio": 135.43,
            "debt_ratio": 42.94,
            "inventory_turnover_ratio": 0.76,
            "account_receivable_turnover_ratio": 0.89,
            "reinvestment_rate": 309.84,
            "research_to_sale_ratio": null,
            "price_fair": 49.51,
            "eps_avg_yearly": 1.41,
            "eps_latest_yearly": 1.76,
            "eps_growth_yearly": 712.64
        },
        "20123": {
            "year_quarter": 20123,
            "year": 2012,
            "quarter": 3,
            "eps": 0.81,
            "eps_growth_year": 10.79,
            "eps_4q": 2.02,
            "eps_4q_growth_year": 64.03,
            "roe": 4.28,
            "roe_4q": 10.719999999999999,
            "gross_profit": 133996,
            "gross_margin": 26.15,
            "gross_margin_4q_avg": 25.57,
            "net_income": 56661,
            "net_income_4q": null,
            "revenue": 512498,
            "revenue_4q": null,
            "common_shares": 698942,
            "book_valuer_per_share": 19.32,
            "book_valuer_per_share_4q_avg": 19.61,
            "equity": 1350155,
            "current_ratio": 148.63,
            "debt_ratio": 39.16,
            "inventory_turnover_ratio": 0.82,
            "account_receivable_turnover_ratio": 1.13,
            "reinvestment_rate": 230.5,
            "research_to_sale_ratio": null,
            "price_fair": 51.67,
            "eps_avg_yearly": 1.48,
            "eps_latest_yearly": 3.24,
            "eps_growth_yearly": 735.68
        },
        "20124": {
            "year_quarter": 20124,
            "year": 2012,
            "quarter": 4,
            "eps": 0.37,
            "eps_growth_year": -11.81,
            "eps_4q": 1.99,
            "eps_4q_growth_year": 19.45,
            "roe": 1.88,
            "roe_4q": 10.47,
            "gross_profit": 109029,
            "gross_margin": 21.55,
            "gross_margin_4q_avg": 25.09,
            "net_income": 25564,
            "net_income_4q": null,
            "revenue": 505833,
            "revenue_4q": null,
            "common_shares": 698942,
            "book_valuer_per_share": 19.68,
            "book_valuer_per_share_4q_avg": 19.61,
            "equity": 1375737,
            "current_ratio": 145.88,
            "debt_ratio": 40.95,
            "inventory_turnover_ratio": 0.83,
            "account_receivable_turnover_ratio": 1.07,
            "reinvestment_rate": 190.8,
            "research_to_sale_ratio": null,
            "price_fair": 55.87,
            "eps_avg_yearly": 1.6,
            "eps_latest_yearly": 1.48,
            "eps_growth_yearly": 750.01
        },
        "20131": {
            "year_quarter": 20131,
            "year": 2013,
            "quarter": 1,
            "eps": 0.66,
            "eps_growth_year": 69.23,
            "eps_4q": 2.27,
            "eps_4q_growth_year": 12.31,
            "roe": 3.29,
            "roe_4q": 11.78,
            "gross_profit": 132594,
            "gross_margin": 23.41,
            "gross_margin_4q_avg": 24.16,
            "net_income": 45897,
            "net_income_4q": null,
            "revenue": 566434,
            "revenue_4q": null,
            "common_shares": 698942,
            "book_valuer_per_share": 20.22,
            "book_valuer_per_share_4q_avg": 19.67,
            "equity": 1413274,
            "current_ratio": 159.85,
            "debt_ratio": 42.31,
            "inventory_turnover_ratio": 0.87,
            "account_receivable_turnover_ratio": 1.01,
            "reinvestment_rate": 73.64,
            "research_to_sale_ratio": 2.75,
            "price_fair": 63.13,
            "eps_avg_yearly": 1.8,
            "eps_latest_yearly": 2.64,
            "eps_growth_yearly": 733.06
        },
        "20132": {
            "year_quarter": 20132,
            "year": 2013,
            "quarter": 2,
            "eps": 0.66,
            "eps_growth_year": 50.63,
            "eps_4q": 2.41,
            "eps_4q_growth_year": 26.47,
            "roe": 3.46,
            "roe_4q": 12.91,
            "gross_profit": 137132,
            "gross_margin": 23.01,
            "gross_margin_4q_avg": 23.53,
            "net_income": 48524,
            "net_income_4q": null,
            "revenue": 595928,
            "revenue_4q": null,
            "common_shares": 733889,
            "book_valuer_per_share": 19.01,
            "book_valuer_per_share_4q_avg": 19.56,
            "equity": 1395118,
            "current_ratio": 150.66,
            "debt_ratio": 42.84,
            "inventory_turnover_ratio": 0.85,
            "account_receivable_turnover_ratio": 1.1,
            "reinvestment_rate": 39.94,
            "research_to_sale_ratio": 3.06,
            "price_fair": 65.57,
            "eps_avg_yearly": 1.87,
            "eps_latest_yearly": 2.64,
            "eps_growth_yearly": 671.97
        },
        "20133": {
            "year_quarter": 20133,
            "year": 2013,
            "quarter": 3,
            "eps": 0.51,
            "eps_growth_year": -37.09,
            "eps_4q": 2.04,
            "eps_4q_growth_year": 0.95,
            "roe": 2.48,
            "roe_4q": 11.11,
            "gross_profit": 129098,
            "gross_margin": 20.7,
            "gross_margin_4q_avg": 22.17,
            "net_income": 37584,
            "net_income_4q": null,
            "revenue": 623669,
            "revenue_4q": null,
            "common_shares": 773889,
            "book_valuer_per_share": 21.21,
            "book_valuer_per_share_4q_avg": 20.03,
            "equity": 1641647,
            "current_ratio": 187.69,
            "debt_ratio": 40.44,
            "inventory_turnover_ratio": 0.79,
            "account_receivable_turnover_ratio": 1.21,
            "reinvestment_rate": 36.43,
            "research_to_sale_ratio": 3.39,
            "price_fair": 66.02,
            "eps_avg_yearly": 1.89,
            "eps_latest_yearly": 2.04,
            "eps_growth_yearly": 613.29
        },
        "20134": {
            "year_quarter": 20134,
            "year": 2013,
            "quarter": 4,
            "eps": 0.3,
            "eps_growth_year": -17.2,
            "eps_4q": 2.01,
            "eps_4q_growth_year": 1.05,
            "roe": 1.42,
            "roe_4q": 10.649999999999999,
            "gross_profit": 113194,
            "gross_margin": 21.05,
            "gross_margin_4q_avg": 22.04,
            "net_income": 23437,
            "net_income_4q": null,
            "revenue": 537820,
            "revenue_4q": null,
            "common_shares": 773889,
            "book_valuer_per_share": 21.58,
            "book_valuer_per_share_4q_avg": 20.51,
            "equity": 1669732,
            "current_ratio": 220.52,
            "debt_ratio": 34.4,
            "inventory_turnover_ratio": 0.63,
            "account_receivable_turnover_ratio": 1.13,
            "reinvestment_rate": -10.47,
            "research_to_sale_ratio": 3.77,
            "price_fair": 64.3,
            "eps_avg_yearly": 1.84,
            "eps_latest_yearly": 1.2,
            "eps_growth_yearly": 557.72
        },
        "20141": {
            "year_quarter": 20141,
            "year": 2014,
            "quarter": 1,
            "eps": 0.64,
            "eps_growth_year": -3.03,
            "eps_4q": 2.05,
            "eps_4q_growth_year": -9.63,
            "roe": 2.91,
            "roe_4q": 10.27,
            "gross_profit": 140890,
            "gross_margin": 25.45,
            "gross_margin_4q_avg": 22.55,
            "net_income": 49295,
            "net_income_4q": null,
            "revenue": 553507,
            "revenue_4q": null,
            "common_shares": 773889,
            "book_valuer_per_share": 22.21,
            "book_valuer_per_share_4q_avg": 21,
            "equity": 1718799,
            "current_ratio": 275.06,
            "debt_ratio": 31.23,
            "inventory_turnover_ratio": 0.69,
            "account_receivable_turnover_ratio": 1.2,
            "reinvestment_rate": 12.7,
            "research_to_sale_ratio": 3.62,
            "price_fair": 67.6,
            "eps_avg_yearly": 1.93,
            "eps_latest_yearly": 2.56,
            "eps_growth_yearly": 569.46
        },
        "20142": {
            "year_quarter": 20142,
            "year": 2014,
            "quarter": 2,
            "eps": 0.93,
            "eps_growth_year": 40.91,
            "eps_4q": 2.29,
            "eps_4q_growth_year": -4.77,
            "roe": 4.44,
            "roe_4q": 11.25,
            "gross_profit": 177815,
            "gross_margin": 27.72,
            "gross_margin_4q_avg": 23.73,
            "net_income": 75933,
            "net_income_4q": null,
            "revenue": 641353,
            "revenue_4q": null,
            "common_shares": 773889,
            "book_valuer_per_share": 21.94,
            "book_valuer_per_share_4q_avg": 21.74,
            "equity": 1697900,
            "current_ratio": 210.31,
            "debt_ratio": 37.4,
            "inventory_turnover_ratio": 0.86,
            "account_receivable_turnover_ratio": 1.24,
            "reinvestment_rate": -23.59,
            "research_to_sale_ratio": 3.96,
            "price_fair": 76.3,
            "eps_avg_yearly": 2.18,
            "eps_latest_yearly": 3.72,
            "eps_growth_yearly": 605.45
        },
        "20143": {
            "year_quarter": 20143,
            "year": 2014,
            "quarter": 3,
            "eps": 0.54,
            "eps_growth_year": 5.88,
            "eps_4q": 2.37,
            "eps_4q_growth_year": 16.47,
            "roe": 2.56,
            "roe_4q": 11.33,
            "gross_profit": 146793,
            "gross_margin": 23.76,
            "gross_margin_4q_avg": 24.5,
            "net_income": 44038,
            "net_income_4q": null,
            "revenue": 617924,
            "revenue_4q": null,
            "common_shares": 812583,
            "book_valuer_per_share": 21.51,
            "book_valuer_per_share_4q_avg": 21.81,
            "equity": 1747494,
            "current_ratio": 192.88,
            "debt_ratio": 38.73,
            "inventory_turnover_ratio": 0.85,
            "account_receivable_turnover_ratio": 1.01,
            "reinvestment_rate": -21.81,
            "research_to_sale_ratio": 3.7,
            "price_fair": 78.7,
            "eps_avg_yearly": 2.25,
            "eps_latest_yearly": 2.16,
            "eps_growth_yearly": 479.18
        },
        "20144": {
            "year_quarter": 20144,
            "year": 2014,
            "quarter": 4,
            "eps": 0.36,
            "eps_growth_year": 20.3,
            "eps_4q": 2.45,
            "eps_4q_growth_year": 21.85,
            "roe": 1.68,
            "roe_4q": 11.59,
            "gross_profit": 110405,
            "gross_margin": 21.15,
            "gross_margin_4q_avg": 24.52,
            "net_income": 29604,
            "net_income_4q": null,
            "revenue": 521897,
            "revenue_4q": null,
            "common_shares": 812583,
            "book_valuer_per_share": 21.89,
            "book_valuer_per_share_4q_avg": 21.89,
            "equity": 1779138,
            "current_ratio": 197.35,
            "debt_ratio": 37.87,
            "inventory_turnover_ratio": 0.71,
            "account_receivable_turnover_ratio": 0.9,
            "reinvestment_rate": 4.18,
            "research_to_sale_ratio": 5.65,
            "price_fair": 76.81,
            "eps_avg_yearly": 2.19,
            "eps_latest_yearly": 1.44,
            "eps_growth_yearly": 438.35
        },
        "20151": {
            "year_quarter": 20151,
            "year": 2015,
            "quarter": 1,
            "eps": 0.44,
            "eps_growth_year": -31.25,
            "eps_4q": 2.28,
            "eps_4q_growth_year": 10.9,
            "roe": 1.97,
            "roe_4q": 10.65,
            "gross_profit": 139026,
            "gross_margin": 25.22,
            "gross_margin_4q_avg": 24.46,
            "net_income": 35391,
            "net_income_4q": null,
            "revenue": 551191,
            "revenue_4q": null,
            "common_shares": 812583,
            "book_valuer_per_share": 22.3,
            "book_valuer_per_share_4q_avg": 21.91,
            "equity": 1812300,
            "current_ratio": 230.14,
            "debt_ratio": 36.63,
            "inventory_turnover_ratio": 0.73,
            "account_receivable_turnover_ratio": 1.16,
            "reinvestment_rate": 1.99,
            "research_to_sale_ratio": 3.65,
            "price_fair": 75.86,
            "eps_avg_yearly": 2.17,
            "eps_latest_yearly": 1.76,
            "eps_growth_yearly": 416.51
        },
        "20152": {
            "year_quarter": 20152,
            "year": 2015,
            "quarter": 2,
            "eps": 0.17,
            "eps_growth_year": -81.72,
            "eps_4q": 1.39,
            "eps_4q_growth_year": -39.49,
            "roe": 0.84,
            "roe_4q": 7.050000000000001,
            "gross_profit": 114077,
            "gross_margin": 23.25,
            "gross_margin_4q_avg": 23.35,
            "net_income": 14941,
            "net_income_4q": null,
            "revenue": 490690,
            "revenue_4q": null,
            "common_shares": 812583,
            "book_valuer_per_share": 21.25,
            "book_valuer_per_share_4q_avg": 21.74,
            "equity": 1726625,
            "current_ratio": 179.96,
            "debt_ratio": 43.35,
            "inventory_turnover_ratio": 0.66,
            "account_receivable_turnover_ratio": 0.85,
            "reinvestment_rate": -1.37,
            "research_to_sale_ratio": 4.07,
            "price_fair": 73.15,
            "eps_avg_yearly": 2.09,
            "eps_latest_yearly": 0.68,
            "eps_growth_yearly": 26.17
        },
        "20153": {
            "year_quarter": 20153,
            "year": 2015,
            "quarter": 3,
            "eps": 0.31,
            "eps_growth_year": -42.59,
            "eps_4q": 1.21,
            "eps_4q_growth_year": -49.1,
            "roe": 1.6,
            "roe_4q": 6.09,
            "gross_profit": 136987,
            "gross_margin": 25.37,
            "gross_margin_4q_avg": 23.75,
            "net_income": 27963,
            "net_income_4q": null,
            "revenue": 539950,
            "revenue_4q": null,
            "common_shares": 893841,
            "book_valuer_per_share": 19.69,
            "book_valuer_per_share_4q_avg": 21.28,
            "equity": 1759537,
            "current_ratio": 169.74,
            "debt_ratio": 44.7,
            "inventory_turnover_ratio": 0.64,
            "account_receivable_turnover_ratio": 0.67,
            "reinvestment_rate": -20.78,
            "research_to_sale_ratio": 3.72,
            "price_fair": 69.48,
            "eps_avg_yearly": 1.99,
            "eps_latest_yearly": 1.24,
            "eps_growth_yearly": 33.73
        },
        "20154": {
            "year_quarter": 20154,
            "year": 2015,
            "quarter": 4,
            "eps": 1.2,
            "eps_growth_year": 228.81,
            "eps_4q": 2.07,
            "eps_4q_growth_year": -15.26,
            "roe": 5.93,
            "roe_4q": 10.34,
            "gross_profit": 149424,
            "gross_margin": 25.06,
            "gross_margin_4q_avg": 24.73,
            "net_income": 107076,
            "net_income_4q": null,
            "revenue": 596193,
            "revenue_4q": null,
            "common_shares": 893841,
            "book_valuer_per_share": 20.72,
            "book_valuer_per_share_4q_avg": 20.99,
            "equity": 1851716,
            "current_ratio": 207.23,
            "debt_ratio": 44.48,
            "inventory_turnover_ratio": 0.69,
            "account_receivable_turnover_ratio": 0.83,
            "reinvestment_rate": -5.89,
            "research_to_sale_ratio": 3.52,
            "price_fair": 76.39,
            "eps_avg_yearly": 2.18,
            "eps_latest_yearly": 4.8,
            "eps_growth_yearly": 116.47
        },
        "20161": {
            "year_quarter": 20161,
            "year": 2016,
            "quarter": 1,
            "eps": 0.83,
            "eps_growth_year": 88.64,
            "eps_4q": 2.51,
            "eps_4q_growth_year": 10.27,
            "roe": 3.94,
            "roe_4q": 12.309999999999999,
            "gross_profit": 184750,
            "gross_margin": 29.58,
            "gross_margin_4q_avg": 25.82,
            "net_income": 74383,
            "net_income_4q": null,
            "revenue": 624510,
            "revenue_4q": null,
            "common_shares": 893841,
            "book_valuer_per_share": 21.54,
            "book_valuer_per_share_4q_avg": 20.8,
            "equity": 1924963,
            "current_ratio": 242.22,
            "debt_ratio": 41.68,
            "inventory_turnover_ratio": 0.67,
            "account_receivable_turnover_ratio": 1.37,
            "reinvestment_rate": -2.01,
            "research_to_sale_ratio": 3.14,
            "price_fair": 80.24,
            "eps_avg_yearly": 2.29,
            "eps_latest_yearly": 3.32,
            "eps_growth_yearly": 109.98
        },
        "20162": {
            "year_quarter": 20162,
            "year": 2016,
            "quarter": 2,
            "eps": 1.12,
            "eps_growth_year": 558.82,
            "eps_4q": 3.47,
            "eps_4q_growth_year": 149.98,
            "roe": 5.27,
            "roe_4q": 16.74,
            "gross_profit": 218022,
            "gross_margin": 30.25,
            "gross_margin_4q_avg": 27.57,
            "net_income": 100491,
            "net_income_4q": null,
            "revenue": 720833,
            "revenue_4q": null,
            "common_shares": 893841,
            "book_valuer_per_share": 21.09,
            "book_valuer_per_share_4q_avg": 20.76,
            "equity": 1885180,
            "current_ratio": 193.22,
            "debt_ratio": 47.38,
            "inventory_turnover_ratio": 0.73,
            "account_receivable_turnover_ratio": 1.21,
            "reinvestment_rate": 5.82,
            "research_to_sale_ratio": 3,
            "price_fair": 86.19,
            "eps_avg_yearly": 2.46,
            "eps_latest_yearly": 4.48,
            "eps_growth_yearly": 115.51
        },
        "20163": {
            "year_quarter": 20163,
            "year": 2016,
            "quarter": 3,
            "eps": 0.7,
            "eps_growth_year": 125.81,
            "eps_4q": 3.86,
            "eps_4q_growth_year": 219.63,
            "roe": 3.29,
            "roe_4q": 18.43,
            "gross_profit": 191825,
            "gross_margin": 29,
            "gross_margin_4q_avg": 28.47,
            "net_income": 62930,
            "net_income_4q": null,
            "revenue": 661366,
            "revenue_4q": null,
            "common_shares": 893841,
            "book_valuer_per_share": 21.72,
            "book_valuer_per_share_4q_avg": 21.27,
            "equity": 1941141,
            "current_ratio": 171.94,
            "debt_ratio": 49.47,
            "inventory_turnover_ratio": 0.67,
            "account_receivable_turnover_ratio": 0.96,
            "reinvestment_rate": 10.36,
            "research_to_sale_ratio": 2.63,
            "price_fair": 85.23,
            "eps_avg_yearly": 2.44,
            "eps_latest_yearly": 2.8,
            "eps_growth_yearly": 85.11
        },
        "20164": {
            "year_quarter": 20164,
            "year": 2016,
            "quarter": 4,
            "eps": 0.82,
            "eps_growth_year": -31.24,
            "eps_4q": 3.48,
            "eps_4q_growth_year": 68,
            "roe": 3.73,
            "roe_4q": 16.23,
            "gross_profit": 149747,
            "gross_margin": 21.38,
            "gross_margin_4q_avg": 27.55,
            "net_income": 73626,
            "net_income_4q": null,
            "revenue": 700547,
            "revenue_4q": null,
            "common_shares": 893841,
            "book_valuer_per_share": 22.45,
            "book_valuer_per_share_4q_avg": 21.7,
            "equity": 2007050,
            "current_ratio": 269.86,
            "debt_ratio": 37.78,
            "inventory_turnover_ratio": 0.88,
            "account_receivable_turnover_ratio": 1.12,
            "reinvestment_rate": 6.09,
            "research_to_sale_ratio": 2.96,
            "price_fair": 89.16,
            "eps_avg_yearly": 2.55,
            "eps_latest_yearly": 3.28,
            "eps_growth_yearly": 102.98
        },
        "20171": {
            "year_quarter": 20171,
            "year": 2017,
            "quarter": 1,
            "eps": 0.04,
            "eps_growth_year": -95.18,
            "eps_4q": 2.69,
            "eps_4q_growth_year": 7.26,
            "roe": 0.18,
            "roe_4q": 12.469999999999999,
            "gross_profit": 133278,
            "gross_margin": 28.37,
            "gross_margin_4q_avg": 27.25,
            "net_income": 3599,
            "net_income_4q": null,
            "revenue": 469863,
            "revenue_4q": null,
            "common_shares": 893841,
            "book_valuer_per_share": 22.38,
            "book_valuer_per_share_4q_avg": 21.91,
            "equity": 2000623,
            "current_ratio": 218.4,
            "debt_ratio": 40.53,
            "inventory_turnover_ratio": 0.61,
            "account_receivable_turnover_ratio": 0.81,
            "reinvestment_rate": 39.78,
            "research_to_sale_ratio": 3.32,
            "price_fair": 83.74,
            "eps_avg_yearly": 2.39,
            "eps_latest_yearly": 0.16,
            "eps_growth_yearly": 59.6
        },
        "20172": {
            "year_quarter": 20172,
            "year": 2017,
            "quarter": 2,
            "eps": 0.17,
            "eps_growth_year": -84.82,
            "eps_4q": 1.74,
            "eps_4q_growth_year": -49.85,
            "roe": 0.81,
            "roe_4q": 8.01,
            "gross_profit": 103644,
            "gross_margin": 25.35,
            "gross_margin_4q_avg": 26.03,
            "net_income": 15273,
            "net_income_4q": null,
            "revenue": 408906,
            "revenue_4q": null,
            "common_shares": 893841,
            "book_valuer_per_share": 19.59,
            "book_valuer_per_share_4q_avg": 21.54,
            "equity": 1751125,
            "current_ratio": 159.92,
            "debt_ratio": 49.85,
            "inventory_turnover_ratio": 0.56,
            "account_receivable_turnover_ratio": 0.85,
            "reinvestment_rate": 47.22,
            "research_to_sale_ratio": 4.21,
            "price_fair": 79.45,
            "eps_avg_yearly": 2.27,
            "eps_latest_yearly": 0.68,
            "eps_growth_yearly": 140.85
        },
        "20173": {
            "year_quarter": 20173,
            "year": 2017,
            "quarter": 3,
            "eps": 0.21,
            "eps_growth_year": -70,
            "eps_4q": 1.25,
            "eps_4q_growth_year": -67.7,
            "roe": 1.07,
            "roe_4q": 5.79,
            "gross_profit": 110740,
            "gross_margin": 26.94,
            "gross_margin_4q_avg": 25.51,
            "net_income": 18895,
            "net_income_4q": null,
            "revenue": 411014,
            "revenue_4q": null,
            "common_shares": 893841,
            "book_valuer_per_share": 19.83,
            "book_valuer_per_share_4q_avg": 21.06,
            "equity": 1772674,
            "current_ratio": 147.18,
            "debt_ratio": 51.16,
            "inventory_turnover_ratio": 0.56,
            "account_receivable_turnover_ratio": 1.1,
            "reinvestment_rate": 44.2,
            "research_to_sale_ratio": 3.07,
            "price_fair": 76.83,
            "eps_avg_yearly": 2.2,
            "eps_latest_yearly": 0.84,
            "eps_growth_yearly": 152.42
        },
        "20174": {
            "year_quarter": 20174,
            "year": 2017,
            "quarter": 4,
            "eps": 0.21,
            "eps_growth_year": -75.05,
            "eps_4q": 0.63,
            "eps_4q_growth_year": -81.97,
            "roe": 1.03,
            "roe_4q": 3.0900000000000003,
            "gross_profit": 144377,
            "gross_margin": 29.49,
            "gross_margin_4q_avg": 27.54,
            "net_income": 18371,
            "net_income_4q": null,
            "revenue": 489535,
            "revenue_4q": null,
            "common_shares": 893841,
            "book_valuer_per_share": 20.02,
            "book_valuer_per_share_4q_avg": 20.46,
            "equity": 1789345,
            "current_ratio": 148.27,
            "debt_ratio": 50.14,
            "inventory_turnover_ratio": 0.71,
            "account_receivable_turnover_ratio": 1.37,
            "reinvestment_rate": 53.23,
            "research_to_sale_ratio": 3.77,
            "price_fair": 76.04,
            "eps_avg_yearly": 2.17,
            "eps_latest_yearly": 0.84,
            "eps_growth_yearly": 162.71
        },
        "20181": {
            "year_quarter": 20181,
            "year": 2018,
            "quarter": 1,
            "eps": 0.05,
            "eps_growth_year": 25,
            "eps_4q": 0.63,
            "eps_4q_growth_year": -76.42,
            "roe": 0.23,
            "roe_4q": 3.14,
            "gross_profit": 112346,
            "gross_margin": 29.06,
            "gross_margin_4q_avg": 27.71,
            "net_income": 4216,
            "net_income_4q": null,
            "revenue": 386614,
            "revenue_4q": null,
            "common_shares": 893841,
            "book_valuer_per_share": 20.18,
            "book_valuer_per_share_4q_avg": 19.91,
            "equity": 1804075,
            "current_ratio": 144.91,
            "debt_ratio": 50.6,
            "inventory_turnover_ratio": 0.61,
            "account_receivable_turnover_ratio": 1.17,
            "reinvestment_rate": 38.89,
            "research_to_sale_ratio": 4.3,
            "price_fair": 70.88,
            "eps_avg_yearly": 2.03,
            "eps_latest_yearly": 0.2,
            "eps_growth_yearly": 115.33
        },
        "20182": {
            "year_quarter": 20182,
            "year": 2018,
            "quarter": 2,
            "eps": 1.54,
            "eps_growth_year": 805.88,
            "eps_4q": 2.01,
            "eps_4q_growth_year": 15.41,
            "roe": 7.54,
            "roe_4q": 9.870000000000001,
            "gross_profit": 163973,
            "gross_margin": 31.65,
            "gross_margin_4q_avg": 29.29,
            "net_income": 137894,
            "net_income_4q": null,
            "revenue": 518021,
            "revenue_4q": null,
            "common_shares": 893841,
            "book_valuer_per_share": 20.75,
            "book_valuer_per_share_4q_avg": 20.2,
            "equity": 1854328,
            "current_ratio": 157.56,
            "debt_ratio": 46.22,
            "inventory_turnover_ratio": 0.72,
            "account_receivable_turnover_ratio": 1.77,
            "reinvestment_rate": 23.73,
            "research_to_sale_ratio": 3.85,
            "price_fair": 76.21,
            "eps_avg_yearly": 2.18,
            "eps_latest_yearly": 6.16,
            "eps_growth_yearly": 849
        },
        "20183": {
            "year_quarter": 20183,
            "year": 2018,
            "quarter": 3,
            "eps": 0.74,
            "eps_growth_year": 252.38,
            "eps_4q": 2.53,
            "eps_4q_growth_year": 103.41,
            "roe": 3.52,
            "roe_4q": 12.32,
            "gross_profit": 169409,
            "gross_margin": 30.65,
            "gross_margin_4q_avg": 30.21,
            "net_income": 66104,
            "net_income_4q": null,
            "revenue": 552733,
            "revenue_4q": null,
            "common_shares": 893841,
            "book_valuer_per_share": 21.33,
            "book_valuer_per_share_4q_avg": 20.57,
            "equity": 1906861,
            "current_ratio": 179.15,
            "debt_ratio": 39.6,
            "inventory_turnover_ratio": 0.72,
            "account_receivable_turnover_ratio": 1.59,
            "reinvestment_rate": 21.59,
            "research_to_sale_ratio": 3.47,
            "price_fair": 77.96,
            "eps_avg_yearly": 2.23,
            "eps_latest_yearly": 2.96,
            "eps_growth_yearly": 846.5
        },
        "20184": {
            "year_quarter": 20184,
            "year": 2018,
            "quarter": 4,
            "eps": 0.24,
            "eps_growth_year": 17.14,
            "eps_4q": 2.57,
            "eps_4q_growth_year": 309.23,
            "roe": 1.15,
            "roe_4q": 12.440000000000001,
            "gross_profit": 121217,
            "gross_margin": 25.56,
            "gross_margin_4q_avg": 29.23,
            "net_income": 21520,
            "net_income_4q": null,
            "revenue": 474218,
            "revenue_4q": null,
            "common_shares": 893841,
            "book_valuer_per_share": 20.69,
            "book_valuer_per_share_4q_avg": 20.74,
            "equity": 1849595,
            "current_ratio": 223.56,
            "debt_ratio": 32.77,
            "inventory_turnover_ratio": 0.65,
            "account_receivable_turnover_ratio": 1.53,
            "reinvestment_rate": 4.25,
            "research_to_sale_ratio": 6.73,
            "price_fair": 76.91,
            "eps_avg_yearly": 2.2,
            "eps_latest_yearly": 0.96,
            "eps_growth_yearly": 837.94
        },
        "20191": {
            "year_quarter": 20191,
            "year": 2019,
            "quarter": 1,
            "eps": 0.57,
            "eps_growth_year": 1040,
            "eps_4q": 3.1,
            "eps_4q_growth_year": 387.87,
            "roe": 2.73,
            "roe_4q": 14.940000000000001,
            "gross_profit": 154029,
            "gross_margin": 28.97,
            "gross_margin_4q_avg": 29.21,
            "net_income": 51371,
            "net_income_4q": null,
            "revenue": 531703,
            "revenue_4q": null,
            "common_shares": 893841,
            "book_valuer_per_share": 21.46,
            "book_valuer_per_share_4q_avg": 21.06,
            "equity": 1918073,
            "current_ratio": 230.67,
            "debt_ratio": 30.25,
            "inventory_turnover_ratio": 0.7,
            "account_receivable_turnover_ratio": 1.7,
            "reinvestment_rate": 1.28,
            "research_to_sale_ratio": 3.66,
            "price_fair": 78.05,
            "eps_avg_yearly": 2.23,
            "eps_latest_yearly": 2.28,
            "eps_growth_yearly": 866.76
        },
        "20192": {
            "year_quarter": 20192,
            "year": 2019,
            "quarter": 2,
            "eps": 0.46,
            "eps_growth_year": -70.13,
            "eps_4q": 2.01,
            "eps_4q_growth_year": 0.21,
            "roe": 2.21,
            "roe_4q": 9.61,
            "gross_profit": 135119,
            "gross_margin": 26.94,
            "gross_margin_4q_avg": 28.03,
            "net_income": 40758,
            "net_income_4q": null,
            "revenue": 501630,
            "revenue_4q": null,
            "common_shares": 893841,
            "book_valuer_per_share": 19.86,
            "book_valuer_per_share_4q_avg": 20.84,
            "equity": 1774819,
            "current_ratio": 204.72,
            "debt_ratio": 31.63,
            "inventory_turnover_ratio": 0.72,
            "account_receivable_turnover_ratio": 1.38,
            "reinvestment_rate": 5.97,
            "research_to_sale_ratio": 3.74,
            "price_fair": 80.59,
            "eps_avg_yearly": 2.3,
            "eps_latest_yearly": 1.84,
            "eps_growth_yearly": 877.28
        },
        "20193": {
            "year_quarter": 20193,
            "year": 2019,
            "quarter": 3,
            "eps": 0.72,
            "eps_growth_year": -2.7,
            "eps_4q": 1.99,
            "eps_4q_growth_year": -21.34,
            "roe": 3.61,
            "roe_4q": 9.700000000000001,
            "gross_profit": 179535,
            "gross_margin": 30.25,
            "gross_margin_4q_avg": 27.93,
            "net_income": 64582,
            "net_income_4q": null,
            "revenue": 593555,
            "revenue_4q": null,
            "common_shares": 893841,
            "book_valuer_per_share": 20.16,
            "book_valuer_per_share_4q_avg": 20.54,
            "equity": 1801719,
            "current_ratio": 220.72,
            "debt_ratio": 28.81,
            "inventory_turnover_ratio": 0.83,
            "account_receivable_turnover_ratio": 1.52,
            "reinvestment_rate": 3.43,
            "research_to_sale_ratio": 2.99,
            "price_fair": 84.18,
            "eps_avg_yearly": 2.41,
            "eps_latest_yearly": 2.88,
            "eps_growth_yearly": 870.82
        },
        "20194": {
            "year_quarter": 20194,
            "year": 2019,
            "quarter": 4,
            "eps": 0.02,
            "eps_growth_year": -93.37,
            "eps_4q": 1.77,
            "eps_4q_growth_year": -31.16,
            "roe": 0.08,
            "roe_4q": 8.63,
            "gross_profit": 106773,
            "gross_margin": 23.4,
            "gross_margin_4q_avg": 27.39,
            "net_income": 1427,
            "net_income_4q": null,
            "revenue": 456392,
            "revenue_4q": null,
            "common_shares": 893841,
            "book_valuer_per_share": 20.41,
            "book_valuer_per_share_4q_avg": 20.47,
            "equity": 1824757,
            "current_ratio": 180.76,
            "debt_ratio": 34.28,
            "inventory_turnover_ratio": 0.67,
            "account_receivable_turnover_ratio": 1.29,
            "reinvestment_rate": -4.45,
            "research_to_sale_ratio": 4.19,
            "price_fair": 73.85,
            "eps_avg_yearly": 2.11,
            "eps_latest_yearly": 0.08,
            "eps_growth_yearly": 774.74
        },
        "20201": {
            "year_quarter": 20201,
            "year": 2020,
            "quarter": 1,
            "eps": 0.62,
            "eps_growth_year": 8.77,
            "eps_4q": 1.82,
            "eps_4q_growth_year": -41.39,
            "roe": 3.02,
            "roe_4q": 8.92,
            "gross_profit": 146903,
            "gross_margin": 26.8,
            "gross_margin_4q_avg": 26.85,
            "net_income": 55517,
            "net_income_4q": null,
            "revenue": 548194,
            "revenue_4q": null,
            "common_shares": 893841,
            "book_valuer_per_share": 20.76,
            "book_valuer_per_share_4q_avg": 20.3,
            "equity": 1855915,
            "current_ratio": 166.83,
            "debt_ratio": 36.51,
            "inventory_turnover_ratio": 0.76,
            "account_receivable_turnover_ratio": 1.64,
            "reinvestment_rate": -12.19,
            "research_to_sale_ratio": 3.13,
            "price_fair": 72.01,
            "eps_avg_yearly": 2.06,
            "eps_latest_yearly": 2.48,
            "eps_growth_yearly": 1532.45
        },
        "20202": {
            "year_quarter": 20202,
            "year": 2020,
            "quarter": 2,
            "eps": 0.25,
            "eps_growth_year": -45.65,
            "eps_4q": 1.61,
            "eps_4q_growth_year": -20.03,
            "roe": 1.23,
            "roe_4q": 7.9399999999999995,
            "gross_profit": 128711,
            "gross_margin": 27.17,
            "gross_margin_4q_avg": 26.91,
            "net_income": 22226,
            "net_income_4q": null,
            "revenue": 473801,
            "revenue_4q": null,
            "common_shares": 893841,
            "book_valuer_per_share": 19.63,
            "book_valuer_per_share_4q_avg": 20.24,
            "equity": 1754678,
            "current_ratio": 111.15,
            "debt_ratio": 47.42,
            "inventory_turnover_ratio": 0.65,
            "account_receivable_turnover_ratio": 1.29,
            "reinvestment_rate": -24.88,
            "research_to_sale_ratio": 5.49,
            "price_fair": 64.4,
            "eps_avg_yearly": 1.84,
            "eps_latest_yearly": 1,
            "eps_growth_yearly": 1508.79
        },
        "20203": {
            "year_quarter": 20203,
            "year": 2020,
            "quarter": 3,
            "eps": 0.22,
            "eps_growth_year": -69.44,
            "eps_4q": 1.11,
            "eps_4q_growth_year": -44.35,
            "roe": 1.11,
            "roe_4q": 5.4399999999999995,
            "gross_profit": 112862,
            "gross_margin": 25.67,
            "gross_margin_4q_avg": 25.76,
            "net_income": 20024,
            "net_income_4q": null,
            "revenue": 439738,
            "revenue_4q": null,
            "common_shares": 893841,
            "book_valuer_per_share": 20.69,
            "book_valuer_per_share_4q_avg": 20.37,
            "equity": 1849511,
            "current_ratio": 140.81,
            "debt_ratio": 48.69,
            "inventory_turnover_ratio": 0.52,
            "account_receivable_turnover_ratio": 1.38,
            "reinvestment_rate": 51.47,
            "research_to_sale_ratio": 3.86,
            "price_fair": 60.2,
            "eps_avg_yearly": 1.72,
            "eps_latest_yearly": 0.88,
            "eps_growth_yearly": 1515.17
        },
        "20204": {
            "year_quarter": 20204,
            "year": 2020,
            "quarter": 4,
            "eps": 0.17,
            "eps_growth_year": 934.11,
            "eps_4q": 1.26,
            "eps_4q_growth_year": -28.84,
            "roe": 0.78,
            "roe_4q": 6.140000000000001,
            "gross_profit": 139906,
            "gross_margin": 22.76,
            "gross_margin_4q_avg": 25.6,
            "net_income": 14757,
            "net_income_4q": null,
            "revenue": 614626,
            "revenue_4q": null,
            "common_shares": 893841,
            "book_valuer_per_share": 21.5,
            "book_valuer_per_share_4q_avg": 20.65,
            "equity": 1921663,
            "current_ratio": 163.88,
            "debt_ratio": 44.7,
            "inventory_turnover_ratio": 0.72,
            "account_receivable_turnover_ratio": 1.85,
            "reinvestment_rate": 69.25,
            "research_to_sale_ratio": 2.75,
            "price_fair": 54.51,
            "eps_avg_yearly": 1.56,
            "eps_latest_yearly": 0.68,
            "eps_growth_yearly": 1505.2
        },
        "20211": {
            "year_quarter": 20211,
            "year": 2021,
            "quarter": 1,
            "eps": 0.2,
            "eps_growth_year": -67.74,
            "eps_4q": 0.84,
            "eps_4q_growth_year": -53.61,
            "roe": 0.99,
            "roe_4q": 4.109999999999999,
            "gross_profit": 118928,
            "gross_margin": 23.61,
            "gross_margin_4q_avg": 24.8,
            "net_income": 18278,
            "net_income_4q": null,
            "revenue": 503757,
            "revenue_4q": null,
            "common_shares": 893841,
            "book_valuer_per_share": 19.93,
            "book_valuer_per_share_4q_avg": 20.44,
            "equity": 1781208,
            "current_ratio": 143.82,
            "debt_ratio": 47.94,
            "inventory_turnover_ratio": 0.67,
            "account_receivable_turnover_ratio": 1.4,
            "reinvestment_rate": 56.05,
            "research_to_sale_ratio": 3.4,
            "price_fair": 55.91,
            "eps_avg_yearly": 1.6,
            "eps_latest_yearly": 0.8,
            "eps_growth_yearly": 1533.39
        },
        "20212": {
            "year_quarter": 20212,
            "year": 2021,
            "quarter": 2,
            "eps": 0.6,
            "eps_growth_year": 140,
            "eps_4q": 1.19,
            "eps_4q_growth_year": -25.81,
            "roe": 2.97,
            "roe_4q": 5.8500000000000005,
            "gross_profit": 166806,
            "gross_margin": 28.37,
            "gross_margin_4q_avg": 25.1,
            "net_income": 53590,
            "net_income_4q": null,
            "revenue": 587912,
            "revenue_4q": null,
            "common_shares": 893841,
            "book_valuer_per_share": 20.47,
            "book_valuer_per_share_4q_avg": 20.65,
            "equity": 1829957,
            "current_ratio": 142.88,
            "debt_ratio": 48.23,
            "inventory_turnover_ratio": 0.78,
            "account_receivable_turnover_ratio": 1.66,
            "reinvestment_rate": 45.02,
            "research_to_sale_ratio": 2.99,
            "price_fair": 59.68,
            "eps_avg_yearly": 1.71,
            "eps_latest_yearly": 2.4,
            "eps_growth_yearly": 1502.14
        },
        "20213": {
            "year_quarter": 20213,
            "year": 2021,
            "quarter": 3,
            "eps": 0.52,
            "eps_growth_year": 136.36,
            "eps_4q": 1.49,
            "eps_4q_growth_year": 34.5,
            "roe": 2.55,
            "roe_4q": 7.29,
            "gross_profit": 159639,
            "gross_margin": 28.61,
            "gross_margin_4q_avg": 25.84,
            "net_income": 46795,
            "net_income_4q": null,
            "revenue": 557942,
            "revenue_4q": null,
            "common_shares": 893841,
            "book_valuer_per_share": 20.62,
            "book_valuer_per_share_4q_avg": 20.63,
            "equity": 1843279,
            "current_ratio": 137.59,
            "debt_ratio": 47.62,
            "inventory_turnover_ratio": 0.73,
            "account_receivable_turnover_ratio": 1.36,
            "reinvestment_rate": 48.37,
            "research_to_sale_ratio": 2.87,
            "price_fair": 62.39,
            "eps_avg_yearly": 1.78,
            "eps_latest_yearly": 2.08,
            "eps_growth_yearly": 1492.93
        },
        "20214": {
            "year_quarter": 20214,
            "year": 2021,
            "quarter": 4,
            "eps": 0.34,
            "eps_growth_year": 106.63,
            "eps_4q": 1.67,
            "eps_4q_growth_year": 32.55,
            "roe": 1.64,
            "roe_4q": 8.15,
            "gross_profit": 148230,
            "gross_margin": 25.48,
            "gross_margin_4q_avg": 26.52,
            "net_income": 30493,
            "net_income_4q": null,
            "revenue": 581662,
            "revenue_4q": null,
            "common_shares": 893841,
            "book_valuer_per_share": 21.09,
            "book_valuer_per_share_4q_avg": 20.53,
            "equity": 1884839,
            "current_ratio": 142.24,
            "debt_ratio": 44.76,
            "inventory_turnover_ratio": 0.76,
            "account_receivable_turnover_ratio": 1.45,
            "reinvestment_rate": 39.32,
            "research_to_sale_ratio": 3.06,
            "price_fair": 63.53,
            "eps_avg_yearly": 1.82,
            "eps_latest_yearly": 1.36,
            "eps_growth_yearly": 1484.27
        },
        "20221": {
            "year_quarter": 20221,
            "year": 2022,
            "quarter": 1,
            "eps": 0.52,
            "eps_growth_year": 160,
            "eps_4q": 1.99,
            "eps_4q_growth_year": 135.7,
            "roe": 2.52,
            "roe_4q": 9.68,
            "gross_profit": 149391,
            "gross_margin": 27.94,
            "gross_margin_4q_avg": 27.6,
            "net_income": 46571,
            "net_income_4q": null,
            "revenue": 534711,
            "revenue_4q": null,
            "common_shares": 893841,
            "book_valuer_per_share": 20.3,
            "book_valuer_per_share_4q_avg": 20.62,
            "equity": 1814859,
            "current_ratio": 130.74,
            "debt_ratio": 47.64,
            "inventory_turnover_ratio": 0.59,
            "account_receivable_turnover_ratio": 1.48,
            "reinvestment_rate": 54.82,
            "research_to_sale_ratio": 3.88,
            "price_fair": 67.64,
            "eps_avg_yearly": 1.93,
            "eps_latest_yearly": 2.08,
            "eps_growth_yearly": 1516.56
        },
        "20222": {
            "year_quarter": 20222,
            "year": 2022,
            "quarter": 2,
            "eps": 0.69,
            "eps_growth_year": 15,
            "eps_4q": 2.08,
            "eps_4q_growth_year": 74,
            "roe": 3.37,
            "roe_4q": 10.08,
            "gross_profit": 174436,
            "gross_margin": 26.91,
            "gross_margin_4q_avg": 27.24,
            "net_income": 61709,
            "net_income_4q": null,
            "revenue": 648223,
            "revenue_4q": null,
            "common_shares": 893841,
            "book_valuer_per_share": 20.71,
            "book_valuer_per_share_4q_avg": 20.68,
            "equity": 1850951,
            "current_ratio": 127.64,
            "debt_ratio": 49.26,
            "inventory_turnover_ratio": 0.59,
            "account_receivable_turnover_ratio": 1.53,
            "reinvestment_rate": 66.06,
            "research_to_sale_ratio": 2.83,
            "price_fair": 60.2,
            "eps_avg_yearly": 1.72,
            "eps_latest_yearly": 2.76,
            "eps_growth_yearly": 779.73
        },
        "20223": {
            "year_quarter": 20223,
            "year": 2022,
            "quarter": 3,
            "eps": 1.03,
            "eps_growth_year": 98.08,
            "eps_4q": 2.58,
            "eps_4q_growth_year": 73.18,
            "roe": 4.84,
            "roe_4q": 12.370000000000001,
            "gross_profit": 204567,
            "gross_margin": 26.87,
            "gross_margin_4q_avg": 26.8,
            "net_income": 92284,
            "net_income_4q": null,
            "revenue": 761206,
            "revenue_4q": null,
            "common_shares": 893841,
            "book_valuer_per_share": 21.95,
            "book_valuer_per_share_4q_avg": 21.01,
            "equity": 1962090,
            "current_ratio": 137.34,
            "debt_ratio": 49.38,
            "inventory_turnover_ratio": 0.58,
            "account_receivable_turnover_ratio": 1.69,
            "reinvestment_rate": 67.4,
            "research_to_sale_ratio": 2.72,
            "price_fair": 62.74,
            "eps_avg_yearly": 1.79,
            "eps_latest_yearly": 4.12,
            "eps_growth_yearly": 805.03
        },
        "20224": {
            "year_quarter": 20224,
            "year": 2022,
            "quarter": 4,
            "eps": 1.12,
            "eps_growth_year": 229.44,
            "eps_4q": 3.37,
            "eps_4q_growth_year": 101.82,
            "roe": 5,
            "roe_4q": 15.73,
            "gross_profit": 257236,
            "gross_margin": 28.6,
            "gross_margin_4q_avg": 27.58,
            "net_income": 100456,
            "net_income_4q": null,
            "revenue": 899400,
            "revenue_4q": null,
            "common_shares": 893841,
            "book_valuer_per_share": 23.04,
            "book_valuer_per_share_4q_avg": 21.5,
            "equity": 2058997,
            "current_ratio": 152.04,
            "debt_ratio": 50.46,
            "inventory_turnover_ratio": 0.58,
            "account_receivable_turnover_ratio": 1.79,
            "reinvestment_rate": 63.63,
            "research_to_sale_ratio": 2.31,
            "price_fair": 70.44,
            "eps_avg_yearly": 2.01,
            "eps_latest_yearly": 4.48,
            "eps_growth_yearly": 824.11
        },
        "20231": {
            "year_quarter": 20231,
            "year": 2023,
            "quarter": 1,
            "eps": 1.42,
            "eps_growth_year": 173.08,
            "eps_4q": 4.26,
            "eps_4q_growth_year": 114.77,
            "roe": 6.16,
            "roe_4q": 19.37,
            "gross_profit": 277211,
            "gross_margin": 28.56,
            "gross_margin_4q_avg": 27.74,
            "net_income": 126662,
            "net_income_4q": null,
            "revenue": 970511,
            "revenue_4q": null,
            "common_shares": 893841,
            "book_valuer_per_share": 22.99,
            "book_valuer_per_share_4q_avg": 22.17,
            "equity": 2054992,
            "current_ratio": 138.44,
            "debt_ratio": 53.48,
            "inventory_turnover_ratio": 0.56,
            "account_receivable_turnover_ratio": 1.76,
            "reinvestment_rate": 68.92,
            "research_to_sale_ratio": 1.97,
            "price_fair": 77.88,
            "eps_avg_yearly": 2.23,
            "eps_latest_yearly": 5.68,
            "eps_growth_yearly": 796.43
        },
        "20232": {
            "year_quarter": 20232,
            "year": 2023,
            "quarter": 2,
            "eps": 2.32,
            "eps_growth_year": 236.23,
            "eps_4q": 5.9,
            "eps_4q_growth_year": 183.99,
            "roe": 9.66,
            "roe_4q": 25.66,
            "gross_profit": 387400,
            "gross_margin": 29.62,
            "gross_margin_4q_avg": 28.41,
            "net_income": 207601,
            "net_income_4q": null,
            "revenue": 1307720,
            "revenue_4q": null,
            "common_shares": 893841,
            "book_valuer_per_share": 25.1,
            "book_valuer_per_share_4q_avg": 23.27,
            "equity": 2243778,
            "current_ratio": 127.62,
            "debt_ratio": 55.81,
            "inventory_turnover_ratio": 0.71,
            "account_receivable_turnover_ratio": 1.62,
            "reinvestment_rate": 56.38,
            "research_to_sale_ratio": 1.61,
            "price_fair": 94.15,
            "eps_avg_yearly": 2.69,
            "eps_latest_yearly": 9.28,
            "eps_growth_yearly": 817.1
        },
        "20233": {
            "year_quarter": 20233,
            "year": 2023,
            "quarter": 3,
            "eps": 2.31,
            "eps_growth_year": 124.27,
            "eps_4q": 7.17,
            "eps_4q_growth_year": 177.36,
            "roe": 8.78,
            "roe_4q": 29.599999999999998,
            "gross_profit": 351568,
            "gross_margin": 30.63,
            "gross_margin_4q_avg": 29.35,
            "net_income": 206136,
            "net_income_4q": null,
            "revenue": 1147815,
            "revenue_4q": null,
            "common_shares": 893841,
            "book_valuer_per_share": 27.41,
            "book_valuer_per_share_4q_avg": 24.64,
            "equity": 2449862,
            "current_ratio": 135.92,
            "debt_ratio": 52.59,
            "inventory_turnover_ratio": 0.61,
            "account_receivable_turnover_ratio": 1.04,
            "reinvestment_rate": 63.78,
            "research_to_sale_ratio": 1.84,
            "price_fair": 108.06,
            "eps_avg_yearly": 3.09,
            "eps_latest_yearly": 9.24,
            "eps_growth_yearly": 802.86
        }
    },
    "months": {
        "2004-09": {
            "month": "2004-09",
            "price": "16.64",
            "revenue": 52644
        },
        "2004-10": {
            "month": "2004-10",
            "price": "12.22",
            "revenue": 53864
        },
        "2004-11": {
            "month": "2004-11",
            "price": "9.79",
            "revenue": 53733
        },
        "2004-12": {
            "month": "2004-12",
            "price": "9.82",
            "revenue": 47399
        },
        "2005-01": {
            "month": "2005-01",
            "price": "10.18",
            "revenue": 56175
        },
        "2005-02": {
            "month": "2005-02",
            "price": "11.45",
            "revenue": 34597
        },
        "2005-03": {
            "month": "2005-03",
            "price": "13.44",
            "revenue": 63767
        },
        "2005-04": {
            "month": "2005-04",
            "price": "12.93",
            "revenue": 59380
        },
        "2005-05": {
            "month": "2005-05",
            "price": "13.48",
            "revenue": 55379
        },
        "2005-06": {
            "month": "2005-06",
            "price": "13.54",
            "revenue": 58021
        },
        "2005-07": {
            "month": "2005-07",
            "price": "14.56",
            "revenue": 49898
        },
        "2005-08": {
            "month": "2005-08",
            "price": "14.56",
            "revenue": 58089
        },
        "2005-09": {
            "month": "2005-09",
            "price": "12.54",
            "revenue": 48291
        },
        "2005-10": {
            "month": "2005-10",
            "price": "11.80",
            "revenue": 63477
        },
        "2005-11": {
            "month": "2005-11",
            "price": "11.92",
            "revenue": 64507
        },
        "2005-12": {
            "month": "2005-12",
            "price": "12.97",
            "revenue": 57168
        },
        "2006-01": {
            "month": "2006-01",
            "price": "12.78",
            "revenue": 53872
        },
        "2006-02": {
            "month": "2006-02",
            "price": "14.10",
            "revenue": 53001
        },
        "2006-03": {
            "month": "2006-03",
            "price": "15.91",
            "revenue": 71550
        },
        "2006-04": {
            "month": "2006-04",
            "price": "15.19",
            "revenue": 64449
        },
        "2006-05": {
            "month": "2006-05",
            "price": "16.98",
            "revenue": 63518
        },
        "2006-06": {
            "month": "2006-06",
            "price": "17.50",
            "revenue": 67914
        },
        "2006-07": {
            "month": "2006-07",
            "price": "15.39",
            "revenue": 64721
        },
        "2006-08": {
            "month": "2006-08",
            "price": "14.81",
            "revenue": 66081
        },
        "2006-09": {
            "month": "2006-09",
            "price": "16.14",
            "revenue": 66738
        },
        "2006-10": {
            "month": "2006-10",
            "price": "17.44",
            "revenue": 67282
        },
        "2006-11": {
            "month": "2006-11",
            "price": "17.35",
            "revenue": 64190
        },
        "2006-12": {
            "month": "2006-12",
            "price": "17.30",
            "revenue": 64626
        },
        "2007-01": {
            "month": "2007-01",
            "price": "17.83",
            "revenue": 74107
        },
        "2007-02": {
            "month": "2007-02",
            "price": "18.01",
            "revenue": 52461
        },
        "2007-03": {
            "month": "2007-03",
            "price": "18.57",
            "revenue": 77871
        },
        "2007-04": {
            "month": "2007-04",
            "price": "22.90",
            "revenue": 83129
        },
        "2007-05": {
            "month": "2007-05",
            "price": "24.69",
            "revenue": 74969
        },
        "2007-06": {
            "month": "2007-06",
            "price": "25.98",
            "revenue": 77100
        },
        "2007-07": {
            "month": "2007-07",
            "price": "29.12",
            "revenue": 79529
        },
        "2007-08": {
            "month": "2007-08",
            "price": "25.71",
            "revenue": 76265
        },
        "2007-09": {
            "month": "2007-09",
            "price": "22.83",
            "revenue": 71035
        },
        "2007-10": {
            "month": "2007-10",
            "price": "20.95",
            "revenue": 70321
        },
        "2007-11": {
            "month": "2007-11",
            "price": "18.92",
            "revenue": 70127
        },
        "2007-12": {
            "month": "2007-12",
            "price": "19.14",
            "revenue": 82877
        },
        "2008-01": {
            "month": "2008-01",
            "price": "18.44",
            "revenue": 78019
        },
        "2008-02": {
            "month": "2008-02",
            "price": "18.17",
            "revenue": 58774
        },
        "2008-03": {
            "month": "2008-03",
            "price": "18.80",
            "revenue": 98566
        },
        "2008-04": {
            "month": "2008-04",
            "price": "20.33",
            "revenue": 92046
        },
        "2008-05": {
            "month": "2008-05",
            "price": "20.64",
            "revenue": 99345
        },
        "2008-06": {
            "month": "2008-06",
            "price": "19.43",
            "revenue": 105793
        },
        "2008-07": {
            "month": "2008-07",
            "price": "18.37",
            "revenue": 91443
        },
        "2008-08": {
            "month": "2008-08",
            "price": "18.50",
            "revenue": 98639
        },
        "2008-09": {
            "month": "2008-09",
            "price": "16.58",
            "revenue": 106566
        },
        "2008-10": {
            "month": "2008-10",
            "price": "15.96",
            "revenue": 99328
        },
        "2008-11": {
            "month": "2008-11",
            "price": "15.71",
            "revenue": 91079
        },
        "2008-12": {
            "month": "2008-12",
            "price": "15.46",
            "revenue": 77808
        },
        "2009-01": {
            "month": "2009-01",
            "price": "15.15",
            "revenue": 68021
        },
        "2009-02": {
            "month": "2009-02",
            "price": "16.31",
            "revenue": 77974
        },
        "2009-03": {
            "month": "2009-03",
            "price": "16.62",
            "revenue": 65414
        },
        "2009-04": {
            "month": "2009-04",
            "price": "20.45",
            "revenue": 57988
        },
        "2009-05": {
            "month": "2009-05",
            "price": "31.68",
            "revenue": 59859
        },
        "2009-06": {
            "month": "2009-06",
            "price": "39.81",
            "revenue": 74074
        },
        "2009-07": {
            "month": "2009-07",
            "price": "46.90",
            "revenue": 70402
        },
        "2009-08": {
            "month": "2009-08",
            "price": "44.26",
            "revenue": 53094
        },
        "2009-09": {
            "month": "2009-09",
            "price": "41.25",
            "revenue": 61242
        },
        "2009-10": {
            "month": "2009-10",
            "price": "39.64",
            "revenue": 65309
        },
        "2009-11": {
            "month": "2009-11",
            "price": "39.51",
            "revenue": 81646
        },
        "2009-12": {
            "month": "2009-12",
            "price": "45.00",
            "revenue": 98383
        },
        "2010-01": {
            "month": "2010-01",
            "price": "53.79",
            "revenue": 76145
        },
        "2010-02": {
            "month": "2010-02",
            "price": "52.10",
            "revenue": 58882
        },
        "2010-03": {
            "month": "2010-03",
            "price": "68.45",
            "revenue": 89353
        },
        "2010-04": {
            "month": "2010-04",
            "price": "68.80",
            "revenue": 82913
        },
        "2010-05": {
            "month": "2010-05",
            "price": "59.14",
            "revenue": 95673
        },
        "2010-06": {
            "month": "2010-06",
            "price": "64.15",
            "revenue": 98787
        },
        "2010-07": {
            "month": "2010-07",
            "price": "67.21",
            "revenue": 106028
        },
        "2010-08": {
            "month": "2010-08",
            "price": "61.56",
            "revenue": 105972
        },
        "2010-09": {
            "month": "2010-09",
            "price": "55.29",
            "revenue": 112493
        },
        "2010-10": {
            "month": "2010-10",
            "price": "50.99",
            "revenue": 109390
        },
        "2010-11": {
            "month": "2010-11",
            "price": "40.50",
            "revenue": 110115
        },
        "2010-12": {
            "month": "2010-12",
            "price": "41.76",
            "revenue": 91822
        },
        "2011-01": {
            "month": "2011-01",
            "price": "36.75",
            "revenue": 90714
        },
        "2011-02": {
            "month": "2011-02",
            "price": "36.72",
            "revenue": 65771
        },
        "2011-03": {
            "month": "2011-03",
            "price": "42.61",
            "revenue": 97791
        },
        "2011-04": {
            "month": "2011-04",
            "price": "39.00",
            "revenue": 91111
        },
        "2011-05": {
            "month": "2011-05",
            "price": "38.12",
            "revenue": 106669
        },
        "2011-06": {
            "month": "2011-06",
            "price": "40.20",
            "revenue": 143994
        },
        "2011-07": {
            "month": "2011-07",
            "price": "48.10",
            "revenue": 137557
        },
        "2011-08": {
            "month": "2011-08",
            "price": "41.28",
            "revenue": 141249
        },
        "2011-09": {
            "month": "2011-09",
            "price": "35.00",
            "revenue": 164588
        },
        "2011-10": {
            "month": "2011-10",
            "price": "35.13",
            "revenue": 146724
        },
        "2011-11": {
            "month": "2011-11",
            "price": "32.57",
            "revenue": 162045
        },
        "2011-12": {
            "month": "2011-12",
            "price": "27.10",
            "revenue": 142557
        },
        "2012-01": {
            "month": "2012-01",
            "price": "31.47",
            "revenue": 107972
        },
        "2012-02": {
            "month": "2012-02",
            "price": "38.57",
            "revenue": 97298
        },
        "2012-03": {
            "month": "2012-03",
            "price": "40.90",
            "revenue": 145841
        },
        "2012-04": {
            "month": "2012-04",
            "price": "36.93",
            "revenue": 125991
        },
        "2012-05": {
            "month": "2012-05",
            "price": "35.59",
            "revenue": 133424
        },
        "2012-06": {
            "month": "2012-06",
            "price": "33.55",
            "revenue": 150814
        },
        "2012-07": {
            "month": "2012-07",
            "price": "33.28",
            "revenue": 124249
        },
        "2012-08": {
            "month": "2012-08",
            "price": "31.33",
            "revenue": 188508
        },
        "2012-09": {
            "month": "2012-09",
            "price": "35.45",
            "revenue": 178335
        },
        "2012-10": {
            "month": "2012-10",
            "price": "37.20",
            "revenue": 161499
        },
        "2012-11": {
            "month": "2012-11",
            "price": "38.56",
            "revenue": 158967
        },
        "2012-12": {
            "month": "2012-12",
            "price": "37.17",
            "revenue": 168257
        },
        "2013-01": {
            "month": "2013-01",
            "price": "44.19",
            "revenue": 181141
        },
        "2013-02": {
            "month": "2013-02",
            "price": "54.75",
            "revenue": 162984
        },
        "2013-03": {
            "month": "2013-03",
            "price": "58.63",
            "revenue": 222291
        },
        "2013-04": {
            "month": "2013-04",
            "price": "60.16",
            "revenue": 197272
        },
        "2013-05": {
            "month": "2013-05",
            "price": "56.94",
            "revenue": 213967
        },
        "2013-06": {
            "month": "2013-06",
            "price": "58.12",
            "revenue": 185406
        },
        "2013-07": {
            "month": "2013-07",
            "price": "64.75",
            "revenue": 172080
        },
        "2013-08": {
            "month": "2013-08",
            "price": "74.87",
            "revenue": 213723
        },
        "2013-09": {
            "month": "2013-09",
            "price": "73.72",
            "revenue": 236970
        },
        "2013-10": {
            "month": "2013-10",
            "price": "62.67",
            "revenue": 190894
        },
        "2013-11": {
            "month": "2013-11",
            "price": "54.40",
            "revenue": 166954
        },
        "2013-12": {
            "month": "2013-12",
            "price": "60.19",
            "revenue": 180113
        },
        "2014-01": {
            "month": "2014-01",
            "price": "64.57",
            "revenue": 170131
        },
        "2014-02": {
            "month": "2014-02",
            "price": "72.63",
            "revenue": 170827
        },
        "2014-03": {
            "month": "2014-03",
            "price": "81.83",
            "revenue": 212512
        },
        "2014-04": {
            "month": "2014-04",
            "price": "78.15",
            "revenue": 214420
        },
        "2014-05": {
            "month": "2014-05",
            "price": "74.04",
            "revenue": 209298
        },
        "2014-06": {
            "month": "2014-06",
            "price": "77.10",
            "revenue": 217522
        },
        "2014-07": {
            "month": "2014-07",
            "price": "78.75",
            "revenue": 202749
        },
        "2014-08": {
            "month": "2014-08",
            "price": "74.58",
            "revenue": 178911
        },
        "2014-09": {
            "month": "2014-09",
            "price": "71.70",
            "revenue": 236220
        },
        "2014-10": {
            "month": "2014-10",
            "price": "65.81",
            "revenue": 209502
        },
        "2014-11": {
            "month": "2014-11",
            "price": "56.90",
            "revenue": 152424
        },
        "2014-12": {
            "month": "2014-12",
            "price": "55.49",
            "revenue": 160515
        },
        "2015-01": {
            "month": "2015-01",
            "price": "57.22",
            "revenue": 143474
        },
        "2015-02": {
            "month": "2015-02",
            "price": "59.57",
            "revenue": 216513
        },
        "2015-03": {
            "month": "2015-03",
            "price": "63.80",
            "revenue": 191169
        },
        "2015-04": {
            "month": "2015-04",
            "price": "62.53",
            "revenue": 162467
        },
        "2015-05": {
            "month": "2015-05",
            "price": "55.18",
            "revenue": 154995
        },
        "2015-06": {
            "month": "2015-06",
            "price": "49.98",
            "revenue": 173189
        },
        "2015-07": {
            "month": "2015-07",
            "price": "48.26",
            "revenue": 172428
        },
        "2015-08": {
            "month": "2015-08",
            "price": "36.37",
            "revenue": 163554
        },
        "2015-09": {
            "month": "2015-09",
            "price": "33.70",
            "revenue": 204057
        },
        "2015-10": {
            "month": "2015-10",
            "price": "40.96",
            "revenue": 199892
        },
        "2015-11": {
            "month": "2015-11",
            "price": "43.00",
            "revenue": 139639
        },
        "2015-12": {
            "month": "2015-12",
            "price": "40.86",
            "revenue": 256931
        },
        "2016-01": {
            "month": "2016-01",
            "price": "42.89",
            "revenue": 241300
        },
        "2016-02": {
            "month": "2016-02",
            "price": "49.74",
            "revenue": 130291
        },
        "2016-03": {
            "month": "2016-03",
            "price": "59.93",
            "revenue": 252960
        },
        "2016-04": {
            "month": "2016-04",
            "price": "58.56",
            "revenue": 247845
        },
        "2016-05": {
            "month": "2016-05",
            "price": "65.06",
            "revenue": 242020
        },
        "2016-06": {
            "month": "2016-06",
            "price": "65.34",
            "revenue": 231351
        },
        "2016-07": {
            "month": "2016-07",
            "price": "61.28",
            "revenue": 222189
        },
        "2016-08": {
            "month": "2016-08",
            "price": "59.82",
            "revenue": 220465
        },
        "2016-09": {
            "month": "2016-09",
            "price": "57.56",
            "revenue": 219216
        },
        "2016-10": {
            "month": "2016-10",
            "price": "58.69",
            "revenue": 240729
        },
        "2016-11": {
            "month": "2016-11",
            "price": "55.31",
            "revenue": 220379
        },
        "2016-12": {
            "month": "2016-12",
            "price": "56.43",
            "revenue": 238984
        },
        "2017-01": {
            "month": "2017-01",
            "price": "55.35",
            "revenue": 195559
        },
        "2017-02": {
            "month": "2017-02",
            "price": "55.26",
            "revenue": 122057
        },
        "2017-03": {
            "month": "2017-03",
            "price": "53.68",
            "revenue": 152228
        },
        "2017-04": {
            "month": "2017-04",
            "price": "49.18",
            "revenue": 92227
        },
        "2017-05": {
            "month": "2017-05",
            "price": "45.49",
            "revenue": 163777
        },
        "2017-06": {
            "month": "2017-06",
            "price": "45.13",
            "revenue": 153458
        },
        "2017-07": {
            "month": "2017-07",
            "price": "46.27",
            "revenue": 103598
        },
        "2017-08": {
            "month": "2017-08",
            "price": "38.84",
            "revenue": 147482
        },
        "2017-09": {
            "month": "2017-09",
            "price": "41.35",
            "revenue": 176769
        },
        "2017-10": {
            "month": "2017-10",
            "price": "42.85",
            "revenue": 144126
        },
        "2017-11": {
            "month": "2017-11",
            "price": "38.00",
            "revenue": 152882
        },
        "2017-12": {
            "month": "2017-12",
            "price": "38.01",
            "revenue": 173034
        },
        "2018-01": {
            "month": "2018-01",
            "price": "42.36",
            "revenue": 161682
        },
        "2018-02": {
            "month": "2018-02",
            "price": "41.58",
            "revenue": 93351
        },
        "2018-03": {
            "month": "2018-03",
            "price": "44.15",
            "revenue": 117553
        },
        "2018-04": {
            "month": "2018-04",
            "price": "45.38",
            "revenue": 152296
        },
        "2018-05": {
            "month": "2018-05",
            "price": "43.30",
            "revenue": 205533
        },
        "2018-06": {
            "month": "2018-06",
            "price": "46.97",
            "revenue": 174281
        },
        "2018-07": {
            "month": "2018-07",
            "price": "50.31",
            "revenue": 173503
        },
        "2018-08": {
            "month": "2018-08",
            "price": "49.95",
            "revenue": 212352
        },
        "2018-09": {
            "month": "2018-09",
            "price": "49.41",
            "revenue": 166747
        },
        "2018-10": {
            "month": "2018-10",
            "price": "38.93",
            "revenue": 135994
        },
        "2018-11": {
            "month": "2018-11",
            "price": "36.40",
            "revenue": 186005
        },
        "2018-12": {
            "month": "2018-12",
            "price": "37.65",
            "revenue": 151842
        },
        "2019-01": {
            "month": "2019-01",
            "price": "36.84",
            "revenue": 200077
        },
        "2019-02": {
            "month": "2019-02",
            "price": "41.87",
            "revenue": 181041
        },
        "2019-03": {
            "month": "2019-03",
            "price": "46.70",
            "revenue": 150592
        },
        "2019-04": {
            "month": "2019-04",
            "price": "46.16",
            "revenue": 168824
        },
        "2019-05": {
            "month": "2019-05",
            "price": "42.21",
            "revenue": 152740
        },
        "2019-06": {
            "month": "2019-06",
            "price": "43.36",
            "revenue": 180088
        },
        "2019-07": {
            "month": "2019-07",
            "price": "44.05",
            "revenue": 184008
        },
        "2019-08": {
            "month": "2019-08",
            "price": "40.79",
            "revenue": 234720
        },
        "2019-09": {
            "month": "2019-09",
            "price": "41.53",
            "revenue": 174944
        },
        "2019-10": {
            "month": "2019-10",
            "price": "40.31",
            "revenue": 136884
        },
        "2019-11": {
            "month": "2019-11",
            "price": "41.76",
            "revenue": 154384
        },
        "2019-12": {
            "month": "2019-12",
            "price": "47.46",
            "revenue": 163724
        },
        "2020-01": {
            "month": "2020-01",
            "price": "72.24",
            "revenue": 133622
        },
        "2020-02": {
            "month": "2020-02",
            "price": "74.63",
            "revenue": 168285
        },
        "2020-03": {
            "month": "2020-03",
            "price": "54.13",
            "revenue": 246253
        },
        "2020-04": {
            "month": "2020-04",
            "price": "60.78",
            "revenue": 163585
        },
        "2020-05": {
            "month": "2020-05",
            "price": "68.57",
            "revenue": 150929
        },
        "2020-06": {
            "month": "2020-06",
            "price": "67.38",
            "revenue": 160749
        },
        "2020-07": {
            "month": "2020-07",
            "price": "69.20",
            "revenue": 135413
        },
        "2020-08": {
            "month": "2020-08",
            "price": "61.58",
            "revenue": 138527
        },
        "2020-09": {
            "month": "2020-09",
            "price": "56.56",
            "revenue": 164861
        },
        "2020-10": {
            "month": "2020-10",
            "price": "49.97",
            "revenue": 183936
        },
        "2020-11": {
            "month": "2020-11",
            "price": "53.47",
            "revenue": 172934
        },
        "2020-12": {
            "month": "2020-12",
            "price": "53.25",
            "revenue": 258254
        },
        "2021-01": {
            "month": "2021-01",
            "price": "57.60",
            "revenue": 170058
        },
        "2021-02": {
            "month": "2021-02",
            "price": "53.15",
            "revenue": 146096
        },
        "2021-03": {
            "month": "2021-03",
            "price": "53.65",
            "revenue": 187579
        },
        "2021-04": {
            "month": "2021-04",
            "price": "54.44",
            "revenue": 202151
        },
        "2021-05": {
            "month": "2021-05",
            "price": "45.25",
            "revenue": 186635
        },
        "2021-06": {
            "month": "2021-06",
            "price": "45.83",
            "revenue": 198995
        },
        "2021-07": {
            "month": "2021-07",
            "price": "48.63",
            "revenue": 189959
        },
        "2021-08": {
            "month": "2021-08",
            "price": "47.67",
            "revenue": 179731
        },
        "2021-09": {
            "month": "2021-09",
            "price": "44.98",
            "revenue": 188724
        },
        "2021-10": {
            "month": "2021-10",
            "price": "44.61",
            "revenue": 191741
        },
        "2021-11": {
            "month": "2021-11",
            "price": "55.35",
            "revenue": 191649
        },
        "2021-12": {
            "month": "2021-12",
            "price": "60.90",
            "revenue": 198155
        },
        "2022-01": {
            "month": "2022-01",
            "price": "55.75",
            "revenue": 186934
        },
        "2022-02": {
            "month": "2022-02",
            "price": "51.82",
            "revenue": 124644
        },
        "2022-03": {
            "month": "2022-03",
            "price": "62.55",
            "revenue": 223177
        },
        "2022-04": {
            "month": "2022-04",
            "price": "57.53",
            "revenue": 185110
        },
        "2022-05": {
            "month": "2022-05",
            "price": "56.83",
            "revenue": 224354
        },
        "2022-06": {
            "month": "2022-06",
            "price": "67.07",
            "revenue": 238856
        },
        "2022-07": {
            "month": "2022-07",
            "price": "61.97",
            "revenue": 258753
        },
        "2022-08": {
            "month": "2022-08",
            "price": "87.00",
            "revenue": 235345
        },
        "2022-09": {
            "month": "2022-09",
            "price": "110.45",
            "revenue": 269690
        },
        "2022-10": {
            "month": "2022-10",
            "price": "118.15",
            "revenue": 274616
        },
        "2022-11": {
            "month": "2022-11",
            "price": "145.50",
            "revenue": 308885
        },
        "2022-12": {
            "month": "2022-12",
            "price": "171.48",
            "revenue": 313394
        },
        "2023-01": {
            "month": "2023-01",
            "price": "189.04",
            "revenue": 321223
        },
        "2023-02": {
            "month": "2023-02",
            "price": "228.83",
            "revenue": 254582
        },
        "2023-03": {
            "month": "2023-03",
            "price": "228.98",
            "revenue": 394619
        },
        "2023-04": {
            "month": "2023-04",
            "price": "221.41",
            "revenue": 360425
        },
        "2023-05": {
            "month": "2023-05",
            "price": "223.02",
            "revenue": 486598
        },
        "2023-06": {
            "month": "2023-06",
            "price": "300.98",
            "revenue": 461286
        },
        "2023-07": {
            "month": "2023-07",
            "price": "366.29",
            "revenue": 417240
        },
        "2023-08": {
            "month": "2023-08",
            "price": "311.27",
            "revenue": 402582
        },
        "2023-09": {
            "month": "2023-09",
            "price": "286.52",
            "revenue": 327491
        },
        "2023-10": {
            "month": "2023-10",
            "price": "254.58",
            "revenue": 284982
        },
        "2023-11": {
            "month": "2023-11",
            "price": "233.23",
            "revenue": 339390
        },
        "2023-12": {
            "month": "2023-12",
            "price": "231.88",
            "revenue": 275254
        }
    }
}
