{
    "summary": {
        "stock_name": "泰金寶",
        "stock_id": "9105",
        "category": "存託憑證",
        "main_business": "電腦週邊及通訊產品之加工及製造。<BR>主要產品為印表機、傳真機、硬碟、<BR>PCBA、無線電話、手機、藍芽耳機、機上盒。",
        "website_url": "",
        "ceo": "鄒孔訓",
        "pe_ratio": 0,
        "report_year_from": 2003,
        "report_year_to": 2017,
        "age": 20,
        "eps_negative_percentage": 0,
        "eps_growth_avg": {
            "last_all": 23.08,
            "last_2y": -2.57,
            "last_4y": null,
            "last_8y": null,
            "last_12y": null,
            "last_16y": null,
            "last_20y": null,
            "at_2006_last_3y": null,
            "at_2007_last_3y": null,
            "at_2008_last_3y": null,
            "at_2009_last_3y": 23.08,
            "at_2010_last_3y": 23.08,
            "at_2011_last_3y": 23.08,
            "at_2012_last_3y": 23.08,
            "at_2013_last_3y": 23.08,
            "at_2014_last_3y": 23.08,
            "at_2015_last_3y": 23.08,
            "at_2016_last_3y": 23.08,
            "at_2017_last_3y": 23.08,
            "at_2018_last_3y": 23.08,
            "at_2019_last_3y": 23.08,
            "at_2020_last_3y": 23.08,
            "at_2021_last_3y": 23.08,
            "at_2022_last_3y": 23.08,
            "at_2023_last_3y": 23.08,
            "at_2006_last_all": null,
            "at_2007_last_all": 75.61,
            "at_2008_last_all": 44.49,
            "at_2009_last_all": 23.08,
            "at_2010_last_all": 23.08,
            "at_2011_last_all": 23.08,
            "at_2012_last_all": 23.08,
            "at_2013_last_all": 23.08,
            "at_2014_last_all": 23.08,
            "at_2015_last_all": 23.08,
            "at_2016_last_all": 23.08,
            "at_2017_last_all": 23.08,
            "at_2018_last_all": 23.08,
            "at_2019_last_all": 23.08,
            "at_2020_last_all": 23.08,
            "at_2021_last_all": 23.08,
            "at_2022_last_all": 23.08,
            "at_2023_last_all": 23.08
        },
        "latest_eps": 0,
        "latest_price": 3.19,
        "latest_roe": 0,
        "latest_gross_margin": null,
        "latest_equity": 16514435,
        "latest_revenue": 25865234,
        "latest_gross_profit": 1489354,
        "latest_net_income": 293743,
        "latest_debt_ratio": 68.99,
        "latest_current_ratio": 114.37,
        "latest_account_receivable_turnover_ratio": null,
        "latest_inventory_turnover_ratio": null,
        "latest_reinvestment_rate": null,
        "latest_research_to_sale_ratio": null
    },
    "eps_dividends": {
        "2001": {
            "cash": 0,
            "stock": 0,
            "eps": 0
        },
        "2002": {
            "cash": 0,
            "stock": 0,
            "eps": 0
        },
        "2003": {
            "cash": 0,
            "stock": 0,
            "eps": 0
        },
        "2004": {
            "cash": 0,
            "stock": 0,
            "eps": 0
        },
        "2005": {
            "cash": 0,
            "stock": 0,
            "eps": 0.07
        },
        "2006": {
            "cash": 0,
            "stock": 0,
            "eps": 0.41
        },
        "2007": {
            "cash": 0,
            "stock": 0,
            "eps": 0.62
        },
        "2008": {
            "cash": 0,
            "stock": 0,
            "eps": 0.51
        },
        "2009": {
            "cash": 0,
            "stock": 0,
            "eps": 0.3
        },
        "2010": {
            "cash": 0,
            "stock": 0,
            "eps": 0
        },
        "2011": {
            "cash": 0,
            "stock": 0,
            "eps": 0
        },
        "2012": {
            "cash": 0,
            "stock": 0,
            "eps": 0
        },
        "2013": {
            "cash": 0,
            "stock": 0,
            "eps": 0
        },
        "2014": {
            "cash": 0,
            "stock": 0,
            "eps": 0
        },
        "2015": {
            "cash": 0,
            "stock": 0,
            "eps": 0
        },
        "2016": {
            "cash": 0,
            "stock": 0,
            "eps": 0
        }
    },
    "dividends": {
        "2010-02-11": {
            "cash": 0.06,
            "stock": 0
        },
        "2011-02-14": {
            "cash": 0.08,
            "stock": 0
        }
    },
    "prices": {
        "200101": "無",
        "200102": "無",
        "200103": "無",
        "200104": "無",
        "200105": "無",
        "200106": "無",
        "200107": "無",
        "200108": "無",
        "200109": "無",
        "200110": "無",
        "200111": "無",
        "200112": "無",
        "200201": "無",
        "200202": "無",
        "200203": "無",
        "200204": "無",
        "200205": "無",
        "200206": "無",
        "200207": "無",
        "200208": "無",
        "200209": "無",
        "200210": "無",
        "200211": "無",
        "200212": "無",
        "200301": "無",
        "200302": "無",
        "200303": "無",
        "200304": "無",
        "200305": "無",
        "200306": "無",
        "200307": "無",
        "200308": "無",
        "200309": "33.80",
        "200310": "30.02",
        "200311": "31.52",
        "200312": "34.90",
        "200401": "35.70",
        "200402": "37.66",
        "200403": "35.24",
        "200404": "33.62",
        "200405": "34.28",
        "200406": "37.87",
        "200407": "37.90",
        "200408": "36.18",
        "200409": "36.05",
        "200410": "35.62",
        "200411": "34.22",
        "200412": "34.17",
        "200501": "35.04",
        "200502": "39.68",
        "200503": "40.39",
        "200504": "17.93",
        "200505": "4.09",
        "200506": "4.12",
        "200507": "5.75",
        "200508": "6.34",
        "200509": "5.29",
        "200510": "4.97",
        "200511": "5.85",
        "200512": "7.27",
        "200601": "7.11",
        "200602": "6.12",
        "200603": "5.91",
        "200604": "6.24",
        "200605": "5.92",
        "200606": "5.18",
        "200607": "5.12",
        "200608": "5.46",
        "200609": "5.08",
        "200610": "5.16",
        "200611": "5.53",
        "200612": "5.94",
        "200701": "6.03",
        "200702": "6.01",
        "200703": "7.63",
        "200704": "8.61",
        "200705": "8.15",
        "200706": "9.60",
        "200707": "11.74",
        "200708": "10.85",
        "200709": "10.41",
        "200710": "11.01",
        "200711": "9.91",
        "200712": "8.30",
        "200801": "7.50",
        "200802": "7.39",
        "200803": "7.27",
        "200804": "7.68",
        "200805": "8.12",
        "200806": "7.38",
        "200807": "6.34",
        "200808": "6.40",
        "200809": "4.99",
        "200810": "5.00",
        "200811": "4.59",
        "200812": "4.83",
        "200901": "4.79",
        "200902": "4.76",
        "200903": "5.28",
        "200904": "5.80",
        "200905": "5.77",
        "200906": "5.33",
        "200907": "5.21",
        "200908": "5.28",
        "200909": "5.32",
        "200910": "5.43",
        "200911": "5.33",
        "200912": "5.40",
        "201001": "5.43",
        "201002": "5.02",
        "201003": "5.03",
        "201004": "4.98",
        "201005": "4.57",
        "201006": "4.61",
        "201007": "4.82",
        "201008": "5.08",
        "201009": "5.02",
        "201010": "5.09",
        "201011": "4.91",
        "201012": "5.11",
        "201101": "5.11",
        "201102": "4.78",
        "201103": "4.49",
        "201104": "4.42",
        "201105": "4.30",
        "201106": "4.27",
        "201107": "4.04",
        "201108": "3.34",
        "201109": "3.13",
        "201110": "3.00",
        "201111": "2.79",
        "201112": "2.48",
        "201201": "3.24",
        "201202": "3.90",
        "201203": "3.89",
        "201204": "3.51",
        "201205": "3.24",
        "201206": "3.01",
        "201207": "2.95",
        "201208": "2.84",
        "201209": "2.87",
        "201210": "2.74",
        "201211": "2.49",
        "201212": "2.73",
        "201301": "3.03",
        "201302": "3.48",
        "201303": "3.68",
        "201304": "3.42",
        "201305": "3.55",
        "201306": "3.19",
        "201307": "2.96",
        "201308": "2.97",
        "201309": "3.08",
        "201310": "3.11",
        "201311": "3.04",
        "201312": "3.17",
        "201401": "3.24",
        "201402": "3.17",
        "201403": "3.14",
        "201404": "3.02",
        "201405": "2.91",
        "201406": "2.97",
        "201407": "3.05",
        "201408": "2.96",
        "201409": "3.01",
        "201410": "2.91",
        "201411": "2.92",
        "201412": "2.99",
        "201501": "3.74",
        "201502": "4.56",
        "201503": "4.74",
        "201504": "4.56",
        "201505": "3.92",
        "201506": "3.53",
        "201507": "3.23",
        "201508": "2.95",
        "201509": "3.22",
        "201510": "3.58",
        "201511": "3.42",
        "201512": "3.25",
        "201601": "3.07",
        "201602": "3.35",
        "201603": "3.27",
        "201604": "3.07",
        "201605": "3.02",
        "201606": "3.02",
        "201607": "3.01",
        "201608": "3.01",
        "201609": "2.98",
        "201610": "2.98",
        "201611": "2.88",
        "201612": "2.95",
        "201701": "2.91",
        "201702": "3.24",
        "201703": "3.23",
        "201704": "無",
        "201705": "無",
        "201706": "無",
        "201707": "無",
        "201708": "無",
        "201709": "無",
        "201710": "無",
        "201711": "無",
        "201712": "無",
        "201801": "無",
        "201802": "無",
        "201803": "無",
        "201804": "無",
        "201805": "無",
        "201806": "無",
        "201807": "無",
        "201808": "無",
        "201809": "無",
        "201810": "無",
        "201811": "無",
        "201812": "無",
        "201901": "無",
        "201902": "無",
        "201903": "無",
        "201904": "無",
        "201905": "無",
        "201906": "無",
        "201907": "無",
        "201908": "無",
        "201909": "無",
        "201910": "無",
        "201911": "無",
        "201912": "無",
        "202001": "無",
        "202002": "無",
        "202003": "無",
        "202004": "無",
        "202005": "無",
        "202006": "無",
        "202007": "無",
        "202008": "無",
        "202009": "無",
        "202010": "無",
        "202011": "無",
        "202012": "無",
        "202101": "無",
        "202102": "無",
        "202103": "無",
        "202104": "無",
        "202105": "無",
        "202106": "無",
        "202107": "無",
        "202108": "無",
        "202109": "無",
        "202110": "無",
        "202111": "無",
        "202112": "無",
        "202201": "無",
        "202202": "無",
        "202203": "無",
        "202204": "無",
        "202205": "無",
        "202206": "無",
        "202207": "無",
        "202208": "無",
        "202209": "無",
        "202210": "無",
        "202211": "無",
        "202212": "無",
        "202301": "無",
        "202302": "無",
        "202303": "無",
        "202304": "無",
        "202305": "無"
    },
    "quarters": {
        "20011": {
            "year_quarter": 20011,
            "year": 2001,
            "quarter": 1,
            "eps": null,
            "eps_growth_year": null,
            "eps_4q": null,
            "eps_4q_growth_year": null,
            "roe": null,
            "roe_4q": 0,
            "gross_profit": null,
            "gross_margin": null,
            "gross_margin_4q_avg": 0,
            "net_income": null,
            "revenue": null,
            "common_shares": null,
            "book_valuer_per_share": null,
            "book_valuer_per_share_4q_avg": 0,
            "equity": null,
            "current_ratio": null,
            "debt_ratio": null,
            "inventory_turnover_ratio": null,
            "account_receivable_turnover_ratio": null,
            "reinvestment_rate": null,
            "research_to_sale_ratio": null,
            "price_fair": 0,
            "eps_avg_yearly": 0,
            "eps_latest_yearly": 0,
            "eps_growth_yearly": 0
        },
        "20012": {
            "year_quarter": 20012,
            "year": 2001,
            "quarter": 2,
            "eps": null,
            "eps_growth_year": null,
            "eps_4q": null,
            "eps_4q_growth_year": null,
            "roe": null,
            "roe_4q": 0,
            "gross_profit": null,
            "gross_margin": null,
            "gross_margin_4q_avg": 0,
            "net_income": null,
            "revenue": null,
            "common_shares": null,
            "book_valuer_per_share": null,
            "book_valuer_per_share_4q_avg": 0,
            "equity": null,
            "current_ratio": null,
            "debt_ratio": null,
            "inventory_turnover_ratio": null,
            "account_receivable_turnover_ratio": null,
            "reinvestment_rate": null,
            "research_to_sale_ratio": null,
            "price_fair": 0,
            "eps_avg_yearly": 0,
            "eps_latest_yearly": 0,
            "eps_growth_yearly": 0
        },
        "20013": {
            "year_quarter": 20013,
            "year": 2001,
            "quarter": 3,
            "eps": null,
            "eps_growth_year": null,
            "eps_4q": null,
            "eps_4q_growth_year": null,
            "roe": null,
            "roe_4q": 0,
            "gross_profit": null,
            "gross_margin": null,
            "gross_margin_4q_avg": 0,
            "net_income": null,
            "revenue": null,
            "common_shares": null,
            "book_valuer_per_share": null,
            "book_valuer_per_share_4q_avg": 0,
            "equity": null,
            "current_ratio": null,
            "debt_ratio": null,
            "inventory_turnover_ratio": null,
            "account_receivable_turnover_ratio": null,
            "reinvestment_rate": null,
            "research_to_sale_ratio": null,
            "price_fair": 0,
            "eps_avg_yearly": 0,
            "eps_latest_yearly": 0,
            "eps_growth_yearly": 0
        },
        "20014": {
            "year_quarter": 20014,
            "year": 2001,
            "quarter": 4,
            "eps": null,
            "eps_growth_year": null,
            "eps_4q": null,
            "eps_4q_growth_year": null,
            "roe": null,
            "roe_4q": 0,
            "gross_profit": null,
            "gross_margin": null,
            "gross_margin_4q_avg": 0,
            "net_income": null,
            "revenue": null,
            "common_shares": 2446200,
            "book_valuer_per_share": 20.23,
            "book_valuer_per_share_4q_avg": 5.06,
            "equity": 4949008,
            "current_ratio": 134.81,
            "debt_ratio": 57,
            "inventory_turnover_ratio": null,
            "account_receivable_turnover_ratio": null,
            "reinvestment_rate": null,
            "research_to_sale_ratio": null,
            "price_fair": 0,
            "eps_avg_yearly": 0,
            "eps_latest_yearly": 0,
            "eps_growth_yearly": 0
        },
        "20021": {
            "year_quarter": 20021,
            "year": 2002,
            "quarter": 1,
            "eps": null,
            "eps_growth_year": null,
            "eps_4q": null,
            "eps_4q_growth_year": null,
            "roe": null,
            "roe_4q": 0,
            "gross_profit": null,
            "gross_margin": null,
            "gross_margin_4q_avg": 0,
            "net_income": null,
            "revenue": null,
            "common_shares": null,
            "book_valuer_per_share": null,
            "book_valuer_per_share_4q_avg": 5.06,
            "equity": null,
            "current_ratio": null,
            "debt_ratio": null,
            "inventory_turnover_ratio": null,
            "account_receivable_turnover_ratio": null,
            "reinvestment_rate": null,
            "research_to_sale_ratio": null,
            "price_fair": 0,
            "eps_avg_yearly": 0,
            "eps_latest_yearly": 0,
            "eps_growth_yearly": 0
        },
        "20022": {
            "year_quarter": 20022,
            "year": 2002,
            "quarter": 2,
            "eps": null,
            "eps_growth_year": null,
            "eps_4q": null,
            "eps_4q_growth_year": null,
            "roe": null,
            "roe_4q": 0,
            "gross_profit": null,
            "gross_margin": null,
            "gross_margin_4q_avg": 0,
            "net_income": null,
            "revenue": null,
            "common_shares": null,
            "book_valuer_per_share": null,
            "book_valuer_per_share_4q_avg": 5.06,
            "equity": null,
            "current_ratio": null,
            "debt_ratio": null,
            "inventory_turnover_ratio": null,
            "account_receivable_turnover_ratio": null,
            "reinvestment_rate": null,
            "research_to_sale_ratio": null,
            "price_fair": 0,
            "eps_avg_yearly": 0,
            "eps_latest_yearly": 0,
            "eps_growth_yearly": 0
        },
        "20023": {
            "year_quarter": 20023,
            "year": 2002,
            "quarter": 3,
            "eps": null,
            "eps_growth_year": null,
            "eps_4q": null,
            "eps_4q_growth_year": null,
            "roe": null,
            "roe_4q": 0,
            "gross_profit": null,
            "gross_margin": null,
            "gross_margin_4q_avg": 0,
            "net_income": null,
            "revenue": null,
            "common_shares": null,
            "book_valuer_per_share": null,
            "book_valuer_per_share_4q_avg": 5.06,
            "equity": null,
            "current_ratio": null,
            "debt_ratio": null,
            "inventory_turnover_ratio": null,
            "account_receivable_turnover_ratio": null,
            "reinvestment_rate": null,
            "research_to_sale_ratio": null,
            "price_fair": 0,
            "eps_avg_yearly": 0,
            "eps_latest_yearly": 0,
            "eps_growth_yearly": 0
        },
        "20024": {
            "year_quarter": 20024,
            "year": 2002,
            "quarter": 4,
            "eps": null,
            "eps_growth_year": null,
            "eps_4q": null,
            "eps_4q_growth_year": null,
            "roe": null,
            "roe_4q": 0,
            "gross_profit": null,
            "gross_margin": null,
            "gross_margin_4q_avg": 0,
            "net_income": null,
            "revenue": null,
            "common_shares": 2446200,
            "book_valuer_per_share": 20.87,
            "book_valuer_per_share_4q_avg": 5.22,
            "equity": 5104034,
            "current_ratio": 196.48,
            "debt_ratio": 54.18,
            "inventory_turnover_ratio": null,
            "account_receivable_turnover_ratio": null,
            "reinvestment_rate": null,
            "research_to_sale_ratio": null,
            "price_fair": 0,
            "eps_avg_yearly": 0,
            "eps_latest_yearly": 0,
            "eps_growth_yearly": 0
        },
        "20031": {
            "year_quarter": 20031,
            "year": 2003,
            "quarter": 1,
            "eps": null,
            "eps_growth_year": null,
            "eps_4q": null,
            "eps_4q_growth_year": null,
            "roe": null,
            "roe_4q": 0,
            "gross_profit": null,
            "gross_margin": null,
            "gross_margin_4q_avg": 0,
            "net_income": null,
            "revenue": null,
            "common_shares": null,
            "book_valuer_per_share": null,
            "book_valuer_per_share_4q_avg": 5.22,
            "equity": null,
            "current_ratio": null,
            "debt_ratio": null,
            "inventory_turnover_ratio": null,
            "account_receivable_turnover_ratio": null,
            "reinvestment_rate": null,
            "research_to_sale_ratio": null,
            "price_fair": 0,
            "eps_avg_yearly": 0,
            "eps_latest_yearly": 0,
            "eps_growth_yearly": 0
        },
        "20032": {
            "year_quarter": 20032,
            "year": 2003,
            "quarter": 2,
            "eps": null,
            "eps_growth_year": null,
            "eps_4q": null,
            "eps_4q_growth_year": null,
            "roe": null,
            "roe_4q": 0,
            "gross_profit": null,
            "gross_margin": null,
            "gross_margin_4q_avg": 0,
            "net_income": null,
            "revenue": null,
            "common_shares": null,
            "book_valuer_per_share": null,
            "book_valuer_per_share_4q_avg": 5.22,
            "equity": null,
            "current_ratio": null,
            "debt_ratio": null,
            "inventory_turnover_ratio": null,
            "account_receivable_turnover_ratio": null,
            "reinvestment_rate": null,
            "research_to_sale_ratio": null,
            "price_fair": 0,
            "eps_avg_yearly": 0,
            "eps_latest_yearly": 0,
            "eps_growth_yearly": 0
        },
        "20033": {
            "year_quarter": 20033,
            "year": 2003,
            "quarter": 3,
            "eps": null,
            "eps_growth_year": null,
            "eps_4q": null,
            "eps_4q_growth_year": null,
            "roe": null,
            "roe_4q": 0,
            "gross_profit": null,
            "gross_margin": null,
            "gross_margin_4q_avg": 0,
            "net_income": null,
            "revenue": null,
            "common_shares": null,
            "book_valuer_per_share": null,
            "book_valuer_per_share_4q_avg": 5.22,
            "equity": null,
            "current_ratio": null,
            "debt_ratio": null,
            "inventory_turnover_ratio": null,
            "account_receivable_turnover_ratio": null,
            "reinvestment_rate": null,
            "research_to_sale_ratio": null,
            "price_fair": 0,
            "eps_avg_yearly": 0,
            "eps_latest_yearly": 0,
            "eps_growth_yearly": 0
        },
        "20034": {
            "year_quarter": 20034,
            "year": 2003,
            "quarter": 4,
            "eps": null,
            "eps_growth_year": null,
            "eps_4q": null,
            "eps_4q_growth_year": null,
            "roe": null,
            "roe_4q": 0,
            "gross_profit": null,
            "gross_margin": null,
            "gross_margin_4q_avg": 0,
            "net_income": null,
            "revenue": null,
            "common_shares": 2623267,
            "book_valuer_per_share": 22.64,
            "book_valuer_per_share_4q_avg": 5.66,
            "equity": 5939971,
            "current_ratio": 153.86,
            "debt_ratio": 56.55,
            "inventory_turnover_ratio": null,
            "account_receivable_turnover_ratio": null,
            "reinvestment_rate": null,
            "research_to_sale_ratio": null,
            "price_fair": 0,
            "eps_avg_yearly": 0,
            "eps_latest_yearly": 0,
            "eps_growth_yearly": 0
        },
        "20041": {
            "year_quarter": 20041,
            "year": 2004,
            "quarter": 1,
            "eps": null,
            "eps_growth_year": null,
            "eps_4q": null,
            "eps_4q_growth_year": null,
            "roe": null,
            "roe_4q": 0,
            "gross_profit": null,
            "gross_margin": null,
            "gross_margin_4q_avg": 0,
            "net_income": null,
            "revenue": null,
            "common_shares": null,
            "book_valuer_per_share": null,
            "book_valuer_per_share_4q_avg": 5.66,
            "equity": null,
            "current_ratio": null,
            "debt_ratio": null,
            "inventory_turnover_ratio": null,
            "account_receivable_turnover_ratio": null,
            "reinvestment_rate": null,
            "research_to_sale_ratio": null,
            "price_fair": 0,
            "eps_avg_yearly": 0,
            "eps_latest_yearly": 0,
            "eps_growth_yearly": 0
        },
        "20042": {
            "year_quarter": 20042,
            "year": 2004,
            "quarter": 2,
            "eps": null,
            "eps_growth_year": null,
            "eps_4q": null,
            "eps_4q_growth_year": null,
            "roe": null,
            "roe_4q": 0,
            "gross_profit": null,
            "gross_margin": null,
            "gross_margin_4q_avg": 0,
            "net_income": null,
            "revenue": null,
            "common_shares": null,
            "book_valuer_per_share": null,
            "book_valuer_per_share_4q_avg": 5.66,
            "equity": null,
            "current_ratio": null,
            "debt_ratio": null,
            "inventory_turnover_ratio": null,
            "account_receivable_turnover_ratio": null,
            "reinvestment_rate": null,
            "research_to_sale_ratio": null,
            "price_fair": 0,
            "eps_avg_yearly": 0,
            "eps_latest_yearly": 0,
            "eps_growth_yearly": 0
        },
        "20043": {
            "year_quarter": 20043,
            "year": 2004,
            "quarter": 3,
            "eps": null,
            "eps_growth_year": null,
            "eps_4q": null,
            "eps_4q_growth_year": null,
            "roe": null,
            "roe_4q": 0,
            "gross_profit": null,
            "gross_margin": null,
            "gross_margin_4q_avg": 0,
            "net_income": null,
            "revenue": null,
            "common_shares": null,
            "book_valuer_per_share": null,
            "book_valuer_per_share_4q_avg": 5.66,
            "equity": null,
            "current_ratio": null,
            "debt_ratio": null,
            "inventory_turnover_ratio": null,
            "account_receivable_turnover_ratio": null,
            "reinvestment_rate": null,
            "research_to_sale_ratio": null,
            "price_fair": 0,
            "eps_avg_yearly": 0,
            "eps_latest_yearly": 0,
            "eps_growth_yearly": 0
        },
        "20044": {
            "year_quarter": 20044,
            "year": 2004,
            "quarter": 4,
            "eps": null,
            "eps_growth_year": null,
            "eps_4q": null,
            "eps_4q_growth_year": null,
            "roe": null,
            "roe_4q": 0,
            "gross_profit": null,
            "gross_margin": null,
            "gross_margin_4q_avg": 0,
            "net_income": null,
            "revenue": null,
            "common_shares": 2652961,
            "book_valuer_per_share": 25.63,
            "book_valuer_per_share_4q_avg": 6.41,
            "equity": 6799603,
            "current_ratio": 141.65,
            "debt_ratio": 68.39,
            "inventory_turnover_ratio": null,
            "account_receivable_turnover_ratio": null,
            "reinvestment_rate": null,
            "research_to_sale_ratio": null,
            "price_fair": 0,
            "eps_avg_yearly": 0,
            "eps_latest_yearly": 0,
            "eps_growth_yearly": 0
        },
        "20051": {
            "year_quarter": 20051,
            "year": 2005,
            "quarter": 1,
            "eps": 0.07,
            "eps_growth_year": null,
            "eps_4q": null,
            "eps_4q_growth_year": null,
            "roe": 3.53,
            "roe_4q": 3.53,
            "gross_profit": 528982,
            "gross_margin": 5.02,
            "gross_margin_4q_avg": 1.26,
            "net_income": 249926,
            "revenue": 10534885,
            "common_shares": 2879941,
            "book_valuer_per_share": 25.55,
            "book_valuer_per_share_4q_avg": 12.8,
            "equity": 7358142,
            "current_ratio": 153.72,
            "debt_ratio": 63.71,
            "inventory_turnover_ratio": 1.61,
            "account_receivable_turnover_ratio": null,
            "reinvestment_rate": null,
            "research_to_sale_ratio": null,
            "price_fair": 0,
            "eps_avg_yearly": 0,
            "eps_latest_yearly": 0,
            "eps_growth_yearly": 0
        },
        "20052": {
            "year_quarter": 20052,
            "year": 2005,
            "quarter": 2,
            "eps": null,
            "eps_growth_year": null,
            "eps_4q": null,
            "eps_4q_growth_year": null,
            "roe": null,
            "roe_4q": 3.53,
            "gross_profit": null,
            "gross_margin": null,
            "gross_margin_4q_avg": 1.26,
            "net_income": null,
            "revenue": null,
            "common_shares": null,
            "book_valuer_per_share": null,
            "book_valuer_per_share_4q_avg": 12.8,
            "equity": null,
            "current_ratio": null,
            "debt_ratio": null,
            "inventory_turnover_ratio": null,
            "account_receivable_turnover_ratio": null,
            "reinvestment_rate": null,
            "research_to_sale_ratio": null,
            "price_fair": 0,
            "eps_avg_yearly": 0,
            "eps_latest_yearly": 0,
            "eps_growth_yearly": 0
        },
        "20053": {
            "year_quarter": 20053,
            "year": 2005,
            "quarter": 3,
            "eps": null,
            "eps_growth_year": null,
            "eps_4q": null,
            "eps_4q_growth_year": null,
            "roe": null,
            "roe_4q": 3.53,
            "gross_profit": null,
            "gross_margin": null,
            "gross_margin_4q_avg": 1.26,
            "net_income": null,
            "revenue": null,
            "common_shares": null,
            "book_valuer_per_share": null,
            "book_valuer_per_share_4q_avg": 12.8,
            "equity": null,
            "current_ratio": null,
            "debt_ratio": null,
            "inventory_turnover_ratio": null,
            "account_receivable_turnover_ratio": null,
            "reinvestment_rate": null,
            "research_to_sale_ratio": null,
            "price_fair": 0,
            "eps_avg_yearly": 0,
            "eps_latest_yearly": 0,
            "eps_growth_yearly": 0
        },
        "20054": {
            "year_quarter": 20054,
            "year": 2005,
            "quarter": 4,
            "eps": null,
            "eps_growth_year": null,
            "eps_4q": null,
            "eps_4q_growth_year": null,
            "roe": null,
            "roe_4q": 3.53,
            "gross_profit": null,
            "gross_margin": null,
            "gross_margin_4q_avg": 1.26,
            "net_income": null,
            "revenue": null,
            "common_shares": 2940081,
            "book_valuer_per_share": 28.44,
            "book_valuer_per_share_4q_avg": 13.5,
            "equity": 8360972,
            "current_ratio": 155.99,
            "debt_ratio": 60.28,
            "inventory_turnover_ratio": null,
            "account_receivable_turnover_ratio": null,
            "reinvestment_rate": null,
            "research_to_sale_ratio": null,
            "price_fair": 0,
            "eps_avg_yearly": 0,
            "eps_latest_yearly": 0,
            "eps_growth_yearly": 0
        },
        "20061": {
            "year_quarter": 20061,
            "year": 2006,
            "quarter": 1,
            "eps": 0.08,
            "eps_growth_year": 14.29,
            "eps_4q": null,
            "eps_4q_growth_year": null,
            "roe": 3.49,
            "roe_4q": 3.49,
            "gross_profit": 614826,
            "gross_margin": 5.4,
            "gross_margin_4q_avg": 1.35,
            "net_income": 291209,
            "revenue": 11377497,
            "common_shares": 3027194,
            "book_valuer_per_share": 27.54,
            "book_valuer_per_share_4q_avg": 14,
            "equity": 8338062,
            "current_ratio": 146.29,
            "debt_ratio": 63.44,
            "inventory_turnover_ratio": 2.05,
            "account_receivable_turnover_ratio": null,
            "reinvestment_rate": null,
            "research_to_sale_ratio": null,
            "price_fair": 0,
            "eps_avg_yearly": 0,
            "eps_latest_yearly": 0,
            "eps_growth_yearly": 0
        },
        "20062": {
            "year_quarter": 20062,
            "year": 2006,
            "quarter": 2,
            "eps": 0.14,
            "eps_growth_year": null,
            "eps_4q": null,
            "eps_4q_growth_year": null,
            "roe": 5.89,
            "roe_4q": 9.379999999999999,
            "gross_profit": 788565,
            "gross_margin": 4.74,
            "gross_margin_4q_avg": 2.54,
            "net_income": 509267,
            "revenue": 16626070,
            "common_shares": 3078010,
            "book_valuer_per_share": 29.1,
            "book_valuer_per_share_4q_avg": 21.27,
            "equity": 8956554,
            "current_ratio": 136.69,
            "debt_ratio": 66.32,
            "inventory_turnover_ratio": null,
            "account_receivable_turnover_ratio": null,
            "reinvestment_rate": null,
            "research_to_sale_ratio": null,
            "price_fair": 19.6,
            "eps_avg_yearly": 0.56,
            "eps_latest_yearly": 0.56,
            "eps_growth_yearly": 300
        },
        "20063": {
            "year_quarter": 20063,
            "year": 2006,
            "quarter": 3,
            "eps": 0.2,
            "eps_growth_year": null,
            "eps_4q": null,
            "eps_4q_growth_year": null,
            "roe": 7.62,
            "roe_4q": 17,
            "gross_profit": 1114912,
            "gross_margin": 5.53,
            "gross_margin_4q_avg": 3.92,
            "net_income": 745200,
            "revenue": 20171877,
            "common_shares": 3444693,
            "book_valuer_per_share": 30.78,
            "book_valuer_per_share_4q_avg": 28.97,
            "equity": 10601709,
            "current_ratio": 140.11,
            "debt_ratio": 64.56,
            "inventory_turnover_ratio": null,
            "account_receivable_turnover_ratio": null,
            "reinvestment_rate": null,
            "research_to_sale_ratio": null,
            "price_fair": 23.8,
            "eps_avg_yearly": 0.68,
            "eps_latest_yearly": 0.8,
            "eps_growth_yearly": 235.71
        },
        "20064": {
            "year_quarter": 20064,
            "year": 2006,
            "quarter": 4,
            "eps": -0.01,
            "eps_growth_year": null,
            "eps_4q": 0.41,
            "eps_4q_growth_year": null,
            "roe": -0.18,
            "roe_4q": 16.82,
            "gross_profit": 1072602,
            "gross_margin": 4.76,
            "gross_margin_4q_avg": 5.11,
            "net_income": -19088,
            "revenue": 22530143,
            "common_shares": 3563195,
            "book_valuer_per_share": 30.25,
            "book_valuer_per_share_4q_avg": 29.42,
            "equity": 10777470,
            "current_ratio": 134.43,
            "debt_ratio": 64.68,
            "inventory_turnover_ratio": 2.96,
            "account_receivable_turnover_ratio": null,
            "reinvestment_rate": null,
            "research_to_sale_ratio": null,
            "price_fair": 23.8,
            "eps_avg_yearly": 0.68,
            "eps_latest_yearly": 0.8,
            "eps_growth_yearly": 235.71
        },
        "20071": {
            "year_quarter": 20071,
            "year": 2007,
            "quarter": 1,
            "eps": 0.17,
            "eps_growth_year": 112.5,
            "eps_4q": 0.48,
            "eps_4q_growth_year": null,
            "roe": 5.95,
            "roe_4q": 19.28,
            "gross_profit": 1002579,
            "gross_margin": 5.01,
            "gross_margin_4q_avg": 5.01,
            "net_income": 669240,
            "revenue": 20017277,
            "common_shares": 3693146,
            "book_valuer_per_share": 31.74,
            "book_valuer_per_share_4q_avg": 30.47,
            "equity": 11722008,
            "current_ratio": 134.61,
            "debt_ratio": 64.69,
            "inventory_turnover_ratio": 2.62,
            "account_receivable_turnover_ratio": null,
            "reinvestment_rate": null,
            "research_to_sale_ratio": null,
            "price_fair": 23.8,
            "eps_avg_yearly": 0.68,
            "eps_latest_yearly": 0.8,
            "eps_growth_yearly": 235.71
        },
        "20072": {
            "year_quarter": 20072,
            "year": 2007,
            "quarter": 2,
            "eps": 0.15,
            "eps_growth_year": 7.14,
            "eps_4q": 0.5,
            "eps_4q_growth_year": null,
            "roe": 4.93,
            "roe_4q": 18.32,
            "gross_profit": 915110,
            "gross_margin": 4.79,
            "gross_margin_4q_avg": 5.02,
            "net_income": 596402,
            "revenue": 19095514,
            "common_shares": 3733984,
            "book_valuer_per_share": 33.37,
            "book_valuer_per_share_4q_avg": 31.54,
            "equity": 12461080,
            "current_ratio": 134.87,
            "debt_ratio": 63.26,
            "inventory_turnover_ratio": null,
            "account_receivable_turnover_ratio": null,
            "reinvestment_rate": null,
            "research_to_sale_ratio": null,
            "price_fair": 22.87,
            "eps_avg_yearly": 0.65,
            "eps_latest_yearly": 0.6,
            "eps_growth_yearly": 141.46
        },
        "20073": {
            "year_quarter": 20073,
            "year": 2007,
            "quarter": 3,
            "eps": 0.24,
            "eps_growth_year": 20,
            "eps_4q": 0.56,
            "eps_4q_growth_year": null,
            "roe": 7.44,
            "roe_4q": 18.14,
            "gross_profit": 1513387,
            "gross_margin": 5.89,
            "gross_margin_4q_avg": 5.11,
            "net_income": 939479,
            "revenue": 25698908,
            "common_shares": 3778057,
            "book_valuer_per_share": 33.83,
            "book_valuer_per_share_4q_avg": 32.3,
            "equity": 12780734,
            "current_ratio": 125.22,
            "debt_ratio": 68.5,
            "inventory_turnover_ratio": null,
            "account_receivable_turnover_ratio": null,
            "reinvestment_rate": null,
            "research_to_sale_ratio": null,
            "price_fair": 25.55,
            "eps_avg_yearly": 0.73,
            "eps_latest_yearly": 0.96,
            "eps_growth_yearly": 166.09
        },
        "20074": {
            "year_quarter": 20074,
            "year": 2007,
            "quarter": 4,
            "eps": 0.06,
            "eps_growth_year": null,
            "eps_4q": 0.62,
            "eps_4q_growth_year": 52.09,
            "roe": 1.74,
            "roe_4q": 20.06,
            "gross_profit": 1570176,
            "gross_margin": 4.41,
            "gross_margin_4q_avg": 5.03,
            "net_income": 234742,
            "revenue": 35580706,
            "common_shares": 4193553,
            "book_valuer_per_share": 33.94,
            "book_valuer_per_share_4q_avg": 33.22,
            "equity": 14247420,
            "current_ratio": 120.64,
            "debt_ratio": 70.03,
            "inventory_turnover_ratio": 3.8,
            "account_receivable_turnover_ratio": null,
            "reinvestment_rate": null,
            "research_to_sale_ratio": null,
            "price_fair": 22.12,
            "eps_avg_yearly": 0.63,
            "eps_latest_yearly": 0.24,
            "eps_growth_yearly": 72.87
        },
        "20081": {
            "year_quarter": 20081,
            "year": 2008,
            "quarter": 1,
            "eps": 0.15,
            "eps_growth_year": -11.76,
            "eps_4q": 0.59,
            "eps_4q_growth_year": 22.33,
            "roe": 4.35,
            "roe_4q": 18.46,
            "gross_profit": 1079278,
            "gross_margin": 4.73,
            "gross_margin_4q_avg": 4.96,
            "net_income": 601055,
            "revenue": 22811419,
            "common_shares": 3818836,
            "book_valuer_per_share": 35.07,
            "book_valuer_per_share_4q_avg": 34.05,
            "equity": 13392157,
            "current_ratio": 116.96,
            "debt_ratio": 69.52,
            "inventory_turnover_ratio": 2.43,
            "account_receivable_turnover_ratio": null,
            "reinvestment_rate": null,
            "research_to_sale_ratio": null,
            "price_fair": 21.93,
            "eps_avg_yearly": 0.63,
            "eps_latest_yearly": 0.6,
            "eps_growth_yearly": 160.73
        },
        "20082": {
            "year_quarter": 20082,
            "year": 2008,
            "quarter": 2,
            "eps": 0.25,
            "eps_growth_year": 66.67,
            "eps_4q": 0.7,
            "eps_4q_growth_year": 40.72,
            "roe": 7.16,
            "roe_4q": 20.69,
            "gross_profit": 1019606,
            "gross_margin": 4.42,
            "gross_margin_4q_avg": 4.86,
            "net_income": 975486,
            "revenue": 23077662,
            "common_shares": 3606326,
            "book_valuer_per_share": 38.46,
            "book_valuer_per_share_4q_avg": 35.33,
            "equity": 13868311,
            "current_ratio": 116.85,
            "debt_ratio": 69.85,
            "inventory_turnover_ratio": 2.25,
            "account_receivable_turnover_ratio": null,
            "reinvestment_rate": null,
            "research_to_sale_ratio": null,
            "price_fair": 23.8,
            "eps_avg_yearly": 0.68,
            "eps_latest_yearly": 1,
            "eps_growth_yearly": 175.86
        },
        "20083": {
            "year_quarter": 20083,
            "year": 2008,
            "quarter": 3,
            "eps": 0.21,
            "eps_growth_year": -12.5,
            "eps_4q": 0.67,
            "eps_4q_growth_year": 20.51,
            "roe": 5.8,
            "roe_4q": 19.05,
            "gross_profit": 1023686,
            "gross_margin": 2.75,
            "gross_margin_4q_avg": 4.08,
            "net_income": 821509,
            "revenue": 37280882,
            "common_shares": 3724006,
            "book_valuer_per_share": 38.81,
            "book_valuer_per_share_4q_avg": 36.57,
            "equity": 14454036,
            "current_ratio": 113.67,
            "debt_ratio": 75.6,
            "inventory_turnover_ratio": 3.39,
            "account_receivable_turnover_ratio": null,
            "reinvestment_rate": null,
            "research_to_sale_ratio": null,
            "price_fair": 24.5,
            "eps_avg_yearly": 0.7,
            "eps_latest_yearly": 0.84,
            "eps_growth_yearly": 145.88
        },
        "20084": {
            "year_quarter": 20084,
            "year": 2008,
            "quarter": 4,
            "eps": -0.1,
            "eps_growth_year": -266.67,
            "eps_4q": 0.52,
            "eps_4q_growth_year": -16.61,
            "roe": -2.63,
            "roe_4q": 14.68,
            "gross_profit": 907004,
            "gross_margin": 2.88,
            "gross_margin_4q_avg": 3.7,
            "net_income": -372719,
            "revenue": 31485470,
            "common_shares": 3655759,
            "book_valuer_per_share": 38.06,
            "book_valuer_per_share_4q_avg": 37.6,
            "equity": 13913967,
            "current_ratio": 112.73,
            "debt_ratio": 74.87,
            "inventory_turnover_ratio": 2.88,
            "account_receivable_turnover_ratio": null,
            "reinvestment_rate": null,
            "research_to_sale_ratio": null,
            "price_fair": 24.5,
            "eps_avg_yearly": 0.7,
            "eps_latest_yearly": 0.84,
            "eps_growth_yearly": 145.88
        },
        "20091": {
            "year_quarter": 20091,
            "year": 2009,
            "quarter": 1,
            "eps": 0.18,
            "eps_growth_year": 20,
            "eps_4q": 0.53,
            "eps_4q_growth_year": -9.92,
            "roe": 5.03,
            "roe_4q": 15.36,
            "gross_profit": 745876,
            "gross_margin": 3.2,
            "gross_margin_4q_avg": 3.31,
            "net_income": 725996,
            "revenue": 23272579,
            "common_shares": 3774276,
            "book_valuer_per_share": 39.58,
            "book_valuer_per_share_4q_avg": 38.73,
            "equity": 14939653,
            "current_ratio": 118.82,
            "debt_ratio": 68.15,
            "inventory_turnover_ratio": 2.57,
            "account_receivable_turnover_ratio": null,
            "reinvestment_rate": null,
            "research_to_sale_ratio": null,
            "price_fair": 24.5,
            "eps_avg_yearly": 0.7,
            "eps_latest_yearly": 0.84,
            "eps_growth_yearly": 145.88
        },
        "20092": {
            "year_quarter": 20092,
            "year": 2009,
            "quarter": 2,
            "eps": -0.05,
            "eps_growth_year": -120,
            "eps_4q": 2.53,
            "eps_4q_growth_year": 258.91,
            "roe": -1.39,
            "roe_4q": 6.8100000000000005,
            "gross_profit": 1101255,
            "gross_margin": 4.07,
            "gross_margin_4q_avg": 3.23,
            "net_income": -207615,
            "revenue": 27070505,
            "common_shares": 3822722,
            "book_valuer_per_share": 39.19,
            "book_valuer_per_share_4q_avg": 38.91,
            "equity": 14982930,
            "current_ratio": 120.86,
            "debt_ratio": 66.94,
            "inventory_turnover_ratio": 3.37,
            "account_receivable_turnover_ratio": null,
            "reinvestment_rate": null,
            "research_to_sale_ratio": null,
            "price_fair": 24.5,
            "eps_avg_yearly": 0.7,
            "eps_latest_yearly": 0.84,
            "eps_growth_yearly": 145.88
        },
        "20093": {
            "year_quarter": 20093,
            "year": 2009,
            "quarter": 3,
            "eps": -0.09,
            "eps_growth_year": -142.86,
            "eps_4q": -0.57,
            "eps_4q_growth_year": -184.53,
            "roe": -2.47,
            "roe_4q": -1.46,
            "gross_profit": 952034,
            "gross_margin": 3.47,
            "gross_margin_4q_avg": 3.41,
            "net_income": -363130,
            "revenue": 27420913,
            "common_shares": 3822722,
            "book_valuer_per_share": 37.68,
            "book_valuer_per_share_4q_avg": 38.63,
            "equity": 14403839,
            "current_ratio": 122.18,
            "debt_ratio": 66.35,
            "inventory_turnover_ratio": 3.52,
            "account_receivable_turnover_ratio": null,
            "reinvestment_rate": null,
            "research_to_sale_ratio": null,
            "price_fair": 24.5,
            "eps_avg_yearly": 0.7,
            "eps_latest_yearly": 0.84,
            "eps_growth_yearly": 145.88
        },
        "20094": {
            "year_quarter": 20094,
            "year": 2009,
            "quarter": 4,
            "eps": 0.26,
            "eps_growth_year": null,
            "eps_4q": 0.3,
            "eps_4q_growth_year": -42.31,
            "roe": 6.82,
            "roe_4q": 7.99,
            "gross_profit": 1032548,
            "gross_margin": 3.92,
            "gross_margin_4q_avg": 3.67,
            "net_income": 1009606,
            "revenue": 26336401,
            "common_shares": 3783464,
            "book_valuer_per_share": 40.21,
            "book_valuer_per_share_4q_avg": 39.17,
            "equity": 15214947,
            "current_ratio": 121.99,
            "debt_ratio": 65.99,
            "inventory_turnover_ratio": 3.18,
            "account_receivable_turnover_ratio": null,
            "reinvestment_rate": 41.09,
            "research_to_sale_ratio": null,
            "price_fair": 24.5,
            "eps_avg_yearly": 0.7,
            "eps_latest_yearly": 0.84,
            "eps_growth_yearly": 145.88
        },
        "20101": {
            "year_quarter": 20101,
            "year": 2010,
            "quarter": 1,
            "eps": null,
            "eps_growth_year": null,
            "eps_4q": null,
            "eps_4q_growth_year": null,
            "roe": null,
            "roe_4q": 2.96,
            "gross_profit": 968659,
            "gross_margin": null,
            "gross_margin_4q_avg": 2.87,
            "net_income": 670884,
            "revenue": 27043162,
            "common_shares": 3910634,
            "book_valuer_per_share": 41.53,
            "book_valuer_per_share_4q_avg": 39.65,
            "equity": 16493527,
            "current_ratio": 121.24,
            "debt_ratio": 66.54,
            "inventory_turnover_ratio": null,
            "account_receivable_turnover_ratio": null,
            "reinvestment_rate": null,
            "research_to_sale_ratio": null,
            "price_fair": 24.5,
            "eps_avg_yearly": 0.7,
            "eps_latest_yearly": 0.84,
            "eps_growth_yearly": 145.88
        },
        "20102": {
            "year_quarter": 20102,
            "year": 2010,
            "quarter": 2,
            "eps": null,
            "eps_growth_year": null,
            "eps_4q": null,
            "eps_4q_growth_year": null,
            "roe": null,
            "roe_4q": 4.35,
            "gross_profit": 1399620,
            "gross_margin": null,
            "gross_margin_4q_avg": 1.85,
            "net_income": 256733,
            "revenue": 29819537,
            "common_shares": 3969844,
            "book_valuer_per_share": 41.55,
            "book_valuer_per_share_4q_avg": 40.24,
            "equity": 16716567,
            "current_ratio": 120.44,
            "debt_ratio": 67.22,
            "inventory_turnover_ratio": null,
            "account_receivable_turnover_ratio": null,
            "reinvestment_rate": null,
            "research_to_sale_ratio": null,
            "price_fair": 25.2,
            "eps_avg_yearly": 0.72,
            "eps_latest_yearly": 0.84,
            "eps_growth_yearly": 123.86
        },
        "20103": {
            "year_quarter": 20103,
            "year": 2010,
            "quarter": 3,
            "eps": null,
            "eps_growth_year": null,
            "eps_4q": null,
            "eps_4q_growth_year": null,
            "roe": null,
            "roe_4q": 6.82,
            "gross_profit": 1397833,
            "gross_margin": null,
            "gross_margin_4q_avg": 0.98,
            "net_income": 163497,
            "revenue": 36155838,
            "common_shares": 4128637,
            "book_valuer_per_share": 40.68,
            "book_valuer_per_share_4q_avg": 40.99,
            "equity": 16795640,
            "current_ratio": 116.96,
            "debt_ratio": 70.17,
            "inventory_turnover_ratio": null,
            "account_receivable_turnover_ratio": null,
            "reinvestment_rate": null,
            "research_to_sale_ratio": null,
            "price_fair": 24.73,
            "eps_avg_yearly": 0.71,
            "eps_latest_yearly": 0.84,
            "eps_growth_yearly": 115.93
        },
        "20104": {
            "year_quarter": 20104,
            "year": 2010,
            "quarter": 4,
            "eps": null,
            "eps_growth_year": null,
            "eps_4q": null,
            "eps_4q_growth_year": null,
            "roe": null,
            "roe_4q": 0,
            "gross_profit": 837702,
            "gross_margin": null,
            "gross_margin_4q_avg": 0,
            "net_income": 155855,
            "revenue": 30068404,
            "common_shares": 3996005,
            "book_valuer_per_share": 40.31,
            "book_valuer_per_share_4q_avg": 41.02,
            "equity": 16107903,
            "current_ratio": 115.28,
            "debt_ratio": 70.82,
            "inventory_turnover_ratio": null,
            "account_receivable_turnover_ratio": null,
            "reinvestment_rate": null,
            "research_to_sale_ratio": null,
            "price_fair": 24.73,
            "eps_avg_yearly": 0.71,
            "eps_latest_yearly": 0.84,
            "eps_growth_yearly": 115.93
        },
        "20111": {
            "year_quarter": 20111,
            "year": 2011,
            "quarter": 1,
            "eps": null,
            "eps_growth_year": null,
            "eps_4q": null,
            "eps_4q_growth_year": null,
            "roe": null,
            "roe_4q": 0,
            "gross_profit": 945174,
            "gross_margin": null,
            "gross_margin_4q_avg": 0,
            "net_income": 738245,
            "revenue": 30188764,
            "common_shares": 3996005,
            "book_valuer_per_share": 43.2,
            "book_valuer_per_share_4q_avg": 41.44,
            "equity": 17263613,
            "current_ratio": 121.18,
            "debt_ratio": 65.14,
            "inventory_turnover_ratio": null,
            "account_receivable_turnover_ratio": null,
            "reinvestment_rate": null,
            "research_to_sale_ratio": null,
            "price_fair": 24.73,
            "eps_avg_yearly": 0.71,
            "eps_latest_yearly": 0.84,
            "eps_growth_yearly": 115.93
        },
        "20112": {
            "year_quarter": 20112,
            "year": 2011,
            "quarter": 2,
            "eps": null,
            "eps_growth_year": null,
            "eps_4q": null,
            "eps_4q_growth_year": null,
            "roe": null,
            "roe_4q": 0,
            "gross_profit": 906337,
            "gross_margin": null,
            "gross_margin_4q_avg": 0,
            "net_income": 176949,
            "revenue": 29930693,
            "common_shares": 3832903,
            "book_valuer_per_share": 43.12,
            "book_valuer_per_share_4q_avg": 41.83,
            "equity": 16526818,
            "current_ratio": 117.78,
            "debt_ratio": 68,
            "inventory_turnover_ratio": null,
            "account_receivable_turnover_ratio": null,
            "reinvestment_rate": null,
            "research_to_sale_ratio": null,
            "price_fair": 25.48,
            "eps_avg_yearly": 0.73,
            "eps_latest_yearly": 0.84,
            "eps_growth_yearly": 148.53
        },
        "20113": {
            "year_quarter": 20113,
            "year": 2011,
            "quarter": 3,
            "eps": null,
            "eps_growth_year": null,
            "eps_4q": null,
            "eps_4q_growth_year": null,
            "roe": null,
            "roe_4q": 0,
            "gross_profit": 1100999,
            "gross_margin": null,
            "gross_margin_4q_avg": 0,
            "net_income": 165002,
            "revenue": 38917709,
            "common_shares": 3996005,
            "book_valuer_per_share": 42.75,
            "book_valuer_per_share_4q_avg": 42.35,
            "equity": 17083829,
            "current_ratio": 113.47,
            "debt_ratio": 70.98,
            "inventory_turnover_ratio": null,
            "account_receivable_turnover_ratio": null,
            "reinvestment_rate": null,
            "research_to_sale_ratio": null,
            "price_fair": 23.45,
            "eps_avg_yearly": 0.67,
            "eps_latest_yearly": 0.84,
            "eps_growth_yearly": 125.67
        },
        "20114": {
            "year_quarter": 20114,
            "year": 2011,
            "quarter": 4,
            "eps": null,
            "eps_growth_year": null,
            "eps_4q": null,
            "eps_4q_growth_year": null,
            "roe": null,
            "roe_4q": 0,
            "gross_profit": 989077,
            "gross_margin": null,
            "gross_margin_4q_avg": 0,
            "net_income": -25654,
            "revenue": 28982368,
            "common_shares": 3792127,
            "book_valuer_per_share": 43.51,
            "book_valuer_per_share_4q_avg": 43.15,
            "equity": 16499782,
            "current_ratio": 111,
            "debt_ratio": 69.72,
            "inventory_turnover_ratio": null,
            "account_receivable_turnover_ratio": null,
            "reinvestment_rate": null,
            "research_to_sale_ratio": null,
            "price_fair": 28.47,
            "eps_avg_yearly": 0.81,
            "eps_latest_yearly": 0.84,
            "eps_growth_yearly": 267.56
        },
        "20121": {
            "year_quarter": 20121,
            "year": 2012,
            "quarter": 1,
            "eps": null,
            "eps_growth_year": null,
            "eps_4q": null,
            "eps_4q_growth_year": null,
            "roe": null,
            "roe_4q": 0,
            "gross_profit": 977712,
            "gross_margin": null,
            "gross_margin_4q_avg": 0,
            "net_income": 225654,
            "revenue": 32489341,
            "common_shares": 3914454,
            "book_valuer_per_share": 36.27,
            "book_valuer_per_share_4q_avg": 41.41,
            "equity": 14197486,
            "current_ratio": 103.8,
            "debt_ratio": 76.22,
            "inventory_turnover_ratio": null,
            "account_receivable_turnover_ratio": null,
            "reinvestment_rate": null,
            "research_to_sale_ratio": null,
            "price_fair": 32.2,
            "eps_avg_yearly": 0.92,
            "eps_latest_yearly": 0.84,
            "eps_growth_yearly": 101.33
        },
        "20122": {
            "year_quarter": 20122,
            "year": 2012,
            "quarter": 2,
            "eps": null,
            "eps_growth_year": null,
            "eps_4q": null,
            "eps_4q_growth_year": null,
            "roe": null,
            "roe_4q": 0,
            "gross_profit": 1344859,
            "gross_margin": null,
            "gross_margin_4q_avg": 0,
            "net_income": 373215,
            "revenue": 35395665,
            "common_shares": 3832903,
            "book_valuer_per_share": 37.02,
            "book_valuer_per_share_4q_avg": 39.89,
            "equity": 14188148,
            "current_ratio": 98.39,
            "debt_ratio": 77.6,
            "inventory_turnover_ratio": null,
            "account_receivable_turnover_ratio": null,
            "reinvestment_rate": null,
            "research_to_sale_ratio": null,
            "price_fair": 2.52,
            "eps_avg_yearly": 0.84,
            "eps_latest_yearly": 0.84,
            "eps_growth_yearly": -64
        },
        "20123": {
            "year_quarter": 20123,
            "year": 2012,
            "quarter": 3,
            "eps": null,
            "eps_growth_year": null,
            "eps_4q": null,
            "eps_4q_growth_year": null,
            "roe": null,
            "roe_4q": 0,
            "gross_profit": 1275227,
            "gross_margin": null,
            "gross_margin_4q_avg": 0,
            "net_income": 408503,
            "revenue": 36716549,
            "common_shares": 3914454,
            "book_valuer_per_share": 37.84,
            "book_valuer_per_share_4q_avg": 38.66,
            "equity": 14810583,
            "current_ratio": 99.59,
            "debt_ratio": 75.3,
            "inventory_turnover_ratio": null,
            "account_receivable_turnover_ratio": null,
            "reinvestment_rate": null,
            "research_to_sale_ratio": null,
            "price_fair": 0,
            "eps_avg_yearly": 0,
            "eps_latest_yearly": 0,
            "eps_growth_yearly": 0
        },
        "20124": {
            "year_quarter": 20124,
            "year": 2012,
            "quarter": 4,
            "eps": null,
            "eps_growth_year": null,
            "eps_4q": null,
            "eps_4q_growth_year": null,
            "roe": null,
            "roe_4q": 0,
            "gross_profit": 724898,
            "gross_margin": null,
            "gross_margin_4q_avg": 0,
            "net_income": 131665,
            "revenue": 28581814,
            "common_shares": 3873678,
            "book_valuer_per_share": 37.53,
            "book_valuer_per_share_4q_avg": 37.17,
            "equity": 14537946,
            "current_ratio": 101.4,
            "debt_ratio": 73.4,
            "inventory_turnover_ratio": null,
            "account_receivable_turnover_ratio": null,
            "reinvestment_rate": null,
            "research_to_sale_ratio": null,
            "price_fair": 0,
            "eps_avg_yearly": 0,
            "eps_latest_yearly": 0,
            "eps_growth_yearly": 0
        },
        "20131": {
            "year_quarter": 20131,
            "year": 2013,
            "quarter": 1,
            "eps": null,
            "eps_growth_year": null,
            "eps_4q": null,
            "eps_4q_growth_year": null,
            "roe": null,
            "roe_4q": 0,
            "gross_profit": 1069138,
            "gross_margin": null,
            "gross_margin_4q_avg": 0,
            "net_income": 287519,
            "revenue": 30537259,
            "common_shares": 3717603,
            "book_valuer_per_share": 38.35,
            "book_valuer_per_share_4q_avg": 37.69,
            "equity": 14258607,
            "current_ratio": 96.09,
            "debt_ratio": 74.79,
            "inventory_turnover_ratio": null,
            "account_receivable_turnover_ratio": null,
            "reinvestment_rate": null,
            "research_to_sale_ratio": null,
            "price_fair": 0,
            "eps_avg_yearly": 0,
            "eps_latest_yearly": 0,
            "eps_growth_yearly": 0
        },
        "20132": {
            "year_quarter": 20132,
            "year": 2013,
            "quarter": 2,
            "eps": null,
            "eps_growth_year": null,
            "eps_4q": null,
            "eps_4q_growth_year": null,
            "roe": null,
            "roe_4q": 0,
            "gross_profit": 1306125,
            "gross_margin": null,
            "gross_margin_4q_avg": 0,
            "net_income": 15408,
            "revenue": 41783874,
            "common_shares": 3962512,
            "book_valuer_per_share": 38.13,
            "book_valuer_per_share_4q_avg": 37.96,
            "equity": 15110450,
            "current_ratio": 98.84,
            "debt_ratio": 73.49,
            "inventory_turnover_ratio": null,
            "account_receivable_turnover_ratio": null,
            "reinvestment_rate": null,
            "research_to_sale_ratio": null,
            "price_fair": 0,
            "eps_avg_yearly": 0,
            "eps_latest_yearly": 0,
            "eps_growth_yearly": 0
        },
        "20133": {
            "year_quarter": 20133,
            "year": 2013,
            "quarter": 3,
            "eps": null,
            "eps_growth_year": null,
            "eps_4q": null,
            "eps_4q_growth_year": null,
            "roe": null,
            "roe_4q": 0,
            "gross_profit": 1397876,
            "gross_margin": null,
            "gross_margin_4q_avg": 0,
            "net_income": 418884,
            "revenue": 13434868,
            "common_shares": 3880864,
            "book_valuer_per_share": 39.38,
            "book_valuer_per_share_4q_avg": 38.35,
            "equity": 15282416,
            "current_ratio": 100.08,
            "debt_ratio": 72.37,
            "inventory_turnover_ratio": null,
            "account_receivable_turnover_ratio": null,
            "reinvestment_rate": null,
            "research_to_sale_ratio": null,
            "price_fair": 0,
            "eps_avg_yearly": 0,
            "eps_latest_yearly": 0,
            "eps_growth_yearly": 0
        },
        "20134": {
            "year_quarter": 20134,
            "year": 2013,
            "quarter": 4,
            "eps": null,
            "eps_growth_year": null,
            "eps_4q": null,
            "eps_4q_growth_year": null,
            "roe": null,
            "roe_4q": 0,
            "gross_profit": 999324,
            "gross_margin": null,
            "gross_margin_4q_avg": 0,
            "net_income": -617274,
            "revenue": 24815943,
            "common_shares": 3717603,
            "book_valuer_per_share": 38.35,
            "book_valuer_per_share_4q_avg": 38.55,
            "equity": 14258607,
            "current_ratio": 96.09,
            "debt_ratio": 74.79,
            "inventory_turnover_ratio": null,
            "account_receivable_turnover_ratio": null,
            "reinvestment_rate": null,
            "research_to_sale_ratio": null,
            "price_fair": 0,
            "eps_avg_yearly": 0,
            "eps_latest_yearly": 0,
            "eps_growth_yearly": 0
        },
        "20141": {
            "year_quarter": 20141,
            "year": 2014,
            "quarter": 1,
            "eps": null,
            "eps_growth_year": null,
            "eps_4q": null,
            "eps_4q_growth_year": null,
            "roe": null,
            "roe_4q": 0,
            "gross_profit": 1119577,
            "gross_margin": null,
            "gross_margin_4q_avg": 0,
            "net_income": 178770,
            "revenue": 29203548,
            "common_shares": 3841195,
            "book_valuer_per_share": 39.21,
            "book_valuer_per_share_4q_avg": 38.77,
            "equity": 15062545,
            "current_ratio": 96.86,
            "debt_ratio": 72.7,
            "inventory_turnover_ratio": null,
            "account_receivable_turnover_ratio": null,
            "reinvestment_rate": null,
            "research_to_sale_ratio": null,
            "price_fair": 0,
            "eps_avg_yearly": 0,
            "eps_latest_yearly": 0,
            "eps_growth_yearly": 0
        },
        "20142": {
            "year_quarter": 20142,
            "year": 2014,
            "quarter": 2,
            "eps": null,
            "eps_growth_year": null,
            "eps_4q": null,
            "eps_4q_growth_year": null,
            "roe": null,
            "roe_4q": 0,
            "gross_profit": 1130836,
            "gross_margin": null,
            "gross_margin_4q_avg": 0,
            "net_income": 50554,
            "revenue": 31128514,
            "common_shares": 3952480,
            "book_valuer_per_share": 37.86,
            "book_valuer_per_share_4q_avg": 38.7,
            "equity": 14964452,
            "current_ratio": 99.44,
            "debt_ratio": 74.58,
            "inventory_turnover_ratio": null,
            "account_receivable_turnover_ratio": null,
            "reinvestment_rate": null,
            "research_to_sale_ratio": null,
            "price_fair": 0,
            "eps_avg_yearly": 0,
            "eps_latest_yearly": 0,
            "eps_growth_yearly": 0
        },
        "20143": {
            "year_quarter": 20143,
            "year": 2014,
            "quarter": 3,
            "eps": null,
            "eps_growth_year": null,
            "eps_4q": null,
            "eps_4q_growth_year": null,
            "roe": null,
            "roe_4q": 0,
            "gross_profit": 1687044,
            "gross_margin": null,
            "gross_margin_4q_avg": 0,
            "net_income": 203148,
            "revenue": 37896068,
            "common_shares": 3995811,
            "book_valuer_per_share": 37.38,
            "book_valuer_per_share_4q_avg": 38.2,
            "equity": 14936586,
            "current_ratio": 98.17,
            "debt_ratio": 77.06,
            "inventory_turnover_ratio": null,
            "account_receivable_turnover_ratio": null,
            "reinvestment_rate": null,
            "research_to_sale_ratio": null,
            "price_fair": 0,
            "eps_avg_yearly": 0,
            "eps_latest_yearly": 0,
            "eps_growth_yearly": 0
        },
        "20144": {
            "year_quarter": 20144,
            "year": 2014,
            "quarter": 4,
            "eps": null,
            "eps_growth_year": null,
            "eps_4q": null,
            "eps_4q_growth_year": null,
            "roe": null,
            "roe_4q": 0,
            "gross_profit": 2097155,
            "gross_margin": null,
            "gross_margin_4q_avg": 0,
            "net_income": 595203,
            "revenue": 47575135,
            "common_shares": 4145185,
            "book_valuer_per_share": 38.7,
            "book_valuer_per_share_4q_avg": 38.29,
            "equity": 16043618,
            "current_ratio": 108.87,
            "debt_ratio": 76.94,
            "inventory_turnover_ratio": null,
            "account_receivable_turnover_ratio": null,
            "reinvestment_rate": null,
            "research_to_sale_ratio": null,
            "price_fair": 0,
            "eps_avg_yearly": 0,
            "eps_latest_yearly": 0,
            "eps_growth_yearly": 0
        },
        "20151": {
            "year_quarter": 20151,
            "year": 2015,
            "quarter": 1,
            "eps": null,
            "eps_growth_year": null,
            "eps_4q": null,
            "eps_4q_growth_year": null,
            "roe": null,
            "roe_4q": 0,
            "gross_profit": 1733797,
            "gross_margin": null,
            "gross_margin_4q_avg": 0,
            "net_income": 309639,
            "revenue": 38674267,
            "common_shares": 4159340,
            "book_valuer_per_share": 39.45,
            "book_valuer_per_share_4q_avg": 38.35,
            "equity": 16407803,
            "current_ratio": 111.17,
            "debt_ratio": 75,
            "inventory_turnover_ratio": null,
            "account_receivable_turnover_ratio": null,
            "reinvestment_rate": null,
            "research_to_sale_ratio": null,
            "price_fair": 0,
            "eps_avg_yearly": 0,
            "eps_latest_yearly": 0,
            "eps_growth_yearly": 0
        },
        "20152": {
            "year_quarter": 20152,
            "year": 2015,
            "quarter": 2,
            "eps": null,
            "eps_growth_year": null,
            "eps_4q": null,
            "eps_4q_growth_year": null,
            "roe": null,
            "roe_4q": 0,
            "gross_profit": 1443904,
            "gross_margin": null,
            "gross_margin_4q_avg": 0,
            "net_income": 258713,
            "revenue": 31180239,
            "common_shares": 4187926,
            "book_valuer_per_share": 38.35,
            "book_valuer_per_share_4q_avg": 38.47,
            "equity": 16059033,
            "current_ratio": 112.05,
            "debt_ratio": 75.01,
            "inventory_turnover_ratio": null,
            "account_receivable_turnover_ratio": null,
            "reinvestment_rate": null,
            "research_to_sale_ratio": null,
            "price_fair": 0,
            "eps_avg_yearly": 0,
            "eps_latest_yearly": 0,
            "eps_growth_yearly": 0
        },
        "20153": {
            "year_quarter": 20153,
            "year": 2015,
            "quarter": 3,
            "eps": null,
            "eps_growth_year": null,
            "eps_4q": null,
            "eps_4q_growth_year": null,
            "roe": null,
            "roe_4q": 0,
            "gross_profit": 2081828,
            "gross_margin": null,
            "gross_margin_4q_avg": 0,
            "net_income": 429936,
            "revenue": 34474360,
            "common_shares": 4142406,
            "book_valuer_per_share": 38.65,
            "book_valuer_per_share_4q_avg": 38.79,
            "equity": 16011627,
            "current_ratio": 113.46,
            "debt_ratio": 74.53,
            "inventory_turnover_ratio": null,
            "account_receivable_turnover_ratio": null,
            "reinvestment_rate": null,
            "research_to_sale_ratio": null,
            "price_fair": 0,
            "eps_avg_yearly": 0,
            "eps_latest_yearly": 0,
            "eps_growth_yearly": 0
        },
        "20154": {
            "year_quarter": 20154,
            "year": 2015,
            "quarter": 4,
            "eps": null,
            "eps_growth_year": null,
            "eps_4q": null,
            "eps_4q_growth_year": null,
            "roe": null,
            "roe_4q": 0,
            "gross_profit": 1720635,
            "gross_margin": null,
            "gross_margin_4q_avg": 0,
            "net_income": 407377,
            "revenue": 31633237,
            "common_shares": 4142405,
            "book_valuer_per_share": 39.48,
            "book_valuer_per_share_4q_avg": 38.98,
            "equity": 16355037,
            "current_ratio": 115.68,
            "debt_ratio": 72.79,
            "inventory_turnover_ratio": null,
            "account_receivable_turnover_ratio": null,
            "reinvestment_rate": null,
            "research_to_sale_ratio": null,
            "price_fair": 0,
            "eps_avg_yearly": 0,
            "eps_latest_yearly": 0,
            "eps_growth_yearly": 0
        },
        "20161": {
            "year_quarter": 20161,
            "year": 2016,
            "quarter": 1,
            "eps": null,
            "eps_growth_year": null,
            "eps_4q": null,
            "eps_4q_growth_year": null,
            "roe": null,
            "roe_4q": 0,
            "gross_profit": 1308307,
            "gross_margin": null,
            "gross_margin_4q_avg": 0,
            "net_income": 235150,
            "revenue": 22277477,
            "common_shares": 4187926,
            "book_valuer_per_share": 40.01,
            "book_valuer_per_share_4q_avg": 39.12,
            "equity": 16943798,
            "current_ratio": 124.03,
            "debt_ratio": 65.65,
            "inventory_turnover_ratio": null,
            "account_receivable_turnover_ratio": null,
            "reinvestment_rate": null,
            "research_to_sale_ratio": null,
            "price_fair": 0,
            "eps_avg_yearly": 0,
            "eps_latest_yearly": 0,
            "eps_growth_yearly": 0
        },
        "20162": {
            "year_quarter": 20162,
            "year": 2016,
            "quarter": 2,
            "eps": null,
            "eps_growth_year": null,
            "eps_4q": null,
            "eps_4q_growth_year": null,
            "roe": null,
            "roe_4q": 0,
            "gross_profit": 1301612,
            "gross_margin": null,
            "gross_margin_4q_avg": 0,
            "net_income": 226183,
            "revenue": 24990527,
            "common_shares": 4187926,
            "book_valuer_per_share": 39.21,
            "book_valuer_per_share_4q_avg": 39.34,
            "equity": 16692486,
            "current_ratio": 114.85,
            "debt_ratio": 68.24,
            "inventory_turnover_ratio": null,
            "account_receivable_turnover_ratio": null,
            "reinvestment_rate": null,
            "research_to_sale_ratio": null,
            "price_fair": 0,
            "eps_avg_yearly": 0,
            "eps_latest_yearly": 0,
            "eps_growth_yearly": 0
        },
        "20163": {
            "year_quarter": 20163,
            "year": 2016,
            "quarter": 3,
            "eps": null,
            "eps_growth_year": null,
            "eps_4q": null,
            "eps_4q_growth_year": null,
            "roe": null,
            "roe_4q": 0,
            "gross_profit": 1489354,
            "gross_margin": null,
            "gross_margin_4q_avg": 0,
            "net_income": 293743,
            "revenue": 25865234,
            "common_shares": 4142406,
            "book_valuer_per_share": 39.24,
            "book_valuer_per_share_4q_avg": 39.49,
            "equity": 16514435,
            "current_ratio": 114.37,
            "debt_ratio": 68.99,
            "inventory_turnover_ratio": null,
            "account_receivable_turnover_ratio": null,
            "reinvestment_rate": null,
            "research_to_sale_ratio": null,
            "price_fair": 0,
            "eps_avg_yearly": 0,
            "eps_latest_yearly": 0,
            "eps_growth_yearly": 0
        }
    },
    "months": {
        "2012-01": {
            "month": "2012-01",
            "price": "3.24",
            "revenue": 9539904
        },
        "2012-02": {
            "month": "2012-02",
            "price": "3.90",
            "revenue": 10594094
        },
        "2012-03": {
            "month": "2012-03",
            "price": "3.89",
            "revenue": 13274781
        },
        "2012-04": {
            "month": "2012-04",
            "price": "3.51",
            "revenue": 11862447
        },
        "2012-05": {
            "month": "2012-05",
            "price": "3.24",
            "revenue": 13296932
        },
        "2012-06": {
            "month": "2012-06",
            "price": "3.01",
            "revenue": 10881421
        },
        "2012-07": {
            "month": "2012-07",
            "price": "2.95",
            "revenue": 12209756
        },
        "2012-08": {
            "month": "2012-08",
            "price": "2.84",
            "revenue": 12502830
        },
        "2012-09": {
            "month": "2012-09",
            "price": "2.87",
            "revenue": 10529872
        },
        "2012-10": {
            "month": "2012-10",
            "price": "2.74",
            "revenue": 11014631
        },
        "2012-11": {
            "month": "2012-11",
            "price": "2.49",
            "revenue": 11092096
        },
        "2012-12": {
            "month": "2012-12",
            "price": "2.73",
            "revenue": 8318120
        },
        "2013-01": {
            "month": "2013-01",
            "price": "3.03",
            "revenue": 10862263
        },
        "2013-02": {
            "month": "2013-02",
            "price": "3.48",
            "revenue": 9051264
        },
        "2013-03": {
            "month": "2013-03",
            "price": "3.68",
            "revenue": 10529689
        },
        "2013-04": {
            "month": "2013-04",
            "price": "3.42",
            "revenue": 10040774
        },
        "2013-05": {
            "month": "2013-05",
            "price": "3.55",
            "revenue": 10795256
        },
        "2013-06": {
            "month": "2013-06",
            "price": "3.19",
            "revenue": 9249758
        },
        "2013-07": {
            "month": "2013-07",
            "price": "2.96",
            "revenue": 10446368
        },
        "2013-08": {
            "month": "2013-08",
            "price": "2.97",
            "revenue": 9933553
        },
        "2013-09": {
            "month": "2013-09",
            "price": "3.08",
            "revenue": 8248755
        },
        "2013-10": {
            "month": "2013-10",
            "price": "3.11",
            "revenue": 10799706
        },
        "2013-11": {
            "month": "2013-11",
            "price": "3.04",
            "revenue": 9960529
        },
        "2013-12": {
            "month": "2013-12",
            "price": "3.17",
            "revenue": 8309125
        },
        "2014-01": {
            "month": "2014-01",
            "price": "3.24",
            "revenue": 10530571
        },
        "2014-02": {
            "month": "2014-02",
            "price": "3.17",
            "revenue": 9378139
        },
        "2014-03": {
            "month": "2014-03",
            "price": "3.14",
            "revenue": 8944396
        },
        "2014-04": {
            "month": "2014-04",
            "price": "3.02",
            "revenue": 10246549
        },
        "2014-05": {
            "month": "2014-05",
            "price": "2.91",
            "revenue": 10981978
        },
        "2014-06": {
            "month": "2014-06",
            "price": "2.97",
            "revenue": 10592659
        },
        "2014-07": {
            "month": "2014-07",
            "price": "3.05",
            "revenue": 11776880
        },
        "2014-08": {
            "month": "2014-08",
            "price": "2.96",
            "revenue": 12889081
        },
        "2014-09": {
            "month": "2014-09",
            "price": "3.01",
            "revenue": 12511087
        },
        "2014-10": {
            "month": "2014-10",
            "price": "2.91",
            "revenue": 13881058
        },
        "2014-11": {
            "month": "2014-11",
            "price": "2.92",
            "revenue": 15236940
        },
        "2014-12": {
            "month": "2014-12",
            "price": "2.99",
            "revenue": 14081167
        },
        "2015-01": {
            "month": "2015-01",
            "price": "3.74",
            "revenue": 14188215
        },
        "2015-02": {
            "month": "2015-02",
            "price": "4.56",
            "revenue": 12811069
        },
        "2015-03": {
            "month": "2015-03",
            "price": "4.74",
            "revenue": 11756892
        },
        "2015-04": {
            "month": "2015-04",
            "price": "4.56",
            "revenue": 11044580
        },
        "2015-05": {
            "month": "2015-05",
            "price": "3.92",
            "revenue": 11396397
        },
        "2015-06": {
            "month": "2015-06",
            "price": "3.53",
            "revenue": 10800632
        },
        "2015-07": {
            "month": "2015-07",
            "price": "3.23",
            "revenue": 11488423
        },
        "2015-08": {
            "month": "2015-08",
            "price": "2.95",
            "revenue": 11690784
        },
        "2015-09": {
            "month": "2015-09",
            "price": "3.22",
            "revenue": 11663884
        },
        "2015-10": {
            "month": "2015-10",
            "price": "3.58",
            "revenue": 12157647
        },
        "2015-11": {
            "month": "2015-11",
            "price": "3.42",
            "revenue": 10852576
        },
        "2015-12": {
            "month": "2015-12",
            "price": "3.25",
            "revenue": 8761922
        },
        "2016-01": {
            "month": "2016-01",
            "price": "3.07",
            "revenue": 7926330
        },
        "2016-02": {
            "month": "2016-02",
            "price": "3.35",
            "revenue": 7222671
        },
        "2016-03": {
            "month": "2016-03",
            "price": "3.27",
            "revenue": 7215446
        },
        "2016-04": {
            "month": "2016-04",
            "price": "3.07",
            "revenue": 7854644
        },
        "2016-05": {
            "month": "2016-05",
            "price": "3.02",
            "revenue": 8624444
        },
        "2016-06": {
            "month": "2016-06",
            "price": "3.02",
            "revenue": 8496893
        },
        "2016-07": {
            "month": "2016-07",
            "price": "3.01",
            "revenue": 8641621
        },
        "2016-08": {
            "month": "2016-08",
            "price": "3.01",
            "revenue": 9683705
        },
        "2016-09": {
            "month": "2016-09",
            "price": "2.98",
            "revenue": 8473717
        },
        "2016-10": {
            "month": "2016-10",
            "price": "2.98",
            "revenue": 8176443
        },
        "2016-11": {
            "month": "2016-11",
            "price": "2.88",
            "revenue": 8792018
        },
        "2016-12": {
            "month": "2016-12",
            "price": "2.95",
            "revenue": 7329843
        },
        "2017-01": {
            "month": "2017-01",
            "price": "2.91",
            "revenue": 7624493
        },
        "2017-02": {
            "month": "2017-02",
            "price": "3.24",
            "revenue": 7537079
        },
        "2017-03": {
            "month": "2017-03",
            "price": "3.23",
            "revenue": 7535976
        }
    }
}
