{
    "summary": {
        "stock_name": "鈺齊-KY",
        "stock_id": "9802",
        "category": "運動休閒",
        "main_business": "運動鞋及戶外鞋之代工生產、銷售",
        "website_url": "http://www.fulgentsun.com",
        "ceo": "廖芳祝",
        "pe_ratio": 16,
        "report_year_from": 2011,
        "report_year_to": 2023,
        "age": 13,
        "eps_negative_percentage": 0,
        "eps_growth_avg": {
            "last_all": 15.52,
            "last_2y": 23.15,
            "last_4y": 17.75,
            "last_8y": 12.71,
            "last_12y": null,
            "last_16y": null,
            "last_20y": null,
            "at_2006_last_3y": null,
            "at_2007_last_3y": null,
            "at_2008_last_3y": null,
            "at_2009_last_3y": null,
            "at_2010_last_3y": null,
            "at_2011_last_3y": null,
            "at_2012_last_3y": null,
            "at_2013_last_3y": null,
            "at_2014_last_3y": null,
            "at_2015_last_3y": null,
            "at_2016_last_3y": 21.14,
            "at_2017_last_3y": 19.77,
            "at_2018_last_3y": 6.42,
            "at_2019_last_3y": 37.84,
            "at_2020_last_3y": 4.17,
            "at_2021_last_3y": 8.43,
            "at_2022_last_3y": 36.29,
            "at_2023_last_3y": 8.7,
            "at_2024_last_3y": 8.7,
            "at_2006_last_all": null,
            "at_2007_last_all": null,
            "at_2008_last_all": null,
            "at_2009_last_all": null,
            "at_2010_last_all": null,
            "at_2011_last_all": null,
            "at_2012_last_all": null,
            "at_2013_last_all": null,
            "at_2014_last_all": 28.13,
            "at_2015_last_all": -5.15,
            "at_2016_last_all": 21.14,
            "at_2017_last_all": 18.67,
            "at_2018_last_all": 13.65,
            "at_2019_last_all": 19.41,
            "at_2020_last_all": 12.65,
            "at_2021_last_all": 14.12,
            "at_2022_last_all": 22.71,
            "at_2023_last_all": 15.52,
            "at_2024_last_all": 15.52
        },
        "latest_eps": 7.87,
        "latest_price": 124,
        "latest_roe": 11.98,
        "latest_gross_margin": 17.75,
        "latest_equity": 12371593,
        "latest_revenue": 3680586,
        "latest_gross_profit": 653252,
        "latest_net_income": 62966,
        "latest_debt_ratio": 33.78,
        "latest_current_ratio": 169.86,
        "latest_account_receivable_turnover_ratio": 1.41,
        "latest_inventory_turnover_ratio": 1.18,
        "latest_reinvestment_rate": 36.61,
        "latest_research_to_sale_ratio": 1.12
    },
    "eps_dividends": {
        "2001": {
            "cash": 0,
            "stock": 0,
            "eps": 0
        },
        "2002": {
            "cash": 0,
            "stock": 0,
            "eps": 0
        },
        "2003": {
            "cash": 0,
            "stock": 0,
            "eps": 0
        },
        "2004": {
            "cash": 0,
            "stock": 0,
            "eps": 0
        },
        "2005": {
            "cash": 0,
            "stock": 0,
            "eps": 0
        },
        "2006": {
            "cash": 0,
            "stock": 0,
            "eps": 0
        },
        "2007": {
            "cash": 0,
            "stock": 0,
            "eps": 0
        },
        "2008": {
            "cash": 0,
            "stock": 0,
            "eps": 0
        },
        "2009": {
            "cash": 0,
            "stock": 0,
            "eps": 0
        },
        "2010": {
            "cash": 0,
            "stock": 0,
            "eps": 0
        },
        "2011": {
            "cash": 0.6,
            "stock": 1,
            "eps": 0
        },
        "2012": {
            "cash": 0,
            "stock": 0,
            "eps": 1.96
        },
        "2013": {
            "cash": 2,
            "stock": 0,
            "eps": 2.24
        },
        "2014": {
            "cash": 2,
            "stock": 0,
            "eps": 3.18
        },
        "2015": {
            "cash": 2.5,
            "stock": 0,
            "eps": 0.9
        },
        "2016": {
            "cash": 2,
            "stock": 0,
            "eps": 5.23
        },
        "2017": {
            "cash": 3.3,
            "stock": 0,
            "eps": 5.69
        },
        "2018": {
            "cash": 4.1,
            "stock": 0,
            "eps": 5.04
        },
        "2019": {
            "cash": 3.68,
            "stock": 0,
            "eps": 7.76
        },
        "2020": {
            "cash": 5.5,
            "stock": 0,
            "eps": 5.07
        },
        "2021": {
            "cash": 3.8,
            "stock": 0,
            "eps": 6.38
        },
        "2022": {
            "cash": 4.23,
            "stock": 0,
            "eps": 18.07
        },
        "2023": {
            "cash": 7.2,
            "stock": 0,
            "eps": 7.88
        },
        "2024": {
            "cash": 5,
            "stock": 0,
            "eps": 0
        }
    },
    "dividends": {
        "2011-01-01": {
            "cash": 0.6,
            "stock": 1
        },
        "2013-03-21": {
            "cash": 2,
            "stock": 0
        },
        "2014-06-17": {
            "cash": 2,
            "stock": 0
        },
        "2015-08-11": {
            "cash": 2.5,
            "stock": 0
        },
        "2016-08-04": {
            "cash": 2,
            "stock": 0
        },
        "2017-08-01": {
            "cash": 3.3,
            "stock": 0
        },
        "2018-08-08": {
            "cash": 4.1,
            "stock": 0
        },
        "2019-08-08": {
            "cash": 3.68,
            "stock": 0
        },
        "2020-08-19": {
            "cash": 5.5,
            "stock": 0
        },
        "2021-04-08": {
            "cash": 2.1,
            "stock": 0
        },
        "2021-11-11": {
            "cash": 1.7,
            "stock": 0
        },
        "2022-04-15": {
            "cash": 1.23,
            "stock": 0
        },
        "2022-10-18": {
            "cash": 3,
            "stock": 0
        },
        "2023-04-19": {
            "cash": 1.2,
            "stock": 0
        },
        "2023-10-18": {
            "cash": 6,
            "stock": 0
        },
        "2024-02-26": {
            "cash": 3,
            "stock": 0
        },
        "2024-04-18": {
            "cash": 2,
            "stock": 0
        }
    },
    "prices": {
        "200101": "無",
        "200102": "無",
        "200103": "無",
        "200104": "無",
        "200105": "無",
        "200106": "無",
        "200107": "無",
        "200108": "無",
        "200109": "無",
        "200110": "無",
        "200111": "無",
        "200112": "無",
        "200201": "無",
        "200202": "無",
        "200203": "無",
        "200204": "無",
        "200205": "無",
        "200206": "無",
        "200207": "無",
        "200208": "無",
        "200209": "無",
        "200210": "無",
        "200211": "無",
        "200212": "無",
        "200301": "無",
        "200302": "無",
        "200303": "無",
        "200304": "無",
        "200305": "無",
        "200306": "無",
        "200307": "無",
        "200308": "無",
        "200309": "無",
        "200310": "無",
        "200311": "無",
        "200312": "無",
        "200401": "無",
        "200402": "無",
        "200403": "無",
        "200404": "無",
        "200405": "無",
        "200406": "無",
        "200407": "無",
        "200408": "無",
        "200409": "無",
        "200410": "無",
        "200411": "無",
        "200412": "無",
        "200501": "無",
        "200502": "無",
        "200503": "無",
        "200504": "無",
        "200505": "無",
        "200506": "無",
        "200507": "無",
        "200508": "無",
        "200509": "無",
        "200510": "無",
        "200511": "無",
        "200512": "無",
        "200601": "無",
        "200602": "無",
        "200603": "無",
        "200604": "無",
        "200605": "無",
        "200606": "無",
        "200607": "無",
        "200608": "無",
        "200609": "無",
        "200610": "無",
        "200611": "無",
        "200612": "無",
        "200701": "無",
        "200702": "無",
        "200703": "無",
        "200704": "無",
        "200705": "無",
        "200706": "無",
        "200707": "無",
        "200708": "無",
        "200709": "無",
        "200710": "無",
        "200711": "無",
        "200712": "無",
        "200801": "無",
        "200802": "無",
        "200803": "無",
        "200804": "無",
        "200805": "無",
        "200806": "無",
        "200807": "無",
        "200808": "無",
        "200809": "無",
        "200810": "無",
        "200811": "無",
        "200812": "無",
        "200901": "無",
        "200902": "無",
        "200903": "無",
        "200904": "無",
        "200905": "無",
        "200906": "無",
        "200907": "無",
        "200908": "無",
        "200909": "無",
        "200910": "無",
        "200911": "無",
        "200912": "無",
        "201001": "無",
        "201002": "無",
        "201003": "無",
        "201004": "無",
        "201005": "無",
        "201006": "無",
        "201007": "無",
        "201008": "無",
        "201009": "無",
        "201010": "無",
        "201011": "無",
        "201012": "無",
        "201101": "無",
        "201102": "無",
        "201103": "無",
        "201104": "無",
        "201105": "無",
        "201106": "無",
        "201107": "無",
        "201108": "無",
        "201109": "無",
        "201110": "無",
        "201111": "無",
        "201112": "無",
        "201201": "無",
        "201202": "無",
        "201203": "無",
        "201204": "無",
        "201205": "無",
        "201206": "無",
        "201207": "無",
        "201208": "無",
        "201209": "無",
        "201210": "26.26",
        "201211": "25.46",
        "201212": "27.02",
        "201301": "26.63",
        "201302": "27.15",
        "201303": "27.41",
        "201304": "33.49",
        "201305": "35.30",
        "201306": "34.23",
        "201307": "33.78",
        "201308": "33.89",
        "201309": "33.10",
        "201310": "34.56",
        "201311": "32.85",
        "201312": "33.58",
        "201401": "34.01",
        "201402": "34.29",
        "201403": "37.68",
        "201404": "37.06",
        "201405": "36.60",
        "201406": "37.05",
        "201407": "37.41",
        "201408": "39.47",
        "201409": "42.52",
        "201410": "46.04",
        "201411": "46.18",
        "201412": "47.25",
        "201501": "51.42",
        "201502": "54.65",
        "201503": "69.60",
        "201504": "76.91",
        "201505": "70.74",
        "201506": "74.89",
        "201507": "65.26",
        "201508": "39.02",
        "201509": "44.24",
        "201510": "52.57",
        "201511": "51.74",
        "201512": "52.14",
        "201601": "51.44",
        "201602": "52.13",
        "201603": "53.81",
        "201604": "57.70",
        "201605": "57.36",
        "201606": "60.55",
        "201607": "63.22",
        "201608": "61.84",
        "201609": "61.31",
        "201610": "61.29",
        "201611": "60.05",
        "201612": "61.50",
        "201701": "63.52",
        "201702": "60.47",
        "201703": "62.83",
        "201704": "72.18",
        "201705": "80.68",
        "201706": "81.87",
        "201707": "87.44",
        "201708": "81.40",
        "201709": "75.30",
        "201710": "76.26",
        "201711": "76.38",
        "201712": "73.15",
        "201801": "72.39",
        "201802": "67.83",
        "201803": "66.87",
        "201804": "63.13",
        "201805": "63.09",
        "201806": "61.54",
        "201807": "53.77",
        "201808": "51.60",
        "201809": "50.38",
        "201810": "46.64",
        "201811": "45.95",
        "201812": "48.07",
        "201901": "53.74",
        "201902": "61.24",
        "201903": "63.28",
        "201904": "67.52",
        "201905": "66.60",
        "201906": "70.71",
        "201907": "79.75",
        "201908": "87.79",
        "201909": "88.27",
        "201910": "106.47",
        "201911": "129.07",
        "201912": "125.00",
        "202001": "138.50",
        "202002": "122.50",
        "202003": "89.32",
        "202004": "88.36",
        "202005": "91.12",
        "202006": "106.00",
        "202007": "106.57",
        "202008": "119.60",
        "202009": "117.00",
        "202010": "115.61",
        "202011": "124.52",
        "202012": "115.09",
        "202101": "110.48",
        "202102": "113.65",
        "202103": "113.82",
        "202104": "122.71",
        "202105": "110.95",
        "202106": "117.81",
        "202107": "102.57",
        "202108": "87.65",
        "202109": "93.41",
        "202110": "100.56",
        "202111": "100.24",
        "202112": "96.26",
        "202201": "103.98",
        "202202": "116.20",
        "202203": "113.20",
        "202204": "137.82",
        "202205": "148.86",
        "202206": "173.12",
        "202207": "174.07",
        "202208": "169.46",
        "202209": "181.93",
        "202210": "149.85",
        "202211": "145.75",
        "202212": "154.80",
        "202301": "137.92",
        "202302": "133.39",
        "202303": "132.43",
        "202304": "127.74",
        "202305": "120.55",
        "202306": "133.78",
        "202307": "126.74",
        "202308": "122.73",
        "202309": "127.90",
        "202310": "129.02",
        "202311": "139.18",
        "202312": "141.19"
    },
    "quarters": {
        "20011": {
            "year_quarter": 20011,
            "year": 2001,
            "quarter": 1,
            "eps": null,
            "eps_growth_year": null,
            "eps_4q": null,
            "eps_4q_growth_year": null,
            "roe": null,
            "roe_4q": 0,
            "gross_profit": null,
            "gross_margin": null,
            "gross_margin_4q_avg": 0,
            "net_income": null,
            "net_income_4q": null,
            "revenue": null,
            "revenue_4q": null,
            "common_shares": null,
            "book_valuer_per_share": null,
            "book_valuer_per_share_4q_avg": 0,
            "equity": null,
            "current_ratio": null,
            "debt_ratio": null,
            "inventory_turnover_ratio": null,
            "account_receivable_turnover_ratio": null,
            "reinvestment_rate": null,
            "research_to_sale_ratio": null,
            "price_fair": 0,
            "eps_avg_yearly": 0,
            "eps_latest_yearly": 0,
            "eps_growth_yearly": 0
        },
        "20012": {
            "year_quarter": 20012,
            "year": 2001,
            "quarter": 2,
            "eps": null,
            "eps_growth_year": null,
            "eps_4q": null,
            "eps_4q_growth_year": null,
            "roe": null,
            "roe_4q": 0,
            "gross_profit": null,
            "gross_margin": null,
            "gross_margin_4q_avg": 0,
            "net_income": null,
            "net_income_4q": null,
            "revenue": null,
            "revenue_4q": null,
            "common_shares": null,
            "book_valuer_per_share": null,
            "book_valuer_per_share_4q_avg": 0,
            "equity": null,
            "current_ratio": null,
            "debt_ratio": null,
            "inventory_turnover_ratio": null,
            "account_receivable_turnover_ratio": null,
            "reinvestment_rate": null,
            "research_to_sale_ratio": null,
            "price_fair": 0,
            "eps_avg_yearly": 0,
            "eps_latest_yearly": 0,
            "eps_growth_yearly": 0
        },
        "20013": {
            "year_quarter": 20013,
            "year": 2001,
            "quarter": 3,
            "eps": null,
            "eps_growth_year": null,
            "eps_4q": null,
            "eps_4q_growth_year": null,
            "roe": null,
            "roe_4q": 0,
            "gross_profit": null,
            "gross_margin": null,
            "gross_margin_4q_avg": 0,
            "net_income": null,
            "net_income_4q": null,
            "revenue": null,
            "revenue_4q": null,
            "common_shares": null,
            "book_valuer_per_share": null,
            "book_valuer_per_share_4q_avg": 0,
            "equity": null,
            "current_ratio": null,
            "debt_ratio": null,
            "inventory_turnover_ratio": null,
            "account_receivable_turnover_ratio": null,
            "reinvestment_rate": null,
            "research_to_sale_ratio": null,
            "price_fair": 0,
            "eps_avg_yearly": 0,
            "eps_latest_yearly": 0,
            "eps_growth_yearly": 0
        },
        "20014": {
            "year_quarter": 20014,
            "year": 2001,
            "quarter": 4,
            "eps": null,
            "eps_growth_year": null,
            "eps_4q": null,
            "eps_4q_growth_year": null,
            "roe": null,
            "roe_4q": 0,
            "gross_profit": null,
            "gross_margin": null,
            "gross_margin_4q_avg": 0,
            "net_income": null,
            "net_income_4q": null,
            "revenue": null,
            "revenue_4q": null,
            "common_shares": null,
            "book_valuer_per_share": null,
            "book_valuer_per_share_4q_avg": 0,
            "equity": null,
            "current_ratio": null,
            "debt_ratio": null,
            "inventory_turnover_ratio": null,
            "account_receivable_turnover_ratio": null,
            "reinvestment_rate": null,
            "research_to_sale_ratio": null,
            "price_fair": 0,
            "eps_avg_yearly": 0,
            "eps_latest_yearly": 0,
            "eps_growth_yearly": 0
        },
        "20021": {
            "year_quarter": 20021,
            "year": 2002,
            "quarter": 1,
            "eps": null,
            "eps_growth_year": null,
            "eps_4q": null,
            "eps_4q_growth_year": null,
            "roe": null,
            "roe_4q": 0,
            "gross_profit": null,
            "gross_margin": null,
            "gross_margin_4q_avg": 0,
            "net_income": null,
            "net_income_4q": null,
            "revenue": null,
            "revenue_4q": null,
            "common_shares": null,
            "book_valuer_per_share": null,
            "book_valuer_per_share_4q_avg": 0,
            "equity": null,
            "current_ratio": null,
            "debt_ratio": null,
            "inventory_turnover_ratio": null,
            "account_receivable_turnover_ratio": null,
            "reinvestment_rate": null,
            "research_to_sale_ratio": null,
            "price_fair": 0,
            "eps_avg_yearly": 0,
            "eps_latest_yearly": 0,
            "eps_growth_yearly": 0
        },
        "20022": {
            "year_quarter": 20022,
            "year": 2002,
            "quarter": 2,
            "eps": null,
            "eps_growth_year": null,
            "eps_4q": null,
            "eps_4q_growth_year": null,
            "roe": null,
            "roe_4q": 0,
            "gross_profit": null,
            "gross_margin": null,
            "gross_margin_4q_avg": 0,
            "net_income": null,
            "net_income_4q": null,
            "revenue": null,
            "revenue_4q": null,
            "common_shares": null,
            "book_valuer_per_share": null,
            "book_valuer_per_share_4q_avg": 0,
            "equity": null,
            "current_ratio": null,
            "debt_ratio": null,
            "inventory_turnover_ratio": null,
            "account_receivable_turnover_ratio": null,
            "reinvestment_rate": null,
            "research_to_sale_ratio": null,
            "price_fair": 0,
            "eps_avg_yearly": 0,
            "eps_latest_yearly": 0,
            "eps_growth_yearly": 0
        },
        "20023": {
            "year_quarter": 20023,
            "year": 2002,
            "quarter": 3,
            "eps": null,
            "eps_growth_year": null,
            "eps_4q": null,
            "eps_4q_growth_year": null,
            "roe": null,
            "roe_4q": 0,
            "gross_profit": null,
            "gross_margin": null,
            "gross_margin_4q_avg": 0,
            "net_income": null,
            "net_income_4q": null,
            "revenue": null,
            "revenue_4q": null,
            "common_shares": null,
            "book_valuer_per_share": null,
            "book_valuer_per_share_4q_avg": 0,
            "equity": null,
            "current_ratio": null,
            "debt_ratio": null,
            "inventory_turnover_ratio": null,
            "account_receivable_turnover_ratio": null,
            "reinvestment_rate": null,
            "research_to_sale_ratio": null,
            "price_fair": 0,
            "eps_avg_yearly": 0,
            "eps_latest_yearly": 0,
            "eps_growth_yearly": 0
        },
        "20024": {
            "year_quarter": 20024,
            "year": 2002,
            "quarter": 4,
            "eps": null,
            "eps_growth_year": null,
            "eps_4q": null,
            "eps_4q_growth_year": null,
            "roe": null,
            "roe_4q": 0,
            "gross_profit": null,
            "gross_margin": null,
            "gross_margin_4q_avg": 0,
            "net_income": null,
            "net_income_4q": null,
            "revenue": null,
            "revenue_4q": null,
            "common_shares": null,
            "book_valuer_per_share": null,
            "book_valuer_per_share_4q_avg": 0,
            "equity": null,
            "current_ratio": null,
            "debt_ratio": null,
            "inventory_turnover_ratio": null,
            "account_receivable_turnover_ratio": null,
            "reinvestment_rate": null,
            "research_to_sale_ratio": null,
            "price_fair": 0,
            "eps_avg_yearly": 0,
            "eps_latest_yearly": 0,
            "eps_growth_yearly": 0
        },
        "20031": {
            "year_quarter": 20031,
            "year": 2003,
            "quarter": 1,
            "eps": null,
            "eps_growth_year": null,
            "eps_4q": null,
            "eps_4q_growth_year": null,
            "roe": null,
            "roe_4q": 0,
            "gross_profit": null,
            "gross_margin": null,
            "gross_margin_4q_avg": 0,
            "net_income": null,
            "net_income_4q": null,
            "revenue": null,
            "revenue_4q": null,
            "common_shares": null,
            "book_valuer_per_share": null,
            "book_valuer_per_share_4q_avg": 0,
            "equity": null,
            "current_ratio": null,
            "debt_ratio": null,
            "inventory_turnover_ratio": null,
            "account_receivable_turnover_ratio": null,
            "reinvestment_rate": null,
            "research_to_sale_ratio": null,
            "price_fair": 0,
            "eps_avg_yearly": 0,
            "eps_latest_yearly": 0,
            "eps_growth_yearly": 0
        },
        "20032": {
            "year_quarter": 20032,
            "year": 2003,
            "quarter": 2,
            "eps": null,
            "eps_growth_year": null,
            "eps_4q": null,
            "eps_4q_growth_year": null,
            "roe": null,
            "roe_4q": 0,
            "gross_profit": null,
            "gross_margin": null,
            "gross_margin_4q_avg": 0,
            "net_income": null,
            "net_income_4q": null,
            "revenue": null,
            "revenue_4q": null,
            "common_shares": null,
            "book_valuer_per_share": null,
            "book_valuer_per_share_4q_avg": 0,
            "equity": null,
            "current_ratio": null,
            "debt_ratio": null,
            "inventory_turnover_ratio": null,
            "account_receivable_turnover_ratio": null,
            "reinvestment_rate": null,
            "research_to_sale_ratio": null,
            "price_fair": 0,
            "eps_avg_yearly": 0,
            "eps_latest_yearly": 0,
            "eps_growth_yearly": 0
        },
        "20033": {
            "year_quarter": 20033,
            "year": 2003,
            "quarter": 3,
            "eps": null,
            "eps_growth_year": null,
            "eps_4q": null,
            "eps_4q_growth_year": null,
            "roe": null,
            "roe_4q": 0,
            "gross_profit": null,
            "gross_margin": null,
            "gross_margin_4q_avg": 0,
            "net_income": null,
            "net_income_4q": null,
            "revenue": null,
            "revenue_4q": null,
            "common_shares": null,
            "book_valuer_per_share": null,
            "book_valuer_per_share_4q_avg": 0,
            "equity": null,
            "current_ratio": null,
            "debt_ratio": null,
            "inventory_turnover_ratio": null,
            "account_receivable_turnover_ratio": null,
            "reinvestment_rate": null,
            "research_to_sale_ratio": null,
            "price_fair": 0,
            "eps_avg_yearly": 0,
            "eps_latest_yearly": 0,
            "eps_growth_yearly": 0
        },
        "20034": {
            "year_quarter": 20034,
            "year": 2003,
            "quarter": 4,
            "eps": null,
            "eps_growth_year": null,
            "eps_4q": null,
            "eps_4q_growth_year": null,
            "roe": null,
            "roe_4q": 0,
            "gross_profit": null,
            "gross_margin": null,
            "gross_margin_4q_avg": 0,
            "net_income": null,
            "net_income_4q": null,
            "revenue": null,
            "revenue_4q": null,
            "common_shares": null,
            "book_valuer_per_share": null,
            "book_valuer_per_share_4q_avg": 0,
            "equity": null,
            "current_ratio": null,
            "debt_ratio": null,
            "inventory_turnover_ratio": null,
            "account_receivable_turnover_ratio": null,
            "reinvestment_rate": null,
            "research_to_sale_ratio": null,
            "price_fair": 0,
            "eps_avg_yearly": 0,
            "eps_latest_yearly": 0,
            "eps_growth_yearly": 0
        },
        "20041": {
            "year_quarter": 20041,
            "year": 2004,
            "quarter": 1,
            "eps": null,
            "eps_growth_year": null,
            "eps_4q": null,
            "eps_4q_growth_year": null,
            "roe": null,
            "roe_4q": 0,
            "gross_profit": null,
            "gross_margin": null,
            "gross_margin_4q_avg": 0,
            "net_income": null,
            "net_income_4q": null,
            "revenue": null,
            "revenue_4q": null,
            "common_shares": null,
            "book_valuer_per_share": null,
            "book_valuer_per_share_4q_avg": 0,
            "equity": null,
            "current_ratio": null,
            "debt_ratio": null,
            "inventory_turnover_ratio": null,
            "account_receivable_turnover_ratio": null,
            "reinvestment_rate": null,
            "research_to_sale_ratio": null,
            "price_fair": 0,
            "eps_avg_yearly": 0,
            "eps_latest_yearly": 0,
            "eps_growth_yearly": 0
        },
        "20042": {
            "year_quarter": 20042,
            "year": 2004,
            "quarter": 2,
            "eps": null,
            "eps_growth_year": null,
            "eps_4q": null,
            "eps_4q_growth_year": null,
            "roe": null,
            "roe_4q": 0,
            "gross_profit": null,
            "gross_margin": null,
            "gross_margin_4q_avg": 0,
            "net_income": null,
            "net_income_4q": null,
            "revenue": null,
            "revenue_4q": null,
            "common_shares": null,
            "book_valuer_per_share": null,
            "book_valuer_per_share_4q_avg": 0,
            "equity": null,
            "current_ratio": null,
            "debt_ratio": null,
            "inventory_turnover_ratio": null,
            "account_receivable_turnover_ratio": null,
            "reinvestment_rate": null,
            "research_to_sale_ratio": null,
            "price_fair": 0,
            "eps_avg_yearly": 0,
            "eps_latest_yearly": 0,
            "eps_growth_yearly": 0
        },
        "20043": {
            "year_quarter": 20043,
            "year": 2004,
            "quarter": 3,
            "eps": null,
            "eps_growth_year": null,
            "eps_4q": null,
            "eps_4q_growth_year": null,
            "roe": null,
            "roe_4q": 0,
            "gross_profit": null,
            "gross_margin": null,
            "gross_margin_4q_avg": 0,
            "net_income": null,
            "net_income_4q": null,
            "revenue": null,
            "revenue_4q": null,
            "common_shares": null,
            "book_valuer_per_share": null,
            "book_valuer_per_share_4q_avg": 0,
            "equity": null,
            "current_ratio": null,
            "debt_ratio": null,
            "inventory_turnover_ratio": null,
            "account_receivable_turnover_ratio": null,
            "reinvestment_rate": null,
            "research_to_sale_ratio": null,
            "price_fair": 0,
            "eps_avg_yearly": 0,
            "eps_latest_yearly": 0,
            "eps_growth_yearly": 0
        },
        "20044": {
            "year_quarter": 20044,
            "year": 2004,
            "quarter": 4,
            "eps": null,
            "eps_growth_year": null,
            "eps_4q": null,
            "eps_4q_growth_year": null,
            "roe": null,
            "roe_4q": 0,
            "gross_profit": null,
            "gross_margin": null,
            "gross_margin_4q_avg": 0,
            "net_income": null,
            "net_income_4q": null,
            "revenue": null,
            "revenue_4q": null,
            "common_shares": null,
            "book_valuer_per_share": null,
            "book_valuer_per_share_4q_avg": 0,
            "equity": null,
            "current_ratio": null,
            "debt_ratio": null,
            "inventory_turnover_ratio": null,
            "account_receivable_turnover_ratio": null,
            "reinvestment_rate": null,
            "research_to_sale_ratio": null,
            "price_fair": 0,
            "eps_avg_yearly": 0,
            "eps_latest_yearly": 0,
            "eps_growth_yearly": 0
        },
        "20051": {
            "year_quarter": 20051,
            "year": 2005,
            "quarter": 1,
            "eps": null,
            "eps_growth_year": null,
            "eps_4q": null,
            "eps_4q_growth_year": null,
            "roe": null,
            "roe_4q": 0,
            "gross_profit": null,
            "gross_margin": null,
            "gross_margin_4q_avg": 0,
            "net_income": null,
            "net_income_4q": null,
            "revenue": null,
            "revenue_4q": null,
            "common_shares": null,
            "book_valuer_per_share": null,
            "book_valuer_per_share_4q_avg": 0,
            "equity": null,
            "current_ratio": null,
            "debt_ratio": null,
            "inventory_turnover_ratio": null,
            "account_receivable_turnover_ratio": null,
            "reinvestment_rate": null,
            "research_to_sale_ratio": null,
            "price_fair": 0,
            "eps_avg_yearly": 0,
            "eps_latest_yearly": 0,
            "eps_growth_yearly": 0
        },
        "20052": {
            "year_quarter": 20052,
            "year": 2005,
            "quarter": 2,
            "eps": null,
            "eps_growth_year": null,
            "eps_4q": null,
            "eps_4q_growth_year": null,
            "roe": null,
            "roe_4q": 0,
            "gross_profit": null,
            "gross_margin": null,
            "gross_margin_4q_avg": 0,
            "net_income": null,
            "net_income_4q": null,
            "revenue": null,
            "revenue_4q": null,
            "common_shares": null,
            "book_valuer_per_share": null,
            "book_valuer_per_share_4q_avg": 0,
            "equity": null,
            "current_ratio": null,
            "debt_ratio": null,
            "inventory_turnover_ratio": null,
            "account_receivable_turnover_ratio": null,
            "reinvestment_rate": null,
            "research_to_sale_ratio": null,
            "price_fair": 0,
            "eps_avg_yearly": 0,
            "eps_latest_yearly": 0,
            "eps_growth_yearly": 0
        },
        "20053": {
            "year_quarter": 20053,
            "year": 2005,
            "quarter": 3,
            "eps": null,
            "eps_growth_year": null,
            "eps_4q": null,
            "eps_4q_growth_year": null,
            "roe": null,
            "roe_4q": 0,
            "gross_profit": null,
            "gross_margin": null,
            "gross_margin_4q_avg": 0,
            "net_income": null,
            "net_income_4q": null,
            "revenue": null,
            "revenue_4q": null,
            "common_shares": null,
            "book_valuer_per_share": null,
            "book_valuer_per_share_4q_avg": 0,
            "equity": null,
            "current_ratio": null,
            "debt_ratio": null,
            "inventory_turnover_ratio": null,
            "account_receivable_turnover_ratio": null,
            "reinvestment_rate": null,
            "research_to_sale_ratio": null,
            "price_fair": 0,
            "eps_avg_yearly": 0,
            "eps_latest_yearly": 0,
            "eps_growth_yearly": 0
        },
        "20054": {
            "year_quarter": 20054,
            "year": 2005,
            "quarter": 4,
            "eps": null,
            "eps_growth_year": null,
            "eps_4q": null,
            "eps_4q_growth_year": null,
            "roe": null,
            "roe_4q": 0,
            "gross_profit": null,
            "gross_margin": null,
            "gross_margin_4q_avg": 0,
            "net_income": null,
            "net_income_4q": null,
            "revenue": null,
            "revenue_4q": null,
            "common_shares": null,
            "book_valuer_per_share": null,
            "book_valuer_per_share_4q_avg": 0,
            "equity": null,
            "current_ratio": null,
            "debt_ratio": null,
            "inventory_turnover_ratio": null,
            "account_receivable_turnover_ratio": null,
            "reinvestment_rate": null,
            "research_to_sale_ratio": null,
            "price_fair": 0,
            "eps_avg_yearly": 0,
            "eps_latest_yearly": 0,
            "eps_growth_yearly": 0
        },
        "20061": {
            "year_quarter": 20061,
            "year": 2006,
            "quarter": 1,
            "eps": null,
            "eps_growth_year": null,
            "eps_4q": null,
            "eps_4q_growth_year": null,
            "roe": null,
            "roe_4q": 0,
            "gross_profit": null,
            "gross_margin": null,
            "gross_margin_4q_avg": 0,
            "net_income": null,
            "net_income_4q": null,
            "revenue": null,
            "revenue_4q": null,
            "common_shares": null,
            "book_valuer_per_share": null,
            "book_valuer_per_share_4q_avg": 0,
            "equity": null,
            "current_ratio": null,
            "debt_ratio": null,
            "inventory_turnover_ratio": null,
            "account_receivable_turnover_ratio": null,
            "reinvestment_rate": null,
            "research_to_sale_ratio": null,
            "price_fair": 0,
            "eps_avg_yearly": 0,
            "eps_latest_yearly": 0,
            "eps_growth_yearly": 0
        },
        "20062": {
            "year_quarter": 20062,
            "year": 2006,
            "quarter": 2,
            "eps": null,
            "eps_growth_year": null,
            "eps_4q": null,
            "eps_4q_growth_year": null,
            "roe": null,
            "roe_4q": 0,
            "gross_profit": null,
            "gross_margin": null,
            "gross_margin_4q_avg": 0,
            "net_income": null,
            "net_income_4q": null,
            "revenue": null,
            "revenue_4q": null,
            "common_shares": null,
            "book_valuer_per_share": null,
            "book_valuer_per_share_4q_avg": 0,
            "equity": null,
            "current_ratio": null,
            "debt_ratio": null,
            "inventory_turnover_ratio": null,
            "account_receivable_turnover_ratio": null,
            "reinvestment_rate": null,
            "research_to_sale_ratio": null,
            "price_fair": 0,
            "eps_avg_yearly": 0,
            "eps_latest_yearly": 0,
            "eps_growth_yearly": 0
        },
        "20063": {
            "year_quarter": 20063,
            "year": 2006,
            "quarter": 3,
            "eps": null,
            "eps_growth_year": null,
            "eps_4q": null,
            "eps_4q_growth_year": null,
            "roe": null,
            "roe_4q": 0,
            "gross_profit": null,
            "gross_margin": null,
            "gross_margin_4q_avg": 0,
            "net_income": null,
            "net_income_4q": null,
            "revenue": null,
            "revenue_4q": null,
            "common_shares": null,
            "book_valuer_per_share": null,
            "book_valuer_per_share_4q_avg": 0,
            "equity": null,
            "current_ratio": null,
            "debt_ratio": null,
            "inventory_turnover_ratio": null,
            "account_receivable_turnover_ratio": null,
            "reinvestment_rate": null,
            "research_to_sale_ratio": null,
            "price_fair": 0,
            "eps_avg_yearly": 0,
            "eps_latest_yearly": 0,
            "eps_growth_yearly": 0
        },
        "20064": {
            "year_quarter": 20064,
            "year": 2006,
            "quarter": 4,
            "eps": null,
            "eps_growth_year": null,
            "eps_4q": null,
            "eps_4q_growth_year": null,
            "roe": null,
            "roe_4q": 0,
            "gross_profit": null,
            "gross_margin": null,
            "gross_margin_4q_avg": 0,
            "net_income": null,
            "net_income_4q": null,
            "revenue": null,
            "revenue_4q": null,
            "common_shares": null,
            "book_valuer_per_share": null,
            "book_valuer_per_share_4q_avg": 0,
            "equity": null,
            "current_ratio": null,
            "debt_ratio": null,
            "inventory_turnover_ratio": null,
            "account_receivable_turnover_ratio": null,
            "reinvestment_rate": null,
            "research_to_sale_ratio": null,
            "price_fair": 0,
            "eps_avg_yearly": 0,
            "eps_latest_yearly": 0,
            "eps_growth_yearly": 0
        },
        "20071": {
            "year_quarter": 20071,
            "year": 2007,
            "quarter": 1,
            "eps": null,
            "eps_growth_year": null,
            "eps_4q": null,
            "eps_4q_growth_year": null,
            "roe": null,
            "roe_4q": 0,
            "gross_profit": null,
            "gross_margin": null,
            "gross_margin_4q_avg": 0,
            "net_income": null,
            "net_income_4q": null,
            "revenue": null,
            "revenue_4q": null,
            "common_shares": null,
            "book_valuer_per_share": null,
            "book_valuer_per_share_4q_avg": 0,
            "equity": null,
            "current_ratio": null,
            "debt_ratio": null,
            "inventory_turnover_ratio": null,
            "account_receivable_turnover_ratio": null,
            "reinvestment_rate": null,
            "research_to_sale_ratio": null,
            "price_fair": 0,
            "eps_avg_yearly": 0,
            "eps_latest_yearly": 0,
            "eps_growth_yearly": 0
        },
        "20072": {
            "year_quarter": 20072,
            "year": 2007,
            "quarter": 2,
            "eps": null,
            "eps_growth_year": null,
            "eps_4q": null,
            "eps_4q_growth_year": null,
            "roe": null,
            "roe_4q": 0,
            "gross_profit": null,
            "gross_margin": null,
            "gross_margin_4q_avg": 0,
            "net_income": null,
            "net_income_4q": null,
            "revenue": null,
            "revenue_4q": null,
            "common_shares": null,
            "book_valuer_per_share": null,
            "book_valuer_per_share_4q_avg": 0,
            "equity": null,
            "current_ratio": null,
            "debt_ratio": null,
            "inventory_turnover_ratio": null,
            "account_receivable_turnover_ratio": null,
            "reinvestment_rate": null,
            "research_to_sale_ratio": null,
            "price_fair": 0,
            "eps_avg_yearly": 0,
            "eps_latest_yearly": 0,
            "eps_growth_yearly": 0
        },
        "20073": {
            "year_quarter": 20073,
            "year": 2007,
            "quarter": 3,
            "eps": null,
            "eps_growth_year": null,
            "eps_4q": null,
            "eps_4q_growth_year": null,
            "roe": null,
            "roe_4q": 0,
            "gross_profit": null,
            "gross_margin": null,
            "gross_margin_4q_avg": 0,
            "net_income": null,
            "net_income_4q": null,
            "revenue": null,
            "revenue_4q": null,
            "common_shares": null,
            "book_valuer_per_share": null,
            "book_valuer_per_share_4q_avg": 0,
            "equity": null,
            "current_ratio": null,
            "debt_ratio": null,
            "inventory_turnover_ratio": null,
            "account_receivable_turnover_ratio": null,
            "reinvestment_rate": null,
            "research_to_sale_ratio": null,
            "price_fair": 0,
            "eps_avg_yearly": 0,
            "eps_latest_yearly": 0,
            "eps_growth_yearly": 0
        },
        "20074": {
            "year_quarter": 20074,
            "year": 2007,
            "quarter": 4,
            "eps": null,
            "eps_growth_year": null,
            "eps_4q": null,
            "eps_4q_growth_year": null,
            "roe": null,
            "roe_4q": 0,
            "gross_profit": null,
            "gross_margin": null,
            "gross_margin_4q_avg": 0,
            "net_income": null,
            "net_income_4q": null,
            "revenue": null,
            "revenue_4q": null,
            "common_shares": null,
            "book_valuer_per_share": null,
            "book_valuer_per_share_4q_avg": 0,
            "equity": null,
            "current_ratio": null,
            "debt_ratio": null,
            "inventory_turnover_ratio": null,
            "account_receivable_turnover_ratio": null,
            "reinvestment_rate": null,
            "research_to_sale_ratio": null,
            "price_fair": 0,
            "eps_avg_yearly": 0,
            "eps_latest_yearly": 0,
            "eps_growth_yearly": 0
        },
        "20081": {
            "year_quarter": 20081,
            "year": 2008,
            "quarter": 1,
            "eps": null,
            "eps_growth_year": null,
            "eps_4q": null,
            "eps_4q_growth_year": null,
            "roe": null,
            "roe_4q": 0,
            "gross_profit": null,
            "gross_margin": null,
            "gross_margin_4q_avg": 0,
            "net_income": null,
            "net_income_4q": null,
            "revenue": null,
            "revenue_4q": null,
            "common_shares": null,
            "book_valuer_per_share": null,
            "book_valuer_per_share_4q_avg": 0,
            "equity": null,
            "current_ratio": null,
            "debt_ratio": null,
            "inventory_turnover_ratio": null,
            "account_receivable_turnover_ratio": null,
            "reinvestment_rate": null,
            "research_to_sale_ratio": null,
            "price_fair": 0,
            "eps_avg_yearly": 0,
            "eps_latest_yearly": 0,
            "eps_growth_yearly": 0
        },
        "20082": {
            "year_quarter": 20082,
            "year": 2008,
            "quarter": 2,
            "eps": null,
            "eps_growth_year": null,
            "eps_4q": null,
            "eps_4q_growth_year": null,
            "roe": null,
            "roe_4q": 0,
            "gross_profit": null,
            "gross_margin": null,
            "gross_margin_4q_avg": 0,
            "net_income": null,
            "net_income_4q": null,
            "revenue": null,
            "revenue_4q": null,
            "common_shares": null,
            "book_valuer_per_share": null,
            "book_valuer_per_share_4q_avg": 0,
            "equity": null,
            "current_ratio": null,
            "debt_ratio": null,
            "inventory_turnover_ratio": null,
            "account_receivable_turnover_ratio": null,
            "reinvestment_rate": null,
            "research_to_sale_ratio": null,
            "price_fair": 0,
            "eps_avg_yearly": 0,
            "eps_latest_yearly": 0,
            "eps_growth_yearly": 0
        },
        "20083": {
            "year_quarter": 20083,
            "year": 2008,
            "quarter": 3,
            "eps": null,
            "eps_growth_year": null,
            "eps_4q": null,
            "eps_4q_growth_year": null,
            "roe": null,
            "roe_4q": 0,
            "gross_profit": null,
            "gross_margin": null,
            "gross_margin_4q_avg": 0,
            "net_income": null,
            "net_income_4q": null,
            "revenue": null,
            "revenue_4q": null,
            "common_shares": null,
            "book_valuer_per_share": null,
            "book_valuer_per_share_4q_avg": 0,
            "equity": null,
            "current_ratio": null,
            "debt_ratio": null,
            "inventory_turnover_ratio": null,
            "account_receivable_turnover_ratio": null,
            "reinvestment_rate": null,
            "research_to_sale_ratio": null,
            "price_fair": 0,
            "eps_avg_yearly": 0,
            "eps_latest_yearly": 0,
            "eps_growth_yearly": 0
        },
        "20084": {
            "year_quarter": 20084,
            "year": 2008,
            "quarter": 4,
            "eps": null,
            "eps_growth_year": null,
            "eps_4q": null,
            "eps_4q_growth_year": null,
            "roe": null,
            "roe_4q": 0,
            "gross_profit": null,
            "gross_margin": null,
            "gross_margin_4q_avg": 0,
            "net_income": null,
            "net_income_4q": null,
            "revenue": null,
            "revenue_4q": null,
            "common_shares": null,
            "book_valuer_per_share": null,
            "book_valuer_per_share_4q_avg": 0,
            "equity": null,
            "current_ratio": null,
            "debt_ratio": null,
            "inventory_turnover_ratio": null,
            "account_receivable_turnover_ratio": null,
            "reinvestment_rate": null,
            "research_to_sale_ratio": null,
            "price_fair": 0,
            "eps_avg_yearly": 0,
            "eps_latest_yearly": 0,
            "eps_growth_yearly": 0
        },
        "20091": {
            "year_quarter": 20091,
            "year": 2009,
            "quarter": 1,
            "eps": null,
            "eps_growth_year": null,
            "eps_4q": null,
            "eps_4q_growth_year": null,
            "roe": null,
            "roe_4q": 0,
            "gross_profit": null,
            "gross_margin": null,
            "gross_margin_4q_avg": 0,
            "net_income": null,
            "net_income_4q": null,
            "revenue": null,
            "revenue_4q": null,
            "common_shares": null,
            "book_valuer_per_share": null,
            "book_valuer_per_share_4q_avg": 0,
            "equity": null,
            "current_ratio": null,
            "debt_ratio": null,
            "inventory_turnover_ratio": null,
            "account_receivable_turnover_ratio": null,
            "reinvestment_rate": null,
            "research_to_sale_ratio": null,
            "price_fair": 0,
            "eps_avg_yearly": 0,
            "eps_latest_yearly": 0,
            "eps_growth_yearly": 0
        },
        "20092": {
            "year_quarter": 20092,
            "year": 2009,
            "quarter": 2,
            "eps": null,
            "eps_growth_year": null,
            "eps_4q": null,
            "eps_4q_growth_year": null,
            "roe": null,
            "roe_4q": 0,
            "gross_profit": null,
            "gross_margin": null,
            "gross_margin_4q_avg": 0,
            "net_income": null,
            "net_income_4q": null,
            "revenue": null,
            "revenue_4q": null,
            "common_shares": null,
            "book_valuer_per_share": null,
            "book_valuer_per_share_4q_avg": 0,
            "equity": null,
            "current_ratio": null,
            "debt_ratio": null,
            "inventory_turnover_ratio": null,
            "account_receivable_turnover_ratio": null,
            "reinvestment_rate": null,
            "research_to_sale_ratio": null,
            "price_fair": 0,
            "eps_avg_yearly": 0,
            "eps_latest_yearly": 0,
            "eps_growth_yearly": 0
        },
        "20093": {
            "year_quarter": 20093,
            "year": 2009,
            "quarter": 3,
            "eps": null,
            "eps_growth_year": null,
            "eps_4q": null,
            "eps_4q_growth_year": null,
            "roe": null,
            "roe_4q": 0,
            "gross_profit": null,
            "gross_margin": null,
            "gross_margin_4q_avg": 0,
            "net_income": null,
            "net_income_4q": null,
            "revenue": null,
            "revenue_4q": null,
            "common_shares": null,
            "book_valuer_per_share": null,
            "book_valuer_per_share_4q_avg": 0,
            "equity": null,
            "current_ratio": null,
            "debt_ratio": null,
            "inventory_turnover_ratio": null,
            "account_receivable_turnover_ratio": null,
            "reinvestment_rate": null,
            "research_to_sale_ratio": null,
            "price_fair": 0,
            "eps_avg_yearly": 0,
            "eps_latest_yearly": 0,
            "eps_growth_yearly": 0
        },
        "20094": {
            "year_quarter": 20094,
            "year": 2009,
            "quarter": 4,
            "eps": null,
            "eps_growth_year": null,
            "eps_4q": null,
            "eps_4q_growth_year": null,
            "roe": null,
            "roe_4q": 0,
            "gross_profit": null,
            "gross_margin": null,
            "gross_margin_4q_avg": 0,
            "net_income": null,
            "net_income_4q": null,
            "revenue": null,
            "revenue_4q": null,
            "common_shares": 786509,
            "book_valuer_per_share": 33.05,
            "book_valuer_per_share_4q_avg": 8.26,
            "equity": 2599580,
            "current_ratio": 222.62,
            "debt_ratio": 32.48,
            "inventory_turnover_ratio": null,
            "account_receivable_turnover_ratio": null,
            "reinvestment_rate": null,
            "research_to_sale_ratio": null,
            "price_fair": 0,
            "eps_avg_yearly": 0,
            "eps_latest_yearly": 0,
            "eps_growth_yearly": 0
        },
        "20101": {
            "year_quarter": 20101,
            "year": 2010,
            "quarter": 1,
            "eps": null,
            "eps_growth_year": null,
            "eps_4q": null,
            "eps_4q_growth_year": null,
            "roe": null,
            "roe_4q": 0,
            "gross_profit": null,
            "gross_margin": null,
            "gross_margin_4q_avg": 0,
            "net_income": null,
            "net_income_4q": null,
            "revenue": null,
            "revenue_4q": null,
            "common_shares": null,
            "book_valuer_per_share": null,
            "book_valuer_per_share_4q_avg": 8.26,
            "equity": null,
            "current_ratio": null,
            "debt_ratio": null,
            "inventory_turnover_ratio": null,
            "account_receivable_turnover_ratio": null,
            "reinvestment_rate": null,
            "research_to_sale_ratio": null,
            "price_fair": 0,
            "eps_avg_yearly": 0,
            "eps_latest_yearly": 0,
            "eps_growth_yearly": 0
        },
        "20102": {
            "year_quarter": 20102,
            "year": 2010,
            "quarter": 2,
            "eps": null,
            "eps_growth_year": null,
            "eps_4q": null,
            "eps_4q_growth_year": null,
            "roe": null,
            "roe_4q": 0,
            "gross_profit": null,
            "gross_margin": null,
            "gross_margin_4q_avg": 0,
            "net_income": null,
            "net_income_4q": null,
            "revenue": null,
            "revenue_4q": null,
            "common_shares": null,
            "book_valuer_per_share": null,
            "book_valuer_per_share_4q_avg": 8.26,
            "equity": null,
            "current_ratio": null,
            "debt_ratio": null,
            "inventory_turnover_ratio": null,
            "account_receivable_turnover_ratio": null,
            "reinvestment_rate": null,
            "research_to_sale_ratio": null,
            "price_fair": 0,
            "eps_avg_yearly": 0,
            "eps_latest_yearly": 0,
            "eps_growth_yearly": 0
        },
        "20103": {
            "year_quarter": 20103,
            "year": 2010,
            "quarter": 3,
            "eps": null,
            "eps_growth_year": null,
            "eps_4q": null,
            "eps_4q_growth_year": null,
            "roe": null,
            "roe_4q": 0,
            "gross_profit": null,
            "gross_margin": null,
            "gross_margin_4q_avg": 0,
            "net_income": null,
            "net_income_4q": null,
            "revenue": null,
            "revenue_4q": null,
            "common_shares": null,
            "book_valuer_per_share": null,
            "book_valuer_per_share_4q_avg": 8.26,
            "equity": null,
            "current_ratio": null,
            "debt_ratio": null,
            "inventory_turnover_ratio": null,
            "account_receivable_turnover_ratio": null,
            "reinvestment_rate": null,
            "research_to_sale_ratio": null,
            "price_fair": 0,
            "eps_avg_yearly": 0,
            "eps_latest_yearly": 0,
            "eps_growth_yearly": 0
        },
        "20104": {
            "year_quarter": 20104,
            "year": 2010,
            "quarter": 4,
            "eps": null,
            "eps_growth_year": null,
            "eps_4q": null,
            "eps_4q_growth_year": null,
            "roe": null,
            "roe_4q": 0,
            "gross_profit": null,
            "gross_margin": null,
            "gross_margin_4q_avg": 0,
            "net_income": null,
            "net_income_4q": null,
            "revenue": null,
            "revenue_4q": null,
            "common_shares": 786509,
            "book_valuer_per_share": 39.39,
            "book_valuer_per_share_4q_avg": 9.85,
            "equity": 3098430,
            "current_ratio": 155.93,
            "debt_ratio": 41.17,
            "inventory_turnover_ratio": null,
            "account_receivable_turnover_ratio": null,
            "reinvestment_rate": null,
            "research_to_sale_ratio": null,
            "price_fair": 0,
            "eps_avg_yearly": 0,
            "eps_latest_yearly": 0,
            "eps_growth_yearly": 0
        },
        "20111": {
            "year_quarter": 20111,
            "year": 2011,
            "quarter": 1,
            "eps": null,
            "eps_growth_year": null,
            "eps_4q": null,
            "eps_4q_growth_year": null,
            "roe": null,
            "roe_4q": 0,
            "gross_profit": 359468,
            "gross_margin": null,
            "gross_margin_4q_avg": 0,
            "net_income": 174351,
            "net_income_4q": null,
            "revenue": 1566278,
            "revenue_4q": null,
            "common_shares": 786509,
            "book_valuer_per_share": 41.41,
            "book_valuer_per_share_4q_avg": 20.2,
            "equity": 3309881,
            "current_ratio": 151.53,
            "debt_ratio": 40.62,
            "inventory_turnover_ratio": null,
            "account_receivable_turnover_ratio": null,
            "reinvestment_rate": null,
            "research_to_sale_ratio": null,
            "price_fair": 0,
            "eps_avg_yearly": 0,
            "eps_latest_yearly": 0,
            "eps_growth_yearly": 0
        },
        "20112": {
            "year_quarter": 20112,
            "year": 2011,
            "quarter": 2,
            "eps": null,
            "eps_growth_year": null,
            "eps_4q": null,
            "eps_4q_growth_year": null,
            "roe": null,
            "roe_4q": 0,
            "gross_profit": 285972,
            "gross_margin": null,
            "gross_margin_4q_avg": 0,
            "net_income": 115069,
            "net_income_4q": null,
            "revenue": 1630848,
            "revenue_4q": null,
            "common_shares": 786509,
            "book_valuer_per_share": 42.22,
            "book_valuer_per_share_4q_avg": 30.76,
            "equity": 3377579,
            "current_ratio": 138.39,
            "debt_ratio": 44.73,
            "inventory_turnover_ratio": null,
            "account_receivable_turnover_ratio": null,
            "reinvestment_rate": null,
            "research_to_sale_ratio": null,
            "price_fair": 0,
            "eps_avg_yearly": 0,
            "eps_latest_yearly": 0,
            "eps_growth_yearly": 0
        },
        "20113": {
            "year_quarter": 20113,
            "year": 2011,
            "quarter": 3,
            "eps": null,
            "eps_growth_year": null,
            "eps_4q": null,
            "eps_4q_growth_year": null,
            "roe": null,
            "roe_4q": 0,
            "gross_profit": 352056,
            "gross_margin": null,
            "gross_margin_4q_avg": 0,
            "net_income": 108879,
            "net_income_4q": null,
            "revenue": 2183547,
            "revenue_4q": null,
            "common_shares": 951675,
            "book_valuer_per_share": 43.8,
            "book_valuer_per_share_4q_avg": 41.71,
            "equity": 4228734,
            "current_ratio": 152.51,
            "debt_ratio": 40.36,
            "inventory_turnover_ratio": null,
            "account_receivable_turnover_ratio": null,
            "reinvestment_rate": null,
            "research_to_sale_ratio": null,
            "price_fair": 0,
            "eps_avg_yearly": 0,
            "eps_latest_yearly": 0,
            "eps_growth_yearly": 0
        },
        "20114": {
            "year_quarter": 20114,
            "year": 2011,
            "quarter": 4,
            "eps": null,
            "eps_growth_year": null,
            "eps_4q": null,
            "eps_4q_growth_year": null,
            "roe": null,
            "roe_4q": 0,
            "gross_profit": 282519,
            "gross_margin": null,
            "gross_margin_4q_avg": 0,
            "net_income": 73120,
            "net_income_4q": null,
            "revenue": 1870206,
            "revenue_4q": null,
            "common_shares": 951675,
            "book_valuer_per_share": 44.16,
            "book_valuer_per_share_4q_avg": 42.9,
            "equity": 4218092,
            "current_ratio": 154.36,
            "debt_ratio": 39.88,
            "inventory_turnover_ratio": null,
            "account_receivable_turnover_ratio": null,
            "reinvestment_rate": null,
            "research_to_sale_ratio": null,
            "price_fair": 0,
            "eps_avg_yearly": 0,
            "eps_latest_yearly": 0,
            "eps_growth_yearly": 0
        },
        "20121": {
            "year_quarter": 20121,
            "year": 2012,
            "quarter": 1,
            "eps": null,
            "eps_growth_year": null,
            "eps_4q": null,
            "eps_4q_growth_year": null,
            "roe": null,
            "roe_4q": 0,
            "gross_profit": 273334,
            "gross_margin": null,
            "gross_margin_4q_avg": 0,
            "net_income": 65793,
            "net_income_4q": null,
            "revenue": 1561345,
            "revenue_4q": null,
            "common_shares": 951675,
            "book_valuer_per_share": 43.73,
            "book_valuer_per_share_4q_avg": 43.48,
            "equity": 4177111,
            "current_ratio": 163.91,
            "debt_ratio": 36.26,
            "inventory_turnover_ratio": null,
            "account_receivable_turnover_ratio": null,
            "reinvestment_rate": null,
            "research_to_sale_ratio": null,
            "price_fair": 0,
            "eps_avg_yearly": 0,
            "eps_latest_yearly": 0,
            "eps_growth_yearly": 0
        },
        "20122": {
            "year_quarter": 20122,
            "year": 2012,
            "quarter": 2,
            "eps": 0.61,
            "eps_growth_year": null,
            "eps_4q": 0.61,
            "eps_4q_growth_year": null,
            "roe": 1.52,
            "roe_4q": 1.52,
            "gross_profit": 230192,
            "gross_margin": 16.28,
            "gross_margin_4q_avg": 4.07,
            "net_income": 63837,
            "net_income_4q": null,
            "revenue": 1413551,
            "revenue_4q": null,
            "common_shares": 951675,
            "book_valuer_per_share": 44.09,
            "book_valuer_per_share_4q_avg": 43.95,
            "equity": 4211111,
            "current_ratio": 156.14,
            "debt_ratio": 37.53,
            "inventory_turnover_ratio": 1.04,
            "account_receivable_turnover_ratio": 3.94,
            "reinvestment_rate": null,
            "research_to_sale_ratio": null,
            "price_fair": 0,
            "eps_avg_yearly": 0,
            "eps_latest_yearly": 0,
            "eps_growth_yearly": 0
        },
        "20123": {
            "year_quarter": 20123,
            "year": 2012,
            "quarter": 3,
            "eps": 0.36,
            "eps_growth_year": null,
            "eps_4q": 0.97,
            "eps_4q_growth_year": null,
            "roe": 0.91,
            "roe_4q": 2.43,
            "gross_profit": 182950,
            "gross_margin": 13.26,
            "gross_margin_4q_avg": 7.39,
            "net_income": 38057,
            "net_income_4q": null,
            "revenue": 1380003,
            "revenue_4q": null,
            "common_shares": 1046843,
            "book_valuer_per_share": 39.9,
            "book_valuer_per_share_4q_avg": 42.97,
            "equity": 4192273,
            "current_ratio": 169.25,
            "debt_ratio": 33.67,
            "inventory_turnover_ratio": 1.02,
            "account_receivable_turnover_ratio": 2.05,
            "reinvestment_rate": null,
            "research_to_sale_ratio": 1.98,
            "price_fair": 4.32,
            "eps_avg_yearly": 1.44,
            "eps_latest_yearly": 1.44,
            "eps_growth_yearly": -163.93
        },
        "20124": {
            "year_quarter": 20124,
            "year": 2012,
            "quarter": 4,
            "eps": 0.99,
            "eps_growth_year": null,
            "eps_4q": 1.84,
            "eps_4q_growth_year": null,
            "roe": 2.68,
            "roe_4q": 5.11,
            "gross_profit": 232025,
            "gross_margin": 15.17,
            "gross_margin_4q_avg": 11.18,
            "net_income": 118359,
            "net_income_4q": null,
            "revenue": 1529032,
            "revenue_4q": null,
            "common_shares": 1186423,
            "book_valuer_per_share": 38.99,
            "book_valuer_per_share_4q_avg": 41.68,
            "equity": 4646881,
            "current_ratio": 200.02,
            "debt_ratio": 29.75,
            "inventory_turnover_ratio": 1.08,
            "account_receivable_turnover_ratio": 2.11,
            "reinvestment_rate": null,
            "research_to_sale_ratio": 2.09,
            "price_fair": 94.5,
            "eps_avg_yearly": 2.7,
            "eps_latest_yearly": 3.96,
            "eps_growth_yearly": 268.03
        },
        "20131": {
            "year_quarter": 20131,
            "year": 2013,
            "quarter": 1,
            "eps": 0.57,
            "eps_growth_year": null,
            "eps_4q": 2.42,
            "eps_4q_growth_year": null,
            "roe": 1.45,
            "roe_4q": 6.5600000000000005,
            "gross_profit": 259757,
            "gross_margin": 15.21,
            "gross_margin_4q_avg": 14.98,
            "net_income": 68506,
            "net_income_4q": null,
            "revenue": 1707519,
            "revenue_4q": null,
            "common_shares": 1186423,
            "book_valuer_per_share": 40.56,
            "book_valuer_per_share_4q_avg": 40.89,
            "equity": 4834150,
            "current_ratio": 205.88,
            "debt_ratio": 28.46,
            "inventory_turnover_ratio": 1.2,
            "account_receivable_turnover_ratio": 1.99,
            "reinvestment_rate": null,
            "research_to_sale_ratio": 2.34,
            "price_fair": 89.6,
            "eps_avg_yearly": 2.56,
            "eps_latest_yearly": 2.28,
            "eps_growth_yearly": 122.12
        },
        "20132": {
            "year_quarter": 20132,
            "year": 2013,
            "quarter": 2,
            "eps": 0.65,
            "eps_growth_year": 6.59,
            "eps_4q": 2.53,
            "eps_4q_growth_year": 314.59,
            "roe": 1.6,
            "roe_4q": 6.640000000000001,
            "gross_profit": 265295,
            "gross_margin": 16.31,
            "gross_margin_4q_avg": 14.99,
            "net_income": 76697,
            "net_income_4q": null,
            "revenue": 1626845,
            "revenue_4q": null,
            "common_shares": 1186423,
            "book_valuer_per_share": 39.76,
            "book_valuer_per_share_4q_avg": 39.8,
            "equity": 4739644,
            "current_ratio": 167.22,
            "debt_ratio": 34.2,
            "inventory_turnover_ratio": 1.06,
            "account_receivable_turnover_ratio": 1.95,
            "reinvestment_rate": null,
            "research_to_sale_ratio": 2.56,
            "price_fair": 89.95,
            "eps_avg_yearly": 2.57,
            "eps_latest_yearly": 2.6,
            "eps_growth_yearly": 105.63
        },
        "20133": {
            "year_quarter": 20133,
            "year": 2013,
            "quarter": 3,
            "eps": 0.65,
            "eps_growth_year": 80.45,
            "eps_4q": 2.86,
            "eps_4q_growth_year": 194.79,
            "roe": 1.63,
            "roe_4q": 7.359999999999999,
            "gross_profit": 278191,
            "gross_margin": 14.47,
            "gross_margin_4q_avg": 15.29,
            "net_income": 77198,
            "net_income_4q": null,
            "revenue": 1922166,
            "revenue_4q": null,
            "common_shares": 1186423,
            "book_valuer_per_share": 39.93,
            "book_valuer_per_share_4q_avg": 39.81,
            "equity": 4759297,
            "current_ratio": 171.97,
            "debt_ratio": 31.68,
            "inventory_turnover_ratio": 1.18,
            "account_receivable_turnover_ratio": 2.43,
            "reinvestment_rate": null,
            "research_to_sale_ratio": 2.14,
            "price_fair": 90.16,
            "eps_avg_yearly": 2.58,
            "eps_latest_yearly": 2.6,
            "eps_growth_yearly": 84.5
        },
        "20134": {
            "year_quarter": 20134,
            "year": 2013,
            "quarter": 4,
            "eps": 0.37,
            "eps_growth_year": -62.32,
            "eps_4q": 2.24,
            "eps_4q_growth_year": 21.59,
            "roe": 0.92,
            "roe_4q": 5.6000000000000005,
            "gross_profit": 250782,
            "gross_margin": 14.91,
            "gross_margin_4q_avg": 15.23,
            "net_income": 44471,
            "net_income_4q": null,
            "revenue": 1682012,
            "revenue_4q": null,
            "common_shares": 1186423,
            "book_valuer_per_share": 41.18,
            "book_valuer_per_share_4q_avg": 40.36,
            "equity": 4908468,
            "current_ratio": 199.09,
            "debt_ratio": 35.58,
            "inventory_turnover_ratio": 0.91,
            "account_receivable_turnover_ratio": 2.16,
            "reinvestment_rate": null,
            "research_to_sale_ratio": 2.42,
            "price_fair": 83.77,
            "eps_avg_yearly": 2.39,
            "eps_latest_yearly": 1.48,
            "eps_growth_yearly": 41.7
        },
        "20141": {
            "year_quarter": 20141,
            "year": 2014,
            "quarter": 1,
            "eps": 0.68,
            "eps_growth_year": 19.3,
            "eps_4q": 2.32,
            "eps_4q_growth_year": -3.87,
            "roe": 1.59,
            "roe_4q": 5.74,
            "gross_profit": 313404,
            "gross_margin": 15.52,
            "gross_margin_4q_avg": 15.3,
            "net_income": 78885,
            "net_income_4q": null,
            "revenue": 2019701,
            "revenue_4q": null,
            "common_shares": 1198423,
            "book_valuer_per_share": 41.55,
            "book_valuer_per_share_4q_avg": 40.61,
            "equity": 5000854,
            "current_ratio": 201.19,
            "debt_ratio": 34.59,
            "inventory_turnover_ratio": 0.97,
            "account_receivable_turnover_ratio": 2.76,
            "reinvestment_rate": null,
            "research_to_sale_ratio": 1.82,
            "price_fair": 85.4,
            "eps_avg_yearly": 2.44,
            "eps_latest_yearly": 2.72,
            "eps_growth_yearly": 83.62
        },
        "20142": {
            "year_quarter": 20142,
            "year": 2014,
            "quarter": 2,
            "eps": 1.12,
            "eps_growth_year": 72.31,
            "eps_4q": 2.79,
            "eps_4q_growth_year": 10.37,
            "roe": 2.69,
            "roe_4q": 6.83,
            "gross_profit": 382392,
            "gross_margin": 16.86,
            "gross_margin_4q_avg": 15.44,
            "net_income": 131677,
            "net_income_4q": null,
            "revenue": 2268334,
            "revenue_4q": null,
            "common_shares": 1198423,
            "book_valuer_per_share": 39.85,
            "book_valuer_per_share_4q_avg": 40.63,
            "equity": 4803781,
            "current_ratio": 175.62,
            "debt_ratio": 38.96,
            "inventory_turnover_ratio": 1.1,
            "account_receivable_turnover_ratio": 2.69,
            "reinvestment_rate": null,
            "research_to_sale_ratio": 1.64,
            "price_fair": 94.33,
            "eps_avg_yearly": 2.7,
            "eps_latest_yearly": 4.48,
            "eps_growth_yearly": 105.52
        },
        "20143": {
            "year_quarter": 20143,
            "year": 2014,
            "quarter": 3,
            "eps": 0.61,
            "eps_growth_year": -6.15,
            "eps_4q": 2.61,
            "eps_4q_growth_year": -8.7,
            "roe": 1.49,
            "roe_4q": 6.6899999999999995,
            "gross_profit": 306713,
            "gross_margin": 15.19,
            "gross_margin_4q_avg": 15.62,
            "net_income": 74850,
            "net_income_4q": null,
            "revenue": 2018689,
            "revenue_4q": null,
            "common_shares": 1270880,
            "book_valuer_per_share": 41.03,
            "book_valuer_per_share_4q_avg": 40.9,
            "equity": 5270131,
            "current_ratio": 168.51,
            "debt_ratio": 32.01,
            "inventory_turnover_ratio": 0.99,
            "account_receivable_turnover_ratio": 2.44,
            "reinvestment_rate": null,
            "research_to_sale_ratio": 1.89,
            "price_fair": 93.33,
            "eps_avg_yearly": 2.67,
            "eps_latest_yearly": 2.44,
            "eps_growth_yearly": 73.56
        },
        "20144": {
            "year_quarter": 20144,
            "year": 2014,
            "quarter": 4,
            "eps": 0.77,
            "eps_growth_year": 106.9,
            "eps_4q": 2.99,
            "eps_4q_growth_year": 33.48,
            "roe": 1.89,
            "roe_4q": 7.66,
            "gross_profit": 361220,
            "gross_margin": 16.29,
            "gross_margin_4q_avg": 15.97,
            "net_income": 103231,
            "net_income_4q": null,
            "revenue": 2217873,
            "revenue_4q": null,
            "common_shares": 1293433,
            "book_valuer_per_share": 43.13,
            "book_valuer_per_share_4q_avg": 41.39,
            "equity": 5663329,
            "current_ratio": 167.38,
            "debt_ratio": 34.3,
            "inventory_turnover_ratio": 1,
            "account_receivable_turnover_ratio": 2.26,
            "reinvestment_rate": 119.89,
            "research_to_sale_ratio": -0.88,
            "price_fair": 94.78,
            "eps_avg_yearly": 2.71,
            "eps_latest_yearly": 3.08,
            "eps_growth_yearly": 76.69
        },
        "20151": {
            "year_quarter": 20151,
            "year": 2015,
            "quarter": 1,
            "eps": 1.1,
            "eps_growth_year": 61.76,
            "eps_4q": 3.43,
            "eps_4q_growth_year": 47.52,
            "roe": 2.45,
            "roe_4q": 8.52,
            "gross_profit": 421945,
            "gross_margin": 16.77,
            "gross_margin_4q_avg": 16.28,
            "net_income": 139955,
            "net_income_4q": null,
            "revenue": 2516053,
            "revenue_4q": null,
            "common_shares": 1308747,
            "book_valuer_per_share": 43.76,
            "book_valuer_per_share_4q_avg": 41.94,
            "equity": 5761887,
            "current_ratio": 168.04,
            "debt_ratio": 29.41,
            "inventory_turnover_ratio": 1.17,
            "account_receivable_turnover_ratio": 2.2,
            "reinvestment_rate": 125.19,
            "research_to_sale_ratio": 0.86,
            "price_fair": 100.16,
            "eps_avg_yearly": 2.86,
            "eps_latest_yearly": 4.4,
            "eps_growth_yearly": 85.31
        },
        "20152": {
            "year_quarter": 20152,
            "year": 2015,
            "quarter": 2,
            "eps": -0.84,
            "eps_growth_year": -175,
            "eps_4q": 1.56,
            "eps_4q_growth_year": -44.16,
            "roe": -1.99,
            "roe_4q": 3.84,
            "gross_profit": 126723,
            "gross_margin": 5.82,
            "gross_margin_4q_avg": 13.52,
            "net_income": -110245,
            "net_income_4q": null,
            "revenue": 2177478,
            "revenue_4q": null,
            "common_shares": 1325420,
            "book_valuer_per_share": 39.74,
            "book_valuer_per_share_4q_avg": 41.92,
            "equity": 5304015,
            "current_ratio": 132.55,
            "debt_ratio": 37.03,
            "inventory_turnover_ratio": 1.21,
            "account_receivable_turnover_ratio": 1.96,
            "reinvestment_rate": 138.99,
            "research_to_sale_ratio": 1.43,
            "price_fair": 100.16,
            "eps_avg_yearly": 2.86,
            "eps_latest_yearly": 4.4,
            "eps_growth_yearly": 85.31
        },
        "20153": {
            "year_quarter": 20153,
            "year": 2015,
            "quarter": 3,
            "eps": 0.43,
            "eps_growth_year": -29.51,
            "eps_4q": 1.42,
            "eps_4q_growth_year": -45.68,
            "roe": 0.99,
            "roe_4q": 3.34,
            "gross_profit": 296674,
            "gross_margin": 12.77,
            "gross_margin_4q_avg": 12.91,
            "net_income": 53877,
            "net_income_4q": null,
            "revenue": 2323311,
            "revenue_4q": null,
            "common_shares": 1329574,
            "book_valuer_per_share": 41.93,
            "book_valuer_per_share_4q_avg": 42.14,
            "equity": 5594268,
            "current_ratio": 135.84,
            "debt_ratio": 36.12,
            "inventory_turnover_ratio": 1.18,
            "account_receivable_turnover_ratio": 2.14,
            "reinvestment_rate": 132.45,
            "research_to_sale_ratio": 1.33,
            "price_fair": 100.16,
            "eps_avg_yearly": 2.86,
            "eps_latest_yearly": 4.4,
            "eps_growth_yearly": 85.31
        },
        "20154": {
            "year_quarter": 20154,
            "year": 2015,
            "quarter": 4,
            "eps": 0.21,
            "eps_growth_year": -73.32,
            "eps_4q": 0.87,
            "eps_4q_growth_year": -70.96,
            "roe": 0.45,
            "roe_4q": 1.9000000000000001,
            "gross_profit": 330117,
            "gross_margin": 16.27,
            "gross_margin_4q_avg": 12.91,
            "net_income": 25223,
            "net_income_4q": null,
            "revenue": 2029116,
            "revenue_4q": null,
            "common_shares": 1326983,
            "book_valuer_per_share": 41.27,
            "book_valuer_per_share_4q_avg": 41.68,
            "equity": 5514744,
            "current_ratio": 125.66,
            "debt_ratio": 37.85,
            "inventory_turnover_ratio": 0.97,
            "account_receivable_turnover_ratio": 1.95,
            "reinvestment_rate": 130.46,
            "research_to_sale_ratio": -0.66,
            "price_fair": 94.27,
            "eps_avg_yearly": 2.69,
            "eps_latest_yearly": 0.84,
            "eps_growth_yearly": 61.14
        },
        "20161": {
            "year_quarter": 20161,
            "year": 2016,
            "quarter": 1,
            "eps": 1.31,
            "eps_growth_year": 19.09,
            "eps_4q": 1.1,
            "eps_4q_growth_year": -67.83,
            "roe": 3.1,
            "roe_4q": 2.55,
            "gross_profit": 431627,
            "gross_margin": 17.46,
            "gross_margin_4q_avg": 13.08,
            "net_income": 171154,
            "net_income_4q": null,
            "revenue": 2471686,
            "revenue_4q": null,
            "common_shares": 1328911,
            "book_valuer_per_share": 41.38,
            "book_valuer_per_share_4q_avg": 41.08,
            "equity": 5539983,
            "current_ratio": 139.76,
            "debt_ratio": 34.73,
            "inventory_turnover_ratio": 1.22,
            "account_receivable_turnover_ratio": 2.48,
            "reinvestment_rate": 117.02,
            "research_to_sale_ratio": 0.41,
            "price_fair": 101.12,
            "eps_avg_yearly": 2.89,
            "eps_latest_yearly": 5.24,
            "eps_growth_yearly": 217.61
        },
        "20162": {
            "year_quarter": 20162,
            "year": 2016,
            "quarter": 2,
            "eps": 1.47,
            "eps_growth_year": null,
            "eps_4q": 3.37,
            "eps_4q_growth_year": 116.47,
            "roe": 3.51,
            "roe_4q": 8.049999999999999,
            "gross_profit": 394214,
            "gross_margin": 17.79,
            "gross_margin_4q_avg": 16.07,
            "net_income": 191974,
            "net_income_4q": null,
            "revenue": 2215400,
            "revenue_4q": null,
            "common_shares": 1333653,
            "book_valuer_per_share": 40.16,
            "book_valuer_per_share_4q_avg": 41.19,
            "equity": 5397589,
            "current_ratio": 162.55,
            "debt_ratio": 40.17,
            "inventory_turnover_ratio": 1.19,
            "account_receivable_turnover_ratio": 2.02,
            "reinvestment_rate": 99.14,
            "research_to_sale_ratio": 0.81,
            "price_fair": 108.6,
            "eps_avg_yearly": 3.1,
            "eps_latest_yearly": 5.88,
            "eps_growth_yearly": 205.56
        },
        "20163": {
            "year_quarter": 20163,
            "year": 2016,
            "quarter": 3,
            "eps": 0.84,
            "eps_growth_year": 95.35,
            "eps_4q": 3.69,
            "eps_4q_growth_year": 159.93,
            "roe": 2.01,
            "roe_4q": 9.069999999999999,
            "gross_profit": 366729,
            "gross_margin": 17.25,
            "gross_margin_4q_avg": 17.19,
            "net_income": 109729,
            "net_income_4q": null,
            "revenue": 2125402,
            "revenue_4q": null,
            "common_shares": 1374718,
            "book_valuer_per_share": 39.73,
            "book_valuer_per_share_4q_avg": 40.64,
            "equity": 5499151,
            "current_ratio": 198.91,
            "debt_ratio": 34.33,
            "inventory_turnover_ratio": 1.15,
            "account_receivable_turnover_ratio": 1.96,
            "reinvestment_rate": 91.65,
            "research_to_sale_ratio": 0.63,
            "price_fair": 113.4,
            "eps_avg_yearly": 3.24,
            "eps_latest_yearly": 3.36,
            "eps_growth_yearly": 205.02
        },
        "20164": {
            "year_quarter": 20164,
            "year": 2016,
            "quarter": 4,
            "eps": 1.61,
            "eps_growth_year": 684.52,
            "eps_4q": 5.09,
            "eps_4q_growth_year": 484.78,
            "roe": 3.94,
            "roe_4q": 12.559999999999999,
            "gross_profit": 440750,
            "gross_margin": 19.44,
            "gross_margin_4q_avg": 17.99,
            "net_income": 220619,
            "net_income_4q": null,
            "revenue": 2267357,
            "revenue_4q": null,
            "common_shares": 1380954,
            "book_valuer_per_share": 41.04,
            "book_valuer_per_share_4q_avg": 40.58,
            "equity": 5703659,
            "current_ratio": 182.81,
            "debt_ratio": 37.05,
            "inventory_turnover_ratio": 1.15,
            "account_receivable_turnover_ratio": 2.04,
            "reinvestment_rate": 85.46,
            "research_to_sale_ratio": 2.25,
            "price_fair": 119.6,
            "eps_avg_yearly": 3.42,
            "eps_latest_yearly": 6.44,
            "eps_growth_yearly": 181.21
        },
        "20171": {
            "year_quarter": 20171,
            "year": 2017,
            "quarter": 1,
            "eps": 1.92,
            "eps_growth_year": 46.56,
            "eps_4q": 5.75,
            "eps_4q_growth_year": 421.21,
            "roe": 4.62,
            "roe_4q": 14.08,
            "gross_profit": 573629,
            "gross_margin": 24.34,
            "gross_margin_4q_avg": 19.71,
            "net_income": 262866,
            "net_income_4q": null,
            "revenue": 2357086,
            "revenue_4q": null,
            "common_shares": 1384555,
            "book_valuer_per_share": 40.8,
            "book_valuer_per_share_4q_avg": 40.43,
            "equity": 5672707,
            "current_ratio": 156.28,
            "debt_ratio": 32.3,
            "inventory_turnover_ratio": 1.07,
            "account_receivable_turnover_ratio": 2.11,
            "reinvestment_rate": 59.24,
            "research_to_sale_ratio": 1.12,
            "price_fair": 133.1,
            "eps_avg_yearly": 3.8,
            "eps_latest_yearly": 7.68,
            "eps_growth_yearly": 198.84
        },
        "20172": {
            "year_quarter": 20172,
            "year": 2017,
            "quarter": 2,
            "eps": 1.7,
            "eps_growth_year": 15.65,
            "eps_4q": 5.86,
            "eps_4q_growth_year": 73.62,
            "roe": 4.09,
            "roe_4q": 14.66,
            "gross_profit": 527767,
            "gross_margin": 20.6,
            "gross_margin_4q_avg": 20.41,
            "net_income": 234368,
            "net_income_4q": null,
            "revenue": 2562348,
            "revenue_4q": null,
            "common_shares": 1434929,
            "book_valuer_per_share": 40.21,
            "book_valuer_per_share_4q_avg": 40.45,
            "equity": 5779576,
            "current_ratio": 146.52,
            "debt_ratio": 36.82,
            "inventory_turnover_ratio": 1.18,
            "account_receivable_turnover_ratio": 2.15,
            "reinvestment_rate": 54.29,
            "research_to_sale_ratio": 1.2,
            "price_fair": 143.6,
            "eps_avg_yearly": 4.1,
            "eps_latest_yearly": 6.8,
            "eps_growth_yearly": 191.55
        },
        "20173": {
            "year_quarter": 20173,
            "year": 2017,
            "quarter": 3,
            "eps": 0.85,
            "eps_growth_year": 1.19,
            "eps_4q": 5.82,
            "eps_4q_growth_year": 57.95,
            "roe": 2.05,
            "roe_4q": 14.7,
            "gross_profit": 424795,
            "gross_margin": 15.62,
            "gross_margin_4q_avg": 20,
            "net_income": 121680,
            "net_income_4q": null,
            "revenue": 2718905,
            "revenue_4q": null,
            "common_shares": 1461081,
            "book_valuer_per_share": 41.55,
            "book_valuer_per_share_4q_avg": 40.9,
            "equity": 6082877,
            "current_ratio": 160.4,
            "debt_ratio": 32.13,
            "inventory_turnover_ratio": 1.31,
            "account_receivable_turnover_ratio": 1.9,
            "reinvestment_rate": 54.61,
            "research_to_sale_ratio": 1.17,
            "price_fair": 145.6,
            "eps_avg_yearly": 4.16,
            "eps_latest_yearly": 3.4,
            "eps_growth_yearly": 177.27
        },
        "20174": {
            "year_quarter": 20174,
            "year": 2017,
            "quarter": 4,
            "eps": 1.22,
            "eps_growth_year": -24.2,
            "eps_4q": 5.51,
            "eps_4q_growth_year": 8.39,
            "roe": 2.87,
            "roe_4q": 13.629999999999999,
            "gross_profit": 528952,
            "gross_margin": 19.24,
            "gross_margin_4q_avg": 19.95,
            "net_income": 177089,
            "net_income_4q": null,
            "revenue": 2749812,
            "revenue_4q": null,
            "common_shares": 1461973,
            "book_valuer_per_share": 42.55,
            "book_valuer_per_share_4q_avg": 41.28,
            "equity": 6243633,
            "current_ratio": 164.83,
            "debt_ratio": 33.7,
            "inventory_turnover_ratio": 1.38,
            "account_receivable_turnover_ratio": 1.72,
            "reinvestment_rate": 44.02,
            "research_to_sale_ratio": 1.09,
            "price_fair": 154.1,
            "eps_avg_yearly": 4.4,
            "eps_latest_yearly": 4.88,
            "eps_growth_yearly": 202.01
        },
        "20181": {
            "year_quarter": 20181,
            "year": 2018,
            "quarter": 1,
            "eps": 0.68,
            "eps_growth_year": -64.58,
            "eps_4q": 4.37,
            "eps_4q_growth_year": -23.96,
            "roe": 1.54,
            "roe_4q": 10.55,
            "gross_profit": 422491,
            "gross_margin": 19.54,
            "gross_margin_4q_avg": 18.75,
            "net_income": 97812,
            "net_income_4q": null,
            "revenue": 2162678,
            "revenue_4q": null,
            "common_shares": 1462550,
            "book_valuer_per_share": 43.9,
            "book_valuer_per_share_4q_avg": 42.05,
            "equity": 6440654,
            "current_ratio": 176.74,
            "debt_ratio": 29.28,
            "inventory_turnover_ratio": 1.06,
            "account_receivable_turnover_ratio": 1.48,
            "reinvestment_rate": 42.07,
            "research_to_sale_ratio": 1.46,
            "price_fair": 154.1,
            "eps_avg_yearly": 4.4,
            "eps_latest_yearly": 2.72,
            "eps_growth_yearly": 165.43
        },
        "20182": {
            "year_quarter": 20182,
            "year": 2018,
            "quarter": 2,
            "eps": 1.65,
            "eps_growth_year": -2.94,
            "eps_4q": 4.39,
            "eps_4q_growth_year": -25.03,
            "roe": 3.8,
            "roe_4q": 10.260000000000002,
            "gross_profit": 407645,
            "gross_margin": 15.55,
            "gross_margin_4q_avg": 17.49,
            "net_income": 238965,
            "net_income_4q": null,
            "revenue": 2622063,
            "revenue_4q": null,
            "common_shares": 1462735,
            "book_valuer_per_share": 41.76,
            "book_valuer_per_share_4q_avg": 42.44,
            "equity": 6129051,
            "current_ratio": 140.21,
            "debt_ratio": 39.35,
            "inventory_turnover_ratio": 1.2,
            "account_receivable_turnover_ratio": 1.86,
            "reinvestment_rate": 47.72,
            "research_to_sale_ratio": 1.23,
            "price_fair": 159.4,
            "eps_avg_yearly": 4.55,
            "eps_latest_yearly": 6.6,
            "eps_growth_yearly": 187.69
        },
        "20183": {
            "year_quarter": 20183,
            "year": 2018,
            "quarter": 3,
            "eps": 1.45,
            "eps_growth_year": 70.59,
            "eps_4q": 4.99,
            "eps_4q_growth_year": -14.22,
            "roe": 3.42,
            "roe_4q": 11.629999999999999,
            "gross_profit": 441891,
            "gross_margin": 17.06,
            "gross_margin_4q_avg": 17.85,
            "net_income": 210091,
            "net_income_4q": null,
            "revenue": 2590501,
            "revenue_4q": null,
            "common_shares": 1462735,
            "book_valuer_per_share": 42.03,
            "book_valuer_per_share_4q_avg": 42.56,
            "equity": 6168231,
            "current_ratio": 164.39,
            "debt_ratio": 43.31,
            "inventory_turnover_ratio": 1.17,
            "account_receivable_turnover_ratio": 1.69,
            "reinvestment_rate": 41.18,
            "research_to_sale_ratio": 1.13,
            "price_fair": 167.8,
            "eps_avg_yearly": 4.79,
            "eps_latest_yearly": 5.8,
            "eps_growth_yearly": 197.24
        },
        "20184": {
            "year_quarter": 20184,
            "year": 2018,
            "quarter": 4,
            "eps": 1.26,
            "eps_growth_year": 3.32,
            "eps_4q": 4.86,
            "eps_4q_growth_year": -11.82,
            "roe": 3,
            "roe_4q": 11.759999999999998,
            "gross_profit": 540992,
            "gross_margin": 20.07,
            "gross_margin_4q_avg": 18.06,
            "net_income": 190418,
            "net_income_4q": null,
            "revenue": 2694909,
            "revenue_4q": null,
            "common_shares": 1462735,
            "book_valuer_per_share": 42.68,
            "book_valuer_per_share_4q_avg": 42.59,
            "equity": 6537616,
            "current_ratio": 166.06,
            "debt_ratio": 41.23,
            "inventory_turnover_ratio": 1.19,
            "account_receivable_turnover_ratio": 1.57,
            "reinvestment_rate": 44.34,
            "research_to_sale_ratio": 1.14,
            "price_fair": 172.7,
            "eps_avg_yearly": 4.93,
            "eps_latest_yearly": 5.04,
            "eps_growth_yearly": 186
        },
        "20191": {
            "year_quarter": 20191,
            "year": 2019,
            "quarter": 1,
            "eps": 1.34,
            "eps_growth_year": 97.06,
            "eps_4q": 5.34,
            "eps_4q_growth_year": 22.31,
            "roe": 2.95,
            "roe_4q": 13.170000000000002,
            "gross_profit": 505836,
            "gross_margin": 19.62,
            "gross_margin_4q_avg": 18.08,
            "net_income": 204767,
            "net_income_4q": null,
            "revenue": 2577643,
            "revenue_4q": null,
            "common_shares": 1589915,
            "book_valuer_per_share": 46.07,
            "book_valuer_per_share_4q_avg": 43.14,
            "equity": 7362199,
            "current_ratio": 181.66,
            "debt_ratio": 37.62,
            "inventory_turnover_ratio": 1.01,
            "account_receivable_turnover_ratio": 1.33,
            "reinvestment_rate": 47.95,
            "research_to_sale_ratio": 1.18,
            "price_fair": 175.1,
            "eps_avg_yearly": 5,
            "eps_latest_yearly": 5.36,
            "eps_growth_yearly": 175.57
        },
        "20192": {
            "year_quarter": 20192,
            "year": 2019,
            "quarter": 2,
            "eps": 1.85,
            "eps_growth_year": 12.12,
            "eps_4q": 5.59,
            "eps_4q_growth_year": 27.23,
            "roe": 4.06,
            "roe_4q": 13.43,
            "gross_profit": 534476,
            "gross_margin": 15.93,
            "gross_margin_4q_avg": 18.17,
            "net_income": 295664,
            "net_income_4q": null,
            "revenue": 3354345,
            "revenue_4q": null,
            "common_shares": 1622246,
            "book_valuer_per_share": 44.16,
            "book_valuer_per_share_4q_avg": 43.74,
            "equity": 7210852,
            "current_ratio": 147.36,
            "debt_ratio": 44.3,
            "inventory_turnover_ratio": 1.25,
            "account_receivable_turnover_ratio": 1.51,
            "reinvestment_rate": 43.35,
            "research_to_sale_ratio": 1.04,
            "price_fair": 180.69,
            "eps_avg_yearly": 5.16,
            "eps_latest_yearly": 7.4,
            "eps_growth_yearly": 174.02
        },
        "20193": {
            "year_quarter": 20193,
            "year": 2019,
            "quarter": 3,
            "eps": 2.44,
            "eps_growth_year": 68.28,
            "eps_4q": 6.43,
            "eps_4q_growth_year": 28.66,
            "roe": 5.36,
            "roe_4q": 15.370000000000001,
            "gross_profit": 673404,
            "gross_margin": 19.52,
            "gross_margin_4q_avg": 18.79,
            "net_income": 405028,
            "net_income_4q": null,
            "revenue": 3449635,
            "revenue_4q": null,
            "common_shares": 1713395,
            "book_valuer_per_share": 45.85,
            "book_valuer_per_share_4q_avg": 44.69,
            "equity": 7901502,
            "current_ratio": 155.84,
            "debt_ratio": 36.46,
            "inventory_turnover_ratio": 1.27,
            "account_receivable_turnover_ratio": 1.46,
            "reinvestment_rate": 36.49,
            "research_to_sale_ratio": 1.09,
            "price_fair": 190.75,
            "eps_avg_yearly": 5.45,
            "eps_latest_yearly": 9.76,
            "eps_growth_yearly": 171.11
        },
        "20194": {
            "year_quarter": 20194,
            "year": 2019,
            "quarter": 4,
            "eps": 2.13,
            "eps_growth_year": 68.17,
            "eps_4q": 7.32,
            "eps_4q_growth_year": 50.6,
            "roe": 4.59,
            "roe_4q": 16.959999999999997,
            "gross_profit": 814890,
            "gross_margin": 23.55,
            "gross_margin_4q_avg": 19.66,
            "net_income": 371052,
            "net_income_4q": null,
            "revenue": 3460902,
            "revenue_4q": null,
            "common_shares": 1747566,
            "book_valuer_per_share": 47.09,
            "book_valuer_per_share_4q_avg": 45.79,
            "equity": 8273710,
            "current_ratio": 152.98,
            "debt_ratio": 36.3,
            "inventory_turnover_ratio": 1.24,
            "account_receivable_turnover_ratio": 1.58,
            "reinvestment_rate": 34.8,
            "research_to_sale_ratio": 1.21,
            "price_fair": 207.55,
            "eps_avg_yearly": 5.93,
            "eps_latest_yearly": 8.52,
            "eps_growth_yearly": 180.73
        },
        "20201": {
            "year_quarter": 20201,
            "year": 2020,
            "quarter": 1,
            "eps": 2.02,
            "eps_growth_year": 50.75,
            "eps_4q": 8.16,
            "eps_4q_growth_year": 52.6,
            "roe": 4.2,
            "roe_4q": 18.209999999999997,
            "gross_profit": 660408,
            "gross_margin": 23.82,
            "gross_margin_4q_avg": 20.71,
            "net_income": 353620,
            "net_income_4q": null,
            "revenue": 2772864,
            "revenue_4q": null,
            "common_shares": 1751113,
            "book_valuer_per_share": 48.77,
            "book_valuer_per_share_4q_avg": 46.47,
            "equity": 8582261,
            "current_ratio": 157.6,
            "debt_ratio": 34.09,
            "inventory_turnover_ratio": 0.92,
            "account_receivable_turnover_ratio": 1.33,
            "reinvestment_rate": 38,
            "research_to_sale_ratio": 1.46,
            "price_fair": 213.76,
            "eps_avg_yearly": 6.11,
            "eps_latest_yearly": 8.08,
            "eps_growth_yearly": 48.49
        },
        "20202": {
            "year_quarter": 20202,
            "year": 2020,
            "quarter": 2,
            "eps": 0.99,
            "eps_growth_year": -46.49,
            "eps_4q": 7.47,
            "eps_4q_growth_year": 33.71,
            "roe": 2.11,
            "roe_4q": 16.26,
            "gross_profit": 473154,
            "gross_margin": 19.91,
            "gross_margin_4q_avg": 21.7,
            "net_income": 171410,
            "net_income_4q": null,
            "revenue": 2376331,
            "revenue_4q": null,
            "common_shares": 1751620,
            "book_valuer_per_share": 43.47,
            "book_valuer_per_share_4q_avg": 46.3,
            "equity": 7628212,
            "current_ratio": 125.94,
            "debt_ratio": 43.08,
            "inventory_turnover_ratio": 0.79,
            "account_receivable_turnover_ratio": 1.16,
            "reinvestment_rate": 38.59,
            "research_to_sale_ratio": 1.78,
            "price_fair": 209.56,
            "eps_avg_yearly": 5.99,
            "eps_latest_yearly": 3.96,
            "eps_growth_yearly": 32.68
        },
        "20203": {
            "year_quarter": 20203,
            "year": 2020,
            "quarter": 3,
            "eps": 1.05,
            "eps_growth_year": -56.97,
            "eps_4q": 4.45,
            "eps_4q_growth_year": -30.7,
            "roe": 2.27,
            "roe_4q": 13.17,
            "gross_profit": 646363,
            "gross_margin": 20.09,
            "gross_margin_4q_avg": 21.84,
            "net_income": 184308,
            "net_income_4q": null,
            "revenue": 3217219,
            "revenue_4q": null,
            "common_shares": 1761846,
            "book_valuer_per_share": 46.61,
            "book_valuer_per_share_4q_avg": 46.49,
            "equity": 8643276,
            "current_ratio": 168.17,
            "debt_ratio": 37.24,
            "inventory_turnover_ratio": 1.13,
            "account_receivable_turnover_ratio": 1.45,
            "reinvestment_rate": 40.53,
            "research_to_sale_ratio": 1.24,
            "price_fair": 211.4,
            "eps_avg_yearly": 6.04,
            "eps_latest_yearly": 4.2,
            "eps_growth_yearly": 44.91
        },
        "20204": {
            "year_quarter": 20204,
            "year": 2020,
            "quarter": 4,
            "eps": 1.01,
            "eps_growth_year": -52.61,
            "eps_4q": 4.84,
            "eps_4q_growth_year": -33.91,
            "roe": 2.17,
            "roe_4q": 10.75,
            "gross_profit": 602079,
            "gross_margin": 20.21,
            "gross_margin_4q_avg": 21.01,
            "net_income": 186176,
            "net_income_4q": null,
            "revenue": 2979227,
            "revenue_4q": null,
            "common_shares": 1861950,
            "book_valuer_per_share": 45.67,
            "book_valuer_per_share_4q_avg": 46.13,
            "equity": 8515317,
            "current_ratio": 151.51,
            "debt_ratio": 40.66,
            "inventory_turnover_ratio": 0.98,
            "account_receivable_turnover_ratio": 1.34,
            "reinvestment_rate": 44.28,
            "research_to_sale_ratio": 1.47,
            "price_fair": 182.85,
            "eps_avg_yearly": 5.89,
            "eps_latest_yearly": 4.04,
            "eps_growth_yearly": 21.04
        },
        "20211": {
            "year_quarter": 20211,
            "year": 2021,
            "quarter": 1,
            "eps": 1.75,
            "eps_growth_year": -13.37,
            "eps_4q": 4.68,
            "eps_4q_growth_year": -42.58,
            "roe": 3.82,
            "roe_4q": 10.37,
            "gross_profit": 703604,
            "gross_margin": 20.59,
            "gross_margin_4q_avg": 20.2,
            "net_income": 325376,
            "net_income_4q": null,
            "revenue": 3416849,
            "revenue_4q": null,
            "common_shares": 1861950,
            "book_valuer_per_share": 45.76,
            "book_valuer_per_share_4q_avg": 45.38,
            "equity": 8531868,
            "current_ratio": 132.27,
            "debt_ratio": 45.1,
            "inventory_turnover_ratio": 0.9,
            "account_receivable_turnover_ratio": 1.52,
            "reinvestment_rate": 63.96,
            "research_to_sale_ratio": 1.35,
            "price_fair": 204.66,
            "eps_avg_yearly": 5.85,
            "eps_latest_yearly": 7,
            "eps_growth_yearly": 34.55
        },
        "20212": {
            "year_quarter": 20212,
            "year": 2021,
            "quarter": 2,
            "eps": 0.7,
            "eps_growth_year": -29.29,
            "eps_4q": 4.46,
            "eps_4q_growth_year": -40.34,
            "roe": 1.52,
            "roe_4q": 9.78,
            "gross_profit": 500851,
            "gross_margin": 14.39,
            "gross_margin_4q_avg": 18.82,
            "net_income": 129517,
            "net_income_4q": null,
            "revenue": 3479368,
            "revenue_4q": null,
            "common_shares": 1861950,
            "book_valuer_per_share": 45.68,
            "book_valuer_per_share_4q_avg": 45.93,
            "equity": 8493197,
            "current_ratio": 125.25,
            "debt_ratio": 47.67,
            "inventory_turnover_ratio": 0.86,
            "account_receivable_turnover_ratio": 1.45,
            "reinvestment_rate": 70.47,
            "research_to_sale_ratio": 1.48,
            "price_fair": 181.43,
            "eps_avg_yearly": 5.6,
            "eps_latest_yearly": 2.8,
            "eps_growth_yearly": 22.41
        },
        "20213": {
            "year_quarter": 20213,
            "year": 2021,
            "quarter": 3,
            "eps": 1.84,
            "eps_growth_year": 75.24,
            "eps_4q": 5.3,
            "eps_4q_growth_year": 19.08,
            "roe": 3.93,
            "roe_4q": 11.44,
            "gross_profit": 737941,
            "gross_margin": 17.78,
            "gross_margin_4q_avg": 18.24,
            "net_income": 341568,
            "net_income_4q": null,
            "revenue": 4149813,
            "revenue_4q": null,
            "common_shares": 1861950,
            "book_valuer_per_share": 47.73,
            "book_valuer_per_share_4q_avg": 46.21,
            "equity": 8873267,
            "current_ratio": 127.05,
            "debt_ratio": 46.03,
            "inventory_turnover_ratio": 0.97,
            "account_receivable_turnover_ratio": 1.53,
            "reinvestment_rate": 70.83,
            "research_to_sale_ratio": 1.27,
            "price_fair": 204.58,
            "eps_avg_yearly": 5.85,
            "eps_latest_yearly": 7.36,
            "eps_growth_yearly": 75.63
        },
        "20214": {
            "year_quarter": 20214,
            "year": 2021,
            "quarter": 4,
            "eps": 2.09,
            "eps_growth_year": 107.79,
            "eps_4q": 6.39,
            "eps_4q_growth_year": 32.04,
            "roe": 4.33,
            "roe_4q": 13.6,
            "gross_profit": 861225,
            "gross_margin": 19.15,
            "gross_margin_4q_avg": 17.98,
            "net_income": 388210,
            "net_income_4q": null,
            "revenue": 4498231,
            "revenue_4q": null,
            "common_shares": 1861950,
            "book_valuer_per_share": 48.64,
            "book_valuer_per_share_4q_avg": 46.95,
            "equity": 9042476,
            "current_ratio": 114.5,
            "debt_ratio": 48.62,
            "inventory_turnover_ratio": 1,
            "account_receivable_turnover_ratio": 1.46,
            "reinvestment_rate": 73.22,
            "research_to_sale_ratio": 1.07,
            "price_fair": 212.19,
            "eps_avg_yearly": 6.06,
            "eps_latest_yearly": 8.36,
            "eps_growth_yearly": 68.14
        },
        "20221": {
            "year_quarter": 20221,
            "year": 2022,
            "quarter": 1,
            "eps": 2.93,
            "eps_growth_year": 67.43,
            "eps_4q": 7.56,
            "eps_4q_growth_year": 61.47,
            "roe": 5.91,
            "roe_4q": 15.69,
            "gross_profit": 980607,
            "gross_margin": 21.66,
            "gross_margin_4q_avg": 18.25,
            "net_income": 543347,
            "net_income_4q": null,
            "revenue": 4527115,
            "revenue_4q": null,
            "common_shares": 1861950,
            "book_valuer_per_share": 50.4,
            "book_valuer_per_share_4q_avg": 48.11,
            "equity": 9350823,
            "current_ratio": 109.53,
            "debt_ratio": 52.96,
            "inventory_turnover_ratio": 0.81,
            "account_receivable_turnover_ratio": 1.36,
            "reinvestment_rate": 74.75,
            "research_to_sale_ratio": 1.07,
            "price_fair": 231.88,
            "eps_avg_yearly": 6.63,
            "eps_latest_yearly": 11.72,
            "eps_growth_yearly": 89.25
        },
        "20222": {
            "year_quarter": 20222,
            "year": 2022,
            "quarter": 2,
            "eps": 5.12,
            "eps_growth_year": 631.43,
            "eps_4q": 11.81,
            "eps_4q_growth_year": 164.94,
            "roe": 9.54,
            "roe_4q": 23.71,
            "gross_profit": 1397137,
            "gross_margin": 22.54,
            "gross_margin_4q_avg": 20.28,
            "net_income": 954320,
            "net_income_4q": null,
            "revenue": 6199851,
            "revenue_4q": null,
            "common_shares": 1893631,
            "book_valuer_per_share": 56.52,
            "book_valuer_per_share_4q_avg": 50.82,
            "equity": 10665253,
            "current_ratio": 115.41,
            "debt_ratio": 52.25,
            "inventory_turnover_ratio": 0.95,
            "account_receivable_turnover_ratio": 1.55,
            "reinvestment_rate": 71.48,
            "research_to_sale_ratio": 0.81,
            "price_fair": 262.24,
            "eps_avg_yearly": 7.49,
            "eps_latest_yearly": 20.48,
            "eps_growth_yearly": 72.28
        },
        "20223": {
            "year_quarter": 20223,
            "year": 2022,
            "quarter": 3,
            "eps": 6.85,
            "eps_growth_year": 272.28,
            "eps_4q": 16.8,
            "eps_4q_growth_year": 216.9,
            "roe": 11.25,
            "roe_4q": 31.03,
            "gross_profit": 1754767,
            "gross_margin": 24.24,
            "gross_margin_4q_avg": 21.9,
            "net_income": 1295883,
            "net_income_4q": null,
            "revenue": 7238216,
            "revenue_4q": null,
            "common_shares": 1900323,
            "book_valuer_per_share": 65.35,
            "book_valuer_per_share_4q_avg": 55.23,
            "equity": 12376190,
            "current_ratio": 125.3,
            "debt_ratio": 48.04,
            "inventory_turnover_ratio": 1.06,
            "account_receivable_turnover_ratio": 1.44,
            "reinvestment_rate": 68.97,
            "research_to_sale_ratio": 0.85,
            "price_fair": 309.49,
            "eps_avg_yearly": 8.84,
            "eps_latest_yearly": 27.4,
            "eps_growth_yearly": 83.76
        },
        "20224": {
            "year_quarter": 20224,
            "year": 2022,
            "quarter": 4,
            "eps": 3.17,
            "eps_growth_year": 51.34,
            "eps_4q": 17.87,
            "eps_4q_growth_year": 179.68,
            "roe": 4.82,
            "roe_4q": 31.52,
            "gross_profit": 1453670,
            "gross_margin": 23.39,
            "gross_margin_4q_avg": 22.96,
            "net_income": 602000,
            "net_income_4q": null,
            "revenue": 6216051,
            "revenue_4q": null,
            "common_shares": 1907235,
            "book_valuer_per_share": 66.43,
            "book_valuer_per_share_4q_avg": 59.68,
            "equity": 12626577,
            "current_ratio": 133.46,
            "debt_ratio": 44.81,
            "inventory_turnover_ratio": 0.94,
            "account_receivable_turnover_ratio": 1.3,
            "reinvestment_rate": 56.57,
            "research_to_sale_ratio": 1.12,
            "price_fair": 326.2,
            "eps_avg_yearly": 9.32,
            "eps_latest_yearly": 12.68,
            "eps_growth_yearly": 73.6
        },
        "20231": {
            "year_quarter": 20231,
            "year": 2023,
            "quarter": 1,
            "eps": 2.5,
            "eps_growth_year": -14.68,
            "eps_4q": 17.5,
            "eps_4q_growth_year": 131.44,
            "roe": 3.86,
            "roe_4q": 29.47,
            "gross_profit": 1068504,
            "gross_margin": 21.14,
            "gross_margin_4q_avg": 22.83,
            "net_income": 474464,
            "net_income_4q": null,
            "revenue": 5053564,
            "revenue_4q": null,
            "common_shares": 1907303,
            "book_valuer_per_share": 62.85,
            "book_valuer_per_share_4q_avg": 62.79,
            "equity": 11946402,
            "current_ratio": 130.44,
            "debt_ratio": 44.51,
            "inventory_turnover_ratio": 0.86,
            "account_receivable_turnover_ratio": 1.33,
            "reinvestment_rate": 48.14,
            "research_to_sale_ratio": 1.02,
            "price_fair": 336.35,
            "eps_avg_yearly": 9.61,
            "eps_latest_yearly": 10,
            "eps_growth_yearly": 66.73
        },
        "20232": {
            "year_quarter": 20232,
            "year": 2023,
            "quarter": 2,
            "eps": 3.27,
            "eps_growth_year": -36.13,
            "eps_4q": 15.74,
            "eps_4q_growth_year": 33.35,
            "roe": 5.07,
            "roe_4q": 25,
            "gross_profit": 867074,
            "gross_margin": 18.78,
            "gross_margin_4q_avg": 21.89,
            "net_income": 621079,
            "net_income_4q": null,
            "revenue": 4616288,
            "revenue_4q": null,
            "common_shares": 1908087,
            "book_valuer_per_share": 66.01,
            "book_valuer_per_share_4q_avg": 65.16,
            "equity": 12551085,
            "current_ratio": 154.38,
            "debt_ratio": 38.19,
            "inventory_turnover_ratio": 1.01,
            "account_receivable_turnover_ratio": 1.31,
            "reinvestment_rate": 43.63,
            "research_to_sale_ratio": 1.01,
            "price_fair": 348.78,
            "eps_avg_yearly": 9.97,
            "eps_latest_yearly": 13.08,
            "eps_growth_yearly": 64.92
        },
        "20233": {
            "year_quarter": 20233,
            "year": 2023,
            "quarter": 3,
            "eps": 1.78,
            "eps_growth_year": -74.01,
            "eps_4q": 10.7,
            "eps_4q_growth_year": -36.33,
            "roe": 2.63,
            "roe_4q": 16.380000000000003,
            "gross_profit": 605957,
            "gross_margin": 17.1,
            "gross_margin_4q_avg": 20.1,
            "net_income": 338469,
            "net_income_4q": null,
            "revenue": 3542788,
            "revenue_4q": null,
            "common_shares": 1909899,
            "book_valuer_per_share": 69.21,
            "book_valuer_per_share_4q_avg": 66.13,
            "equity": 13172398,
            "current_ratio": 176.52,
            "debt_ratio": 33.56,
            "inventory_turnover_ratio": 0.96,
            "account_receivable_turnover_ratio": 1.15,
            "reinvestment_rate": 41.67,
            "research_to_sale_ratio": 1.15,
            "price_fair": 343,
            "eps_avg_yearly": 9.8,
            "eps_latest_yearly": 7.12,
            "eps_growth_yearly": 45.55
        },
        "20234": {
            "year_quarter": 20234,
            "year": 2023,
            "quarter": 4,
            "eps": 0.33,
            "eps_growth_year": -89.56,
            "eps_4q": 7.87,
            "eps_4q_growth_year": -55.98,
            "roe": 0.49,
            "roe_4q": 12.05,
            "gross_profit": 653252,
            "gross_margin": 17.75,
            "gross_margin_4q_avg": 18.69,
            "net_income": 62966,
            "net_income_4q": null,
            "revenue": 3680586,
            "revenue_4q": null,
            "common_shares": 1909899,
            "book_valuer_per_share": 65,
            "book_valuer_per_share_4q_avg": 65.77,
            "equity": 12371593,
            "current_ratio": 169.86,
            "debt_ratio": 33.78,
            "inventory_turnover_ratio": 1.18,
            "account_receivable_turnover_ratio": 1.41,
            "reinvestment_rate": 36.61,
            "research_to_sale_ratio": 1.12,
            "price_fair": 327.25,
            "eps_avg_yearly": 9.35,
            "eps_latest_yearly": 1.32,
            "eps_growth_yearly": 28.36
        }
    },
    "months": {
        "2012-10": {
            "month": "2012-10",
            "price": "26.26",
            "revenue": 451648
        },
        "2012-11": {
            "month": "2012-11",
            "price": "25.46",
            "revenue": 505266
        },
        "2012-12": {
            "month": "2012-12",
            "price": "27.02",
            "revenue": 630879
        },
        "2013-01": {
            "month": "2013-01",
            "price": "26.63",
            "revenue": 623833
        },
        "2013-02": {
            "month": "2013-02",
            "price": "27.15",
            "revenue": 448079
        },
        "2013-03": {
            "month": "2013-03",
            "price": "27.41",
            "revenue": 634007
        },
        "2013-04": {
            "month": "2013-04",
            "price": "33.49",
            "revenue": 520076
        },
        "2013-05": {
            "month": "2013-05",
            "price": "35.30",
            "revenue": 472991
        },
        "2013-06": {
            "month": "2013-06",
            "price": "34.23",
            "revenue": 630091
        },
        "2013-07": {
            "month": "2013-07",
            "price": "33.78",
            "revenue": 647180
        },
        "2013-08": {
            "month": "2013-08",
            "price": "33.89",
            "revenue": 646328
        },
        "2013-09": {
            "month": "2013-09",
            "price": "33.10",
            "revenue": 634504
        },
        "2013-10": {
            "month": "2013-10",
            "price": "34.56",
            "revenue": 522603
        },
        "2013-11": {
            "month": "2013-11",
            "price": "32.85",
            "revenue": 540863
        },
        "2013-12": {
            "month": "2013-12",
            "price": "33.58",
            "revenue": 603711
        },
        "2014-01": {
            "month": "2014-01",
            "price": "34.01",
            "revenue": 744300
        },
        "2014-02": {
            "month": "2014-02",
            "price": "34.29",
            "revenue": 542161
        },
        "2014-03": {
            "month": "2014-03",
            "price": "37.68",
            "revenue": 725623
        },
        "2014-04": {
            "month": "2014-04",
            "price": "37.06",
            "revenue": 765646
        },
        "2014-05": {
            "month": "2014-05",
            "price": "36.60",
            "revenue": 642705
        },
        "2014-06": {
            "month": "2014-06",
            "price": "37.05",
            "revenue": 866648
        },
        "2014-07": {
            "month": "2014-07",
            "price": "37.41",
            "revenue": 824550
        },
        "2014-08": {
            "month": "2014-08",
            "price": "39.47",
            "revenue": 627999
        },
        "2014-09": {
            "month": "2014-09",
            "price": "42.52",
            "revenue": 563369
        },
        "2014-10": {
            "month": "2014-10",
            "price": "46.04",
            "revenue": 543441
        },
        "2014-11": {
            "month": "2014-11",
            "price": "46.18",
            "revenue": 624643
        },
        "2014-12": {
            "month": "2014-12",
            "price": "47.25",
            "revenue": 1079916
        },
        "2015-01": {
            "month": "2015-01",
            "price": "51.42",
            "revenue": 1070640
        },
        "2015-02": {
            "month": "2015-02",
            "price": "54.65",
            "revenue": 638109
        },
        "2015-03": {
            "month": "2015-03",
            "price": "69.60",
            "revenue": 830995
        },
        "2015-04": {
            "month": "2015-04",
            "price": "76.91",
            "revenue": 584932
        },
        "2015-05": {
            "month": "2015-05",
            "price": "70.74",
            "revenue": 779467
        },
        "2015-06": {
            "month": "2015-06",
            "price": "74.89",
            "revenue": 806508
        },
        "2015-07": {
            "month": "2015-07",
            "price": "65.26",
            "revenue": 931803
        },
        "2015-08": {
            "month": "2015-08",
            "price": "39.02",
            "revenue": 834531
        },
        "2015-09": {
            "month": "2015-09",
            "price": "44.24",
            "revenue": 554648
        },
        "2015-10": {
            "month": "2015-10",
            "price": "52.57",
            "revenue": 426084
        },
        "2015-11": {
            "month": "2015-11",
            "price": "51.74",
            "revenue": 585769
        },
        "2015-12": {
            "month": "2015-12",
            "price": "52.14",
            "revenue": 1001558
        },
        "2016-01": {
            "month": "2016-01",
            "price": "51.44",
            "revenue": 1190935
        },
        "2016-02": {
            "month": "2016-02",
            "price": "52.13",
            "revenue": 704963
        },
        "2016-03": {
            "month": "2016-03",
            "price": "53.81",
            "revenue": 575787
        },
        "2016-04": {
            "month": "2016-04",
            "price": "57.70",
            "revenue": 622817
        },
        "2016-05": {
            "month": "2016-05",
            "price": "57.36",
            "revenue": 653610
        },
        "2016-06": {
            "month": "2016-06",
            "price": "60.55",
            "revenue": 938974
        },
        "2016-07": {
            "month": "2016-07",
            "price": "63.22",
            "revenue": 879112
        },
        "2016-08": {
            "month": "2016-08",
            "price": "61.84",
            "revenue": 710974
        },
        "2016-09": {
            "month": "2016-09",
            "price": "61.31",
            "revenue": 535316
        },
        "2016-10": {
            "month": "2016-10",
            "price": "61.29",
            "revenue": 444149
        },
        "2016-11": {
            "month": "2016-11",
            "price": "60.05",
            "revenue": 721096
        },
        "2016-12": {
            "month": "2016-12",
            "price": "61.50",
            "revenue": 1102112
        },
        "2017-01": {
            "month": "2017-01",
            "price": "63.52",
            "revenue": 1205096
        },
        "2017-02": {
            "month": "2017-02",
            "price": "60.47",
            "revenue": 497524
        },
        "2017-03": {
            "month": "2017-03",
            "price": "62.83",
            "revenue": 654466
        },
        "2017-04": {
            "month": "2017-04",
            "price": "72.18",
            "revenue": 554956
        },
        "2017-05": {
            "month": "2017-05",
            "price": "80.68",
            "revenue": 962150
        },
        "2017-06": {
            "month": "2017-06",
            "price": "81.87",
            "revenue": 1045242
        },
        "2017-07": {
            "month": "2017-07",
            "price": "87.44",
            "revenue": 961593
        },
        "2017-08": {
            "month": "2017-08",
            "price": "81.40",
            "revenue": 842473
        },
        "2017-09": {
            "month": "2017-09",
            "price": "75.30",
            "revenue": 914839
        },
        "2017-10": {
            "month": "2017-10",
            "price": "76.26",
            "revenue": 723775
        },
        "2017-11": {
            "month": "2017-11",
            "price": "76.38",
            "revenue": 818665
        },
        "2017-12": {
            "month": "2017-12",
            "price": "73.15",
            "revenue": 1207372
        },
        "2018-01": {
            "month": "2018-01",
            "price": "72.39",
            "revenue": 915147
        },
        "2018-02": {
            "month": "2018-02",
            "price": "67.83",
            "revenue": 667500
        },
        "2018-03": {
            "month": "2018-03",
            "price": "66.87",
            "revenue": 580031
        },
        "2018-04": {
            "month": "2018-04",
            "price": "63.13",
            "revenue": 702693
        },
        "2018-05": {
            "month": "2018-05",
            "price": "63.09",
            "revenue": 832053
        },
        "2018-06": {
            "month": "2018-06",
            "price": "61.54",
            "revenue": 1087317
        },
        "2018-07": {
            "month": "2018-07",
            "price": "53.77",
            "revenue": 1117355
        },
        "2018-08": {
            "month": "2018-08",
            "price": "51.60",
            "revenue": 853511
        },
        "2018-09": {
            "month": "2018-09",
            "price": "50.38",
            "revenue": 619635
        },
        "2018-10": {
            "month": "2018-10",
            "price": "46.64",
            "revenue": 570400
        },
        "2018-11": {
            "month": "2018-11",
            "price": "45.95",
            "revenue": 847246
        },
        "2018-12": {
            "month": "2018-12",
            "price": "48.07",
            "revenue": 1277263
        },
        "2019-01": {
            "month": "2019-01",
            "price": "53.74",
            "revenue": 1233429
        },
        "2019-02": {
            "month": "2019-02",
            "price": "61.24",
            "revenue": 559650
        },
        "2019-03": {
            "month": "2019-03",
            "price": "63.28",
            "revenue": 784564
        },
        "2019-04": {
            "month": "2019-04",
            "price": "67.52",
            "revenue": 790748
        },
        "2019-05": {
            "month": "2019-05",
            "price": "66.60",
            "revenue": 1179869
        },
        "2019-06": {
            "month": "2019-06",
            "price": "70.71",
            "revenue": 1383728
        },
        "2019-07": {
            "month": "2019-07",
            "price": "79.75",
            "revenue": 1385178
        },
        "2019-08": {
            "month": "2019-08",
            "price": "87.79",
            "revenue": 1161708
        },
        "2019-09": {
            "month": "2019-09",
            "price": "88.27",
            "revenue": 902749
        },
        "2019-10": {
            "month": "2019-10",
            "price": "106.47",
            "revenue": 952002
        },
        "2019-11": {
            "month": "2019-11",
            "price": "129.07",
            "revenue": 1052864
        },
        "2019-12": {
            "month": "2019-12",
            "price": "125.00",
            "revenue": 1456036
        },
        "2020-01": {
            "month": "2020-01",
            "price": "138.50",
            "revenue": 1063533
        },
        "2020-02": {
            "month": "2020-02",
            "price": "122.50",
            "revenue": 922216
        },
        "2020-03": {
            "month": "2020-03",
            "price": "89.32",
            "revenue": 787115
        },
        "2020-04": {
            "month": "2020-04",
            "price": "88.36",
            "revenue": 358255
        },
        "2020-05": {
            "month": "2020-05",
            "price": "91.12",
            "revenue": 1065052
        },
        "2020-06": {
            "month": "2020-06",
            "price": "106.00",
            "revenue": 953024
        },
        "2020-07": {
            "month": "2020-07",
            "price": "106.57",
            "revenue": 1144072
        },
        "2020-08": {
            "month": "2020-08",
            "price": "119.60",
            "revenue": 1166815
        },
        "2020-09": {
            "month": "2020-09",
            "price": "117.00",
            "revenue": 906332
        },
        "2020-10": {
            "month": "2020-10",
            "price": "115.61",
            "revenue": 615697
        },
        "2020-11": {
            "month": "2020-11",
            "price": "124.52",
            "revenue": 893178
        },
        "2020-12": {
            "month": "2020-12",
            "price": "115.09",
            "revenue": 1470352
        },
        "2021-01": {
            "month": "2021-01",
            "price": "110.48",
            "revenue": 1374947
        },
        "2021-02": {
            "month": "2021-02",
            "price": "113.65",
            "revenue": 896827
        },
        "2021-03": {
            "month": "2021-03",
            "price": "113.82",
            "revenue": 1145075
        },
        "2021-04": {
            "month": "2021-04",
            "price": "122.71",
            "revenue": 966895
        },
        "2021-05": {
            "month": "2021-05",
            "price": "110.95",
            "revenue": 1208909
        },
        "2021-06": {
            "month": "2021-06",
            "price": "117.81",
            "revenue": 1303564
        },
        "2021-07": {
            "month": "2021-07",
            "price": "102.57",
            "revenue": 1165782
        },
        "2021-08": {
            "month": "2021-08",
            "price": "87.65",
            "revenue": 1503546
        },
        "2021-09": {
            "month": "2021-09",
            "price": "93.41",
            "revenue": 1480485
        },
        "2021-10": {
            "month": "2021-10",
            "price": "100.56",
            "revenue": 1471010
        },
        "2021-11": {
            "month": "2021-11",
            "price": "100.24",
            "revenue": 1381413
        },
        "2021-12": {
            "month": "2021-12",
            "price": "96.26",
            "revenue": 1645808
        },
        "2022-01": {
            "month": "2022-01",
            "price": "103.98",
            "revenue": 1469029
        },
        "2022-02": {
            "month": "2022-02",
            "price": "116.20",
            "revenue": 1372015
        },
        "2022-03": {
            "month": "2022-03",
            "price": "113.20",
            "revenue": 1686071
        },
        "2022-04": {
            "month": "2022-04",
            "price": "137.82",
            "revenue": 1520153
        },
        "2022-05": {
            "month": "2022-05",
            "price": "148.86",
            "revenue": 1957463
        },
        "2022-06": {
            "month": "2022-06",
            "price": "173.12",
            "revenue": 2722235
        },
        "2022-07": {
            "month": "2022-07",
            "price": "174.07",
            "revenue": 2091076
        },
        "2022-08": {
            "month": "2022-08",
            "price": "169.46",
            "revenue": 2664237
        },
        "2022-09": {
            "month": "2022-09",
            "price": "181.93",
            "revenue": 2482903
        },
        "2022-10": {
            "month": "2022-10",
            "price": "149.85",
            "revenue": 1953722
        },
        "2022-11": {
            "month": "2022-11",
            "price": "145.75",
            "revenue": 2052537
        },
        "2022-12": {
            "month": "2022-12",
            "price": "154.80",
            "revenue": 2209792
        },
        "2023-01": {
            "month": "2023-01",
            "price": "137.92",
            "revenue": 1521336
        },
        "2023-02": {
            "month": "2023-02",
            "price": "133.39",
            "revenue": 1832031
        },
        "2023-03": {
            "month": "2023-03",
            "price": "132.43",
            "revenue": 1700197
        },
        "2023-04": {
            "month": "2023-04",
            "price": "127.74",
            "revenue": 1643871
        },
        "2023-05": {
            "month": "2023-05",
            "price": "120.55",
            "revenue": 1663594
        },
        "2023-06": {
            "month": "2023-06",
            "price": "133.78",
            "revenue": 1308823
        },
        "2023-07": {
            "month": "2023-07",
            "price": "126.74",
            "revenue": 1714377
        },
        "2023-08": {
            "month": "2023-08",
            "price": "122.73",
            "revenue": 976827
        },
        "2023-09": {
            "month": "2023-09",
            "price": "127.90",
            "revenue": 851584
        },
        "2023-10": {
            "month": "2023-10",
            "price": "129.02",
            "revenue": 1170841
        },
        "2023-11": {
            "month": "2023-11",
            "price": "139.18",
            "revenue": 1376066
        },
        "2023-12": {
            "month": "2023-12",
            "price": "141.19",
            "revenue": 1133679
        }
    }
}
