{
    "summary": {
        "stock_name": "台火",
        "stock_id": "9902",
        "category": "其他",
        "main_business": "國際貿易業。<br>住宅及大樓開發租售業。<br>特定專業區開發業。",
        "website_url": "http://www.tidehold.com",
        "ceo": "吳復興",
        "pe_ratio": 49,
        "report_year_from": 2001,
        "report_year_to": 2023,
        "age": 23,
        "eps_negative_percentage": 48,
        "eps_growth_avg": {
            "last_all": -2.98,
            "last_2y": 0,
            "last_4y": 25,
            "last_8y": 7.37,
            "last_12y": -2.98,
            "last_16y": -2.98,
            "last_20y": -2.98,
            "at_2006_last_3y": null,
            "at_2007_last_3y": null,
            "at_2008_last_3y": null,
            "at_2009_last_3y": null,
            "at_2010_last_3y": null,
            "at_2011_last_3y": -100,
            "at_2012_last_3y": -100,
            "at_2013_last_3y": 0,
            "at_2014_last_3y": -30.59,
            "at_2015_last_3y": 0.18,
            "at_2016_last_3y": -12.37,
            "at_2017_last_3y": -58.2,
            "at_2018_last_3y": -10.26,
            "at_2019_last_3y": 16.67,
            "at_2020_last_3y": 29.17,
            "at_2021_last_3y": 75,
            "at_2022_last_3y": 25,
            "at_2023_last_3y": -0,
            "at_2024_last_3y": -0,
            "at_2006_last_all": null,
            "at_2007_last_all": null,
            "at_2008_last_all": null,
            "at_2009_last_all": null,
            "at_2010_last_all": null,
            "at_2011_last_all": -100,
            "at_2012_last_all": -100,
            "at_2013_last_all": 0,
            "at_2014_last_all": -30.59,
            "at_2015_last_all": -24.87,
            "at_2016_last_all": -29.89,
            "at_2017_last_all": -38.8,
            "at_2018_last_all": -18.97,
            "at_2019_last_all": -4.1,
            "at_2020_last_all": -3.64,
            "at_2021_last_all": 6.72,
            "at_2022_last_all": -2.98,
            "at_2023_last_all": -2.98,
            "at_2024_last_all": -2.98
        },
        "latest_eps": 0.32,
        "latest_price": 15.7,
        "latest_roe": 2.55,
        "latest_gross_margin": 4.59,
        "latest_equity": 1251414,
        "latest_revenue": 188663,
        "latest_gross_profit": 8657,
        "latest_net_income": 11472,
        "latest_debt_ratio": 8.56,
        "latest_current_ratio": 761.17,
        "latest_account_receivable_turnover_ratio": 3.49,
        "latest_inventory_turnover_ratio": 1.55,
        "latest_reinvestment_rate": -135.17,
        "latest_research_to_sale_ratio": null
    },
    "eps_dividends": {
        "1994": {
            "cash": 0,
            "stock": 1.6,
            "eps": 0
        },
        "1995": {
            "cash": 1.3,
            "stock": 5,
            "eps": 0
        },
        "1996": {
            "cash": 0,
            "stock": 1.7,
            "eps": 0
        },
        "1997": {
            "cash": 0,
            "stock": 1.5,
            "eps": 0
        },
        "1998": {
            "cash": 0,
            "stock": 2.5,
            "eps": 0
        },
        "2001": {
            "cash": 0,
            "stock": 0,
            "eps": -1.86
        },
        "2002": {
            "cash": 0,
            "stock": 0,
            "eps": -2.88
        },
        "2003": {
            "cash": 0,
            "stock": 0,
            "eps": -1.41
        },
        "2004": {
            "cash": 0,
            "stock": 0,
            "eps": -0.67
        },
        "2005": {
            "cash": 0,
            "stock": 0,
            "eps": -1.06
        },
        "2006": {
            "cash": 0,
            "stock": 0,
            "eps": -0.84
        },
        "2007": {
            "cash": 0,
            "stock": 0,
            "eps": -1.94
        },
        "2008": {
            "cash": 0,
            "stock": 0,
            "eps": -0.34
        },
        "2009": {
            "cash": 0,
            "stock": 0,
            "eps": -0.36
        },
        "2010": {
            "cash": 0,
            "stock": 0,
            "eps": 1.24
        },
        "2011": {
            "cash": 0,
            "stock": 0,
            "eps": -0.11
        },
        "2012": {
            "cash": 0,
            "stock": 0,
            "eps": 0.05
        },
        "2013": {
            "cash": 0,
            "stock": 0,
            "eps": 1.58
        },
        "2014": {
            "cash": 0,
            "stock": 0,
            "eps": 0.13
        },
        "2015": {
            "cash": 0,
            "stock": 0,
            "eps": 0.12
        },
        "2016": {
            "cash": 0.2,
            "stock": 0,
            "eps": 0.06
        },
        "2017": {
            "cash": 0,
            "stock": 0,
            "eps": 0.01
        },
        "2018": {
            "cash": 0,
            "stock": 0,
            "eps": 0.12
        },
        "2019": {
            "cash": 0.3,
            "stock": 0,
            "eps": 0.32
        },
        "2020": {
            "cash": 0.4,
            "stock": 0,
            "eps": 0.32
        },
        "2021": {
            "cash": 0.3,
            "stock": 0,
            "eps": 1.15
        },
        "2022": {
            "cash": 0.5,
            "stock": 0,
            "eps": -0.49
        },
        "2023": {
            "cash": 0,
            "stock": 0,
            "eps": 0.32
        }
    },
    "dividends": {
        "1994-04-26": {
            "cash": 0,
            "stock": 1.6
        },
        "1995-07-17": {
            "cash": 1.3,
            "stock": 5
        },
        "1996-06-10": {
            "cash": 0,
            "stock": 1.7
        },
        "1997-06-16": {
            "cash": 0,
            "stock": 1.5
        },
        "1998-04-27": {
            "cash": 0,
            "stock": 2.5
        },
        "2016-08-10": {
            "cash": 0.2,
            "stock": 0
        },
        "2019-08-15": {
            "cash": 0.3,
            "stock": 0
        },
        "2020-08-20": {
            "cash": 0.4,
            "stock": 0
        },
        "2021-09-17": {
            "cash": 0.3,
            "stock": 0
        },
        "2022-08-10": {
            "cash": 0.5,
            "stock": 0
        }
    },
    "prices": {
        "200101": "5.06",
        "200102": "6.17",
        "200103": "6.05",
        "200104": "5.20",
        "200105": "4.45",
        "200106": "4.08",
        "200107": "3.01",
        "200108": "3.40",
        "200109": "3.27",
        "200110": "2.65",
        "200111": "2.58",
        "200112": "3.83",
        "200201": "5.17",
        "200202": "4.58",
        "200203": "4.92",
        "200204": "6.28",
        "200205": "5.16",
        "200206": "4.83",
        "200207": "4.00",
        "200208": "3.31",
        "200209": "2.70",
        "200210": "2.47",
        "200211": "3.85",
        "200212": "3.58",
        "200301": "4.65",
        "200302": "4.65",
        "200303": "4.17",
        "200304": "3.90",
        "200305": "3.01",
        "200306": "3.67",
        "200307": "3.89",
        "200308": "3.66",
        "200309": "3.58",
        "200310": "4.82",
        "200311": "4.86",
        "200312": "4.65",
        "200401": "5.78",
        "200402": "10.84",
        "200403": "9.56",
        "200404": "8.58",
        "200405": "7.27",
        "200406": "6.78",
        "200407": "5.75",
        "200408": "4.92",
        "200409": "5.42",
        "200410": "5.41",
        "200411": "5.21",
        "200412": "5.33",
        "200501": "6.94",
        "200502": "6.42",
        "200503": "6.25",
        "200504": "4.97",
        "200505": "4.76",
        "200506": "5.53",
        "200507": "5.43",
        "200508": "4.95",
        "200509": "4.52",
        "200510": "4.16",
        "200511": "4.19",
        "200512": "4.40",
        "200601": "6.18",
        "200602": "5.81",
        "200603": "4.85",
        "200604": "5.41",
        "200605": "7.05",
        "200606": "6.09",
        "200607": "5.72",
        "200608": "5.30",
        "200609": "5.00",
        "200610": "6.07",
        "200611": "7.12",
        "200612": "7.92",
        "200701": "7.17",
        "200702": "6.69",
        "200703": "6.74",
        "200704": "7.46",
        "200705": "7.78",
        "200706": "9.67",
        "200707": "16.38",
        "200708": "13.89",
        "200709": "13.56",
        "200710": "11.26",
        "200711": "8.43",
        "200712": "8.11",
        "200801": "8.75",
        "200802": "11.08",
        "200803": "16.15",
        "200804": "15.77",
        "200805": "14.51",
        "200806": "11.78",
        "200807": "10.68",
        "200808": "9.13",
        "200809": "7.14",
        "200810": "5.75",
        "200811": "5.85",
        "200812": "6.07",
        "200901": "5.82",
        "200902": "5.32",
        "200903": "6.17",
        "200904": "8.18",
        "200905": "8.54",
        "200906": "11.36",
        "200907": "12.37",
        "200908": "11.92",
        "200909": "13.29",
        "200910": "13.04",
        "200911": "12.05",
        "200912": "12.06",
        "201001": "12.52",
        "201002": "10.99",
        "201003": "11.97",
        "201004": "12.34",
        "201005": "12.47",
        "201006": "12.13",
        "201007": "12.50",
        "201008": "12.75",
        "201009": "12.45",
        "201010": "12.56",
        "201011": "12.58",
        "201012": "12.99",
        "201101": "15.43",
        "201102": "13.96",
        "201103": "12.60",
        "201104": "12.91",
        "201105": "14.05",
        "201106": "14.38",
        "201107": "13.64",
        "201108": "11.79",
        "201109": "10.55",
        "201110": "10.59",
        "201111": "10.70",
        "201112": "9.89",
        "201201": "9.46",
        "201202": "10.68",
        "201203": "11.44",
        "201204": "10.41",
        "201205": "9.79",
        "201206": "9.00",
        "201207": "8.82",
        "201208": "9.42",
        "201209": "10.29",
        "201210": "9.78",
        "201211": "9.09",
        "201212": "9.31",
        "201301": "10.13",
        "201302": "10.21",
        "201303": "10.06",
        "201304": "11.30",
        "201305": "16.46",
        "201306": "18.17",
        "201307": "18.16",
        "201308": "17.47",
        "201309": "17.01",
        "201310": "18.08",
        "201311": "17.35",
        "201312": "17.48",
        "201401": "17.42",
        "201402": "17.19",
        "201403": "17.39",
        "201404": "17.03",
        "201405": "15.83",
        "201406": "15.51",
        "201407": "15.35",
        "201408": "15.26",
        "201409": "15.48",
        "201410": "15.11",
        "201411": "14.90",
        "201412": "16.40",
        "201501": "16.48",
        "201502": "16.07",
        "201503": "18.27",
        "201504": "17.44",
        "201505": "16.09",
        "201506": "14.17",
        "201507": "13.54",
        "201508": "10.66",
        "201509": "10.52",
        "201510": "11.17",
        "201511": "10.43",
        "201512": "10.06",
        "201601": "9.34",
        "201602": "9.28",
        "201603": "10.19",
        "201604": "10.25",
        "201605": "9.50",
        "201606": "9.44",
        "201607": "9.42",
        "201608": "9.63",
        "201609": "9.52",
        "201610": "9.15",
        "201611": "8.88",
        "201612": "9.55",
        "201701": "9.73",
        "201702": "11.48",
        "201703": "10.86",
        "201704": "10.01",
        "201705": "9.64",
        "201706": "9.91",
        "201707": "9.94",
        "201708": "9.71",
        "201709": "10.38",
        "201710": "10.20",
        "201711": "10.10",
        "201712": "10.09",
        "201801": "10.45",
        "201802": "9.87",
        "201803": "9.91",
        "201804": "9.83",
        "201805": "9.75",
        "201806": "9.74",
        "201807": "9.62",
        "201808": "9.67",
        "201809": "9.50",
        "201810": "9.16",
        "201811": "8.86",
        "201812": "9.22",
        "201901": "9.37",
        "201902": "9.30",
        "201903": "9.42",
        "201904": "9.57",
        "201905": "9.77",
        "201906": "10.00",
        "201907": "9.69",
        "201908": "9.29",
        "201909": "9.40",
        "201910": "9.75",
        "201911": "10.11",
        "201912": "10.34",
        "202001": "10.26",
        "202002": "9.53",
        "202003": "8.06",
        "202004": "8.38",
        "202005": "8.82",
        "202006": "9.70",
        "202007": "10.47",
        "202008": "10.01",
        "202009": "10.03",
        "202010": "9.81",
        "202011": "9.84",
        "202012": "10.75",
        "202101": "10.89",
        "202102": "11.12",
        "202103": "11.40",
        "202104": "12.80",
        "202105": "12.96",
        "202106": "13.70",
        "202107": "12.96",
        "202108": "12.61",
        "202109": "13.09",
        "202110": "13.25",
        "202111": "13.25",
        "202112": "13.26",
        "202201": "13.20",
        "202202": "12.76",
        "202203": "12.30",
        "202204": "12.15",
        "202205": "11.48",
        "202206": "11.59",
        "202207": "10.67",
        "202208": "10.71",
        "202209": "10.63",
        "202210": "10.22",
        "202211": "11.19",
        "202212": "12.77",
        "202301": "12.64",
        "202302": "13.00",
        "202303": "12.84",
        "202304": "12.66",
        "202305": "12.32",
        "202306": "12.74",
        "202307": "12.29",
        "202308": "11.87",
        "202309": "11.66",
        "202310": "11.89",
        "202311": "12.26",
        "202312": "12.69"
    },
    "quarters": {
        "20011": {
            "year_quarter": 20011,
            "year": 2001,
            "quarter": 1,
            "eps": 0.08,
            "eps_growth_year": -60,
            "eps_4q": -1.67,
            "eps_4q_growth_year": null,
            "roe": 1,
            "roe_4q": 1,
            "gross_profit": 7044,
            "gross_margin": 6.46,
            "gross_margin_4q_avg": 6.46,
            "net_income": 19396,
            "net_income_4q": null,
            "revenue": 109058,
            "revenue_4q": null,
            "common_shares": 2476000,
            "book_valuer_per_share": 7.87,
            "book_valuer_per_share_4q_avg": 7.87,
            "equity": 1947847,
            "current_ratio": 55.74,
            "debt_ratio": 50.06,
            "inventory_turnover_ratio": 0.17,
            "account_receivable_turnover_ratio": null,
            "reinvestment_rate": null,
            "research_to_sale_ratio": null,
            "price_fair": 0,
            "eps_avg_yearly": 0,
            "eps_latest_yearly": 0,
            "eps_growth_yearly": 0
        },
        "20012": {
            "year_quarter": 20012,
            "year": 2001,
            "quarter": 2,
            "eps": -0.3,
            "eps_growth_year": null,
            "eps_4q": -1.44,
            "eps_4q_growth_year": null,
            "roe": -3.94,
            "roe_4q": -2.94,
            "gross_profit": 4567,
            "gross_margin": 3.3,
            "gross_margin_4q_avg": 4.88,
            "net_income": -74372,
            "net_income_4q": null,
            "revenue": 138419,
            "revenue_4q": null,
            "common_shares": 2476000,
            "book_valuer_per_share": 7.37,
            "book_valuer_per_share_4q_avg": 7.62,
            "equity": 1825617,
            "current_ratio": 70.42,
            "debt_ratio": 53.37,
            "inventory_turnover_ratio": 0.24,
            "account_receivable_turnover_ratio": null,
            "reinvestment_rate": null,
            "research_to_sale_ratio": null,
            "price_fair": 0,
            "eps_avg_yearly": 0,
            "eps_latest_yearly": 0,
            "eps_growth_yearly": 0
        },
        "20013": {
            "year_quarter": 20013,
            "year": 2001,
            "quarter": 3,
            "eps": -0.35,
            "eps_growth_year": null,
            "eps_4q": -1.26,
            "eps_4q_growth_year": null,
            "roe": -4.89,
            "roe_4q": -7.83,
            "gross_profit": 11100,
            "gross_margin": 10.59,
            "gross_margin_4q_avg": 6.78,
            "net_income": -87061,
            "net_income_4q": null,
            "revenue": 104788,
            "revenue_4q": null,
            "common_shares": 2476000,
            "book_valuer_per_share": 7.02,
            "book_valuer_per_share_4q_avg": 7.42,
            "equity": 1738547,
            "current_ratio": 59.98,
            "debt_ratio": 51.88,
            "inventory_turnover_ratio": 0.16,
            "account_receivable_turnover_ratio": null,
            "reinvestment_rate": null,
            "research_to_sale_ratio": null,
            "price_fair": 0,
            "eps_avg_yearly": 0,
            "eps_latest_yearly": 0,
            "eps_growth_yearly": 0
        },
        "20014": {
            "year_quarter": 20014,
            "year": 2001,
            "quarter": 4,
            "eps": -1.29,
            "eps_growth_year": null,
            "eps_4q": -1.87,
            "eps_4q_growth_year": null,
            "roe": -19.72,
            "roe_4q": -27.55,
            "gross_profit": 17353,
            "gross_margin": 8.77,
            "gross_margin_4q_avg": 7.28,
            "net_income": -320089,
            "net_income_4q": null,
            "revenue": 197967,
            "revenue_4q": null,
            "common_shares": 2476000,
            "book_valuer_per_share": 5.77,
            "book_valuer_per_share_4q_avg": 7.01,
            "equity": 1508377,
            "current_ratio": 103.71,
            "debt_ratio": 61.79,
            "inventory_turnover_ratio": 0.22,
            "account_receivable_turnover_ratio": null,
            "reinvestment_rate": null,
            "research_to_sale_ratio": null,
            "price_fair": 0,
            "eps_avg_yearly": 0,
            "eps_latest_yearly": 0,
            "eps_growth_yearly": 0
        },
        "20021": {
            "year_quarter": 20021,
            "year": 2002,
            "quarter": 1,
            "eps": -0.2,
            "eps_growth_year": -350,
            "eps_4q": -2.3,
            "eps_4q_growth_year": null,
            "roe": -3.26,
            "roe_4q": -31.81,
            "gross_profit": 14454,
            "gross_margin": 18.78,
            "gross_margin_4q_avg": 10.36,
            "net_income": -45801,
            "net_income_4q": null,
            "revenue": 76976,
            "revenue_4q": null,
            "common_shares": 2476000,
            "book_valuer_per_share": 5.27,
            "book_valuer_per_share_4q_avg": 6.36,
            "equity": 1304228,
            "current_ratio": 99.09,
            "debt_ratio": 58.75,
            "inventory_turnover_ratio": 0.06,
            "account_receivable_turnover_ratio": null,
            "reinvestment_rate": null,
            "research_to_sale_ratio": null,
            "price_fair": 0,
            "eps_avg_yearly": 0,
            "eps_latest_yearly": 0,
            "eps_growth_yearly": 0
        },
        "20022": {
            "year_quarter": 20022,
            "year": 2002,
            "quarter": 2,
            "eps": -0.52,
            "eps_growth_year": null,
            "eps_4q": -2.14,
            "eps_4q_growth_year": null,
            "roe": -6.14,
            "roe_4q": -34.01,
            "gross_profit": 9091,
            "gross_margin": 15.44,
            "gross_margin_4q_avg": 13.4,
            "net_income": -78004,
            "net_income_4q": null,
            "revenue": 58896,
            "revenue_4q": null,
            "common_shares": 2476000,
            "book_valuer_per_share": 4.99,
            "book_valuer_per_share_4q_avg": 5.76,
            "equity": 1235066,
            "current_ratio": 80.16,
            "debt_ratio": 59.29,
            "inventory_turnover_ratio": 0.05,
            "account_receivable_turnover_ratio": null,
            "reinvestment_rate": null,
            "research_to_sale_ratio": null,
            "price_fair": 0,
            "eps_avg_yearly": 0,
            "eps_latest_yearly": 0,
            "eps_growth_yearly": 0
        },
        "20023": {
            "year_quarter": 20023,
            "year": 2002,
            "quarter": 3,
            "eps": -0.36,
            "eps_growth_year": null,
            "eps_4q": -3.04,
            "eps_4q_growth_year": null,
            "roe": -4.38,
            "roe_4q": -33.5,
            "gross_profit": -268,
            "gross_margin": -0.73,
            "gross_margin_4q_avg": 10.57,
            "net_income": -53428,
            "net_income_4q": null,
            "revenue": 36578,
            "revenue_4q": null,
            "common_shares": 1634160,
            "book_valuer_per_share": 7.38,
            "book_valuer_per_share_4q_avg": 5.85,
            "equity": 1205860,
            "current_ratio": 75.36,
            "debt_ratio": 59.03,
            "inventory_turnover_ratio": 0.03,
            "account_receivable_turnover_ratio": null,
            "reinvestment_rate": null,
            "research_to_sale_ratio": null,
            "price_fair": 0,
            "eps_avg_yearly": 0,
            "eps_latest_yearly": 0,
            "eps_growth_yearly": 0
        },
        "20024": {
            "year_quarter": 20024,
            "year": 2002,
            "quarter": 4,
            "eps": -1.8,
            "eps_growth_year": null,
            "eps_4q": -2.87,
            "eps_4q_growth_year": null,
            "roe": -24.5,
            "roe_4q": -38.279999999999994,
            "gross_profit": 6837,
            "gross_margin": 50.38,
            "gross_margin_4q_avg": 20.97,
            "net_income": -270422,
            "net_income_4q": null,
            "revenue": 13572,
            "revenue_4q": null,
            "common_shares": 1634160,
            "book_valuer_per_share": 5.73,
            "book_valuer_per_share_4q_avg": 5.84,
            "equity": 1001285,
            "current_ratio": 75.78,
            "debt_ratio": 66.26,
            "inventory_turnover_ratio": 0.01,
            "account_receivable_turnover_ratio": null,
            "reinvestment_rate": null,
            "research_to_sale_ratio": null,
            "price_fair": 0,
            "eps_avg_yearly": 0,
            "eps_latest_yearly": 0,
            "eps_growth_yearly": 0
        },
        "20031": {
            "year_quarter": 20031,
            "year": 2003,
            "quarter": 1,
            "eps": 0.08,
            "eps_growth_year": null,
            "eps_4q": -2.62,
            "eps_4q_growth_year": null,
            "roe": 1.21,
            "roe_4q": -33.809999999999995,
            "gross_profit": 4637,
            "gross_margin": 76.75,
            "gross_margin_4q_avg": 35.46,
            "net_income": 11906,
            "net_income_4q": null,
            "revenue": 6042,
            "revenue_4q": null,
            "common_shares": 1634160,
            "book_valuer_per_share": 5.88,
            "book_valuer_per_share_4q_avg": 6,
            "equity": 960790,
            "current_ratio": 68.32,
            "debt_ratio": 62.07,
            "inventory_turnover_ratio": 0,
            "account_receivable_turnover_ratio": null,
            "reinvestment_rate": null,
            "research_to_sale_ratio": null,
            "price_fair": 0,
            "eps_avg_yearly": 0,
            "eps_latest_yearly": 0,
            "eps_growth_yearly": 0
        },
        "20032": {
            "year_quarter": 20032,
            "year": 2003,
            "quarter": 2,
            "eps": 0.38,
            "eps_growth_year": null,
            "eps_4q": -1.67,
            "eps_4q_growth_year": null,
            "roe": 5.85,
            "roe_4q": -21.82,
            "gross_profit": 4553,
            "gross_margin": 115.97,
            "gross_margin_4q_avg": 60.59,
            "net_income": 57873,
            "net_income_4q": null,
            "revenue": 3926,
            "revenue_4q": null,
            "common_shares": 1634160,
            "book_valuer_per_share": 6.23,
            "book_valuer_per_share_4q_avg": 6.31,
            "equity": 1018667,
            "current_ratio": 66.93,
            "debt_ratio": 60.67,
            "inventory_turnover_ratio": -0,
            "account_receivable_turnover_ratio": null,
            "reinvestment_rate": null,
            "research_to_sale_ratio": null,
            "price_fair": 53.2,
            "eps_avg_yearly": 1.52,
            "eps_latest_yearly": 1.52,
            "eps_growth_yearly": 1500
        },
        "20033": {
            "year_quarter": 20033,
            "year": 2003,
            "quarter": 3,
            "eps": -1.18,
            "eps_growth_year": null,
            "eps_4q": -2.33,
            "eps_4q_growth_year": null,
            "roe": -18.04,
            "roe_4q": -35.480000000000004,
            "gross_profit": 3494,
            "gross_margin": 95.99,
            "gross_margin_4q_avg": 84.77,
            "net_income": -180645,
            "net_income_4q": null,
            "revenue": 3640,
            "revenue_4q": null,
            "common_shares": 1634160,
            "book_valuer_per_share": 6.02,
            "book_valuer_per_share_4q_avg": 5.97,
            "equity": 983573,
            "current_ratio": 75.02,
            "debt_ratio": 59.44,
            "inventory_turnover_ratio": 0,
            "account_receivable_turnover_ratio": null,
            "reinvestment_rate": null,
            "research_to_sale_ratio": null,
            "price_fair": 53.2,
            "eps_avg_yearly": 1.52,
            "eps_latest_yearly": 1.52,
            "eps_growth_yearly": 1500
        },
        "20034": {
            "year_quarter": 20034,
            "year": 2003,
            "quarter": 4,
            "eps": -0.69,
            "eps_growth_year": null,
            "eps_4q": -1.16,
            "eps_4q_growth_year": null,
            "roe": -11.2,
            "roe_4q": -22.18,
            "gross_profit": 7326,
            "gross_margin": 15.37,
            "gross_margin_4q_avg": 76.02,
            "net_income": -105767,
            "net_income_4q": null,
            "revenue": 47657,
            "revenue_4q": null,
            "common_shares": 1634160,
            "book_valuer_per_share": 5.44,
            "book_valuer_per_share_4q_avg": 5.89,
            "equity": 905950,
            "current_ratio": 72.61,
            "debt_ratio": 62.91,
            "inventory_turnover_ratio": 0.05,
            "account_receivable_turnover_ratio": null,
            "reinvestment_rate": null,
            "research_to_sale_ratio": null,
            "price_fair": 53.2,
            "eps_avg_yearly": 1.52,
            "eps_latest_yearly": 1.52,
            "eps_growth_yearly": 1500
        },
        "20041": {
            "year_quarter": 20041,
            "year": 2004,
            "quarter": 1,
            "eps": -0.22,
            "eps_growth_year": -375,
            "eps_4q": -1.73,
            "eps_4q_growth_year": null,
            "roe": -3.77,
            "roe_4q": -27.159999999999997,
            "gross_profit": 7273,
            "gross_margin": 13.63,
            "gross_margin_4q_avg": 60.24,
            "net_income": -33406,
            "net_income_4q": null,
            "revenue": 53354,
            "revenue_4q": null,
            "common_shares": 1634160,
            "book_valuer_per_share": 5.3,
            "book_valuer_per_share_4q_avg": 5.75,
            "equity": 866695,
            "current_ratio": 66.97,
            "debt_ratio": 62.97,
            "inventory_turnover_ratio": 0.05,
            "account_receivable_turnover_ratio": null,
            "reinvestment_rate": null,
            "research_to_sale_ratio": null,
            "price_fair": 53.2,
            "eps_avg_yearly": 1.52,
            "eps_latest_yearly": 1.52,
            "eps_growth_yearly": 1500
        },
        "20042": {
            "year_quarter": 20042,
            "year": 2004,
            "quarter": 2,
            "eps": 0.05,
            "eps_growth_year": -86.84,
            "eps_4q": -2.05,
            "eps_4q_growth_year": null,
            "roe": 0.88,
            "roe_4q": -32.129999999999995,
            "gross_profit": 6279,
            "gross_margin": 15.75,
            "gross_margin_4q_avg": 35.19,
            "net_income": 7632,
            "net_income_4q": null,
            "revenue": 39863,
            "revenue_4q": null,
            "common_shares": 1634160,
            "book_valuer_per_share": 5.3,
            "book_valuer_per_share_4q_avg": 5.52,
            "equity": 865574,
            "current_ratio": 70.68,
            "debt_ratio": 62.17,
            "inventory_turnover_ratio": 0.04,
            "account_receivable_turnover_ratio": null,
            "reinvestment_rate": null,
            "research_to_sale_ratio": null,
            "price_fair": 53.2,
            "eps_avg_yearly": 1.52,
            "eps_latest_yearly": 1.52,
            "eps_growth_yearly": 1500
        },
        "20043": {
            "year_quarter": 20043,
            "year": 2004,
            "quarter": 3,
            "eps": -0.24,
            "eps_growth_year": null,
            "eps_4q": -1.03,
            "eps_4q_growth_year": null,
            "roe": -4.33,
            "roe_4q": -18.42,
            "gross_profit": 42931,
            "gross_margin": 60.5,
            "gross_margin_4q_avg": 26.31,
            "net_income": -36942,
            "net_income_4q": null,
            "revenue": 70960,
            "revenue_4q": null,
            "common_shares": 1634160,
            "book_valuer_per_share": 5.16,
            "book_valuer_per_share_4q_avg": 5.3,
            "equity": 842657,
            "current_ratio": 73.72,
            "debt_ratio": 61.93,
            "inventory_turnover_ratio": 0.03,
            "account_receivable_turnover_ratio": null,
            "reinvestment_rate": null,
            "research_to_sale_ratio": null,
            "price_fair": 53.2,
            "eps_avg_yearly": 1.52,
            "eps_latest_yearly": 1.52,
            "eps_growth_yearly": 1500
        },
        "20044": {
            "year_quarter": 20044,
            "year": 2004,
            "quarter": 4,
            "eps": -0.26,
            "eps_growth_year": null,
            "eps_4q": -0.66,
            "eps_4q_growth_year": null,
            "roe": -4.81,
            "roe_4q": -12.03,
            "gross_profit": 13390,
            "gross_margin": 52.32,
            "gross_margin_4q_avg": 35.55,
            "net_income": -39565,
            "net_income_4q": null,
            "revenue": 25594,
            "revenue_4q": null,
            "common_shares": 1634160,
            "book_valuer_per_share": 4.9,
            "book_valuer_per_share_4q_avg": 5.17,
            "equity": 800873,
            "current_ratio": 73.42,
            "debt_ratio": 62.82,
            "inventory_turnover_ratio": 0.01,
            "account_receivable_turnover_ratio": null,
            "reinvestment_rate": null,
            "research_to_sale_ratio": null,
            "price_fair": 53.2,
            "eps_avg_yearly": 1.52,
            "eps_latest_yearly": 1.52,
            "eps_growth_yearly": 1500
        },
        "20051": {
            "year_quarter": 20051,
            "year": 2005,
            "quarter": 1,
            "eps": -0.19,
            "eps_growth_year": null,
            "eps_4q": -0.63,
            "eps_4q_growth_year": null,
            "roe": -3.76,
            "roe_4q": -12.02,
            "gross_profit": 2158,
            "gross_margin": 92.5,
            "gross_margin_4q_avg": 55.27,
            "net_income": -29679,
            "net_income_4q": null,
            "revenue": 2333,
            "revenue_4q": null,
            "common_shares": 1634160,
            "book_valuer_per_share": 4.77,
            "book_valuer_per_share_4q_avg": 5.03,
            "equity": 778722,
            "current_ratio": 72.7,
            "debt_ratio": 63.5,
            "inventory_turnover_ratio": 0,
            "account_receivable_turnover_ratio": null,
            "reinvestment_rate": null,
            "research_to_sale_ratio": null,
            "price_fair": 53.2,
            "eps_avg_yearly": 1.52,
            "eps_latest_yearly": 1.52,
            "eps_growth_yearly": 1500
        },
        "20052": {
            "year_quarter": 20052,
            "year": 2005,
            "quarter": 2,
            "eps": -0.03,
            "eps_growth_year": -160,
            "eps_4q": -0.68,
            "eps_4q_growth_year": null,
            "roe": -0.66,
            "roe_4q": -13.56,
            "gross_profit": 20438,
            "gross_margin": 60.41,
            "gross_margin_4q_avg": 66.43,
            "net_income": -5115,
            "net_income_4q": null,
            "revenue": 33834,
            "revenue_4q": null,
            "common_shares": 1634160,
            "book_valuer_per_share": 4.73,
            "book_valuer_per_share_4q_avg": 4.89,
            "equity": 773607,
            "current_ratio": 77.4,
            "debt_ratio": 62.92,
            "inventory_turnover_ratio": 0.02,
            "account_receivable_turnover_ratio": null,
            "reinvestment_rate": null,
            "research_to_sale_ratio": null,
            "price_fair": 53.2,
            "eps_avg_yearly": 1.52,
            "eps_latest_yearly": 1.52,
            "eps_growth_yearly": 1500
        },
        "20053": {
            "year_quarter": 20053,
            "year": 2005,
            "quarter": 3,
            "eps": -0.21,
            "eps_growth_year": null,
            "eps_4q": -0.95,
            "eps_4q_growth_year": null,
            "roe": -2.5,
            "roe_4q": -11.73,
            "gross_profit": 2164,
            "gross_margin": 93.72,
            "gross_margin_4q_avg": 74.74,
            "net_income": -19123,
            "net_income_4q": null,
            "revenue": 2309,
            "revenue_4q": null,
            "common_shares": 980496,
            "book_valuer_per_share": 7.69,
            "book_valuer_per_share_4q_avg": 5.52,
            "equity": 754480,
            "current_ratio": 87.69,
            "debt_ratio": 63.48,
            "inventory_turnover_ratio": 0,
            "account_receivable_turnover_ratio": null,
            "reinvestment_rate": null,
            "research_to_sale_ratio": null,
            "price_fair": 53.2,
            "eps_avg_yearly": 1.52,
            "eps_latest_yearly": 1.52,
            "eps_growth_yearly": 1500
        },
        "20054": {
            "year_quarter": 20054,
            "year": 2005,
            "quarter": 4,
            "eps": -0.63,
            "eps_growth_year": null,
            "eps_4q": -0.9,
            "eps_4q_growth_year": null,
            "roe": -5.8,
            "roe_4q": -12.72,
            "gross_profit": 1598,
            "gross_margin": 6.99,
            "gross_margin_4q_avg": 63.41,
            "net_income": -55203,
            "net_income_4q": null,
            "revenue": 22852,
            "revenue_4q": null,
            "common_shares": 980496,
            "book_valuer_per_share": 6.69,
            "book_valuer_per_share_4q_avg": 5.97,
            "equity": 1148301,
            "current_ratio": 135.38,
            "debt_ratio": 55.06,
            "inventory_turnover_ratio": 0.03,
            "account_receivable_turnover_ratio": null,
            "reinvestment_rate": null,
            "research_to_sale_ratio": null,
            "price_fair": 53.2,
            "eps_avg_yearly": 1.52,
            "eps_latest_yearly": 1.52,
            "eps_growth_yearly": 1500
        },
        "20061": {
            "year_quarter": 20061,
            "year": 2006,
            "quarter": 1,
            "eps": 0.03,
            "eps_growth_year": null,
            "eps_4q": -0.81,
            "eps_4q_growth_year": null,
            "roe": 0.31,
            "roe_4q": -8.65,
            "gross_profit": 3048,
            "gross_margin": 31.41,
            "gross_margin_4q_avg": 48.13,
            "net_income": 2832,
            "net_income_4q": null,
            "revenue": 9703,
            "revenue_4q": null,
            "common_shares": 980496,
            "book_valuer_per_share": 6.72,
            "book_valuer_per_share_4q_avg": 6.46,
            "equity": 658683,
            "current_ratio": 85.65,
            "debt_ratio": 63.55,
            "inventory_turnover_ratio": 0.01,
            "account_receivable_turnover_ratio": null,
            "reinvestment_rate": null,
            "research_to_sale_ratio": null,
            "price_fair": 53.2,
            "eps_avg_yearly": 1.52,
            "eps_latest_yearly": 1.52,
            "eps_growth_yearly": 1500
        },
        "20062": {
            "year_quarter": 20062,
            "year": 2006,
            "quarter": 2,
            "eps": -0.72,
            "eps_growth_year": null,
            "eps_4q": -1.38,
            "eps_4q_growth_year": null,
            "roe": -10.06,
            "roe_4q": -18.05,
            "gross_profit": 3572,
            "gross_margin": 28.65,
            "gross_margin_4q_avg": 40.19,
            "net_income": -64074,
            "net_income_4q": null,
            "revenue": 12467,
            "revenue_4q": null,
            "common_shares": 980496,
            "book_valuer_per_share": 6.27,
            "book_valuer_per_share_4q_avg": 6.84,
            "equity": 614914,
            "current_ratio": 85.39,
            "debt_ratio": 65.01,
            "inventory_turnover_ratio": 0.01,
            "account_receivable_turnover_ratio": null,
            "reinvestment_rate": null,
            "research_to_sale_ratio": null,
            "price_fair": 53.2,
            "eps_avg_yearly": 1.52,
            "eps_latest_yearly": 1.52,
            "eps_growth_yearly": 1500
        },
        "20063": {
            "year_quarter": 20063,
            "year": 2006,
            "quarter": 3,
            "eps": -0.24,
            "eps_growth_year": null,
            "eps_4q": -1.4,
            "eps_4q_growth_year": null,
            "roe": -3.44,
            "roe_4q": -18.99,
            "gross_profit": -1412,
            "gross_margin": -11.58,
            "gross_margin_4q_avg": 13.87,
            "net_income": -20909,
            "net_income_4q": null,
            "revenue": 12189,
            "revenue_4q": null,
            "common_shares": 980496,
            "book_valuer_per_share": 6.13,
            "book_valuer_per_share_4q_avg": 6.45,
            "equity": 601065,
            "current_ratio": 85.14,
            "debt_ratio": 65.49,
            "inventory_turnover_ratio": 0.02,
            "account_receivable_turnover_ratio": null,
            "reinvestment_rate": null,
            "research_to_sale_ratio": null,
            "price_fair": 53.2,
            "eps_avg_yearly": 1.52,
            "eps_latest_yearly": 1.52,
            "eps_growth_yearly": 1500
        },
        "20064": {
            "year_quarter": 20064,
            "year": 2006,
            "quarter": 4,
            "eps": 0.09,
            "eps_growth_year": null,
            "eps_4q": -0.82,
            "eps_4q_growth_year": null,
            "roe": 0.94,
            "roe_4q": -12.25,
            "gross_profit": 1899,
            "gross_margin": 25.92,
            "gross_margin_4q_avg": 18.6,
            "net_income": 8099,
            "net_income_4q": null,
            "revenue": 7325,
            "revenue_4q": null,
            "common_shares": 980496,
            "book_valuer_per_share": 6.2,
            "book_valuer_per_share_4q_avg": 6.33,
            "equity": 1112947,
            "current_ratio": 146.5,
            "debt_ratio": 53.66,
            "inventory_turnover_ratio": 0.01,
            "account_receivable_turnover_ratio": null,
            "reinvestment_rate": null,
            "research_to_sale_ratio": null,
            "price_fair": 53.2,
            "eps_avg_yearly": 1.52,
            "eps_latest_yearly": 1.52,
            "eps_growth_yearly": 1500
        },
        "20071": {
            "year_quarter": 20071,
            "year": 2007,
            "quarter": 1,
            "eps": -0.14,
            "eps_growth_year": -566.67,
            "eps_4q": -1.02,
            "eps_4q_growth_year": null,
            "roe": -1.42,
            "roe_4q": -13.98,
            "gross_profit": 2123,
            "gross_margin": 24.19,
            "gross_margin_4q_avg": 16.8,
            "net_income": -12169,
            "net_income_4q": null,
            "revenue": 8775,
            "revenue_4q": null,
            "common_shares": 980496,
            "book_valuer_per_share": 6.08,
            "book_valuer_per_share_4q_avg": 6.17,
            "equity": 596131,
            "current_ratio": 106.83,
            "debt_ratio": 63.46,
            "inventory_turnover_ratio": 0.01,
            "account_receivable_turnover_ratio": null,
            "reinvestment_rate": null,
            "research_to_sale_ratio": null,
            "price_fair": 53.2,
            "eps_avg_yearly": 1.52,
            "eps_latest_yearly": 1.52,
            "eps_growth_yearly": 1500
        },
        "20072": {
            "year_quarter": 20072,
            "year": 2007,
            "quarter": 2,
            "eps": -0.34,
            "eps_growth_year": null,
            "eps_4q": -0.57,
            "eps_4q_growth_year": null,
            "roe": -5,
            "roe_4q": -8.92,
            "gross_profit": 10170,
            "gross_margin": 28.68,
            "gross_margin_4q_avg": 16.8,
            "net_income": -30424,
            "net_income_4q": null,
            "revenue": 35460,
            "revenue_4q": null,
            "common_shares": 980496,
            "book_valuer_per_share": 6.33,
            "book_valuer_per_share_4q_avg": 6.19,
            "equity": 620626,
            "current_ratio": 112.87,
            "debt_ratio": 60.27,
            "inventory_turnover_ratio": 0.03,
            "account_receivable_turnover_ratio": null,
            "reinvestment_rate": null,
            "research_to_sale_ratio": null,
            "price_fair": 0,
            "eps_avg_yearly": 0,
            "eps_latest_yearly": 0,
            "eps_growth_yearly": 0
        },
        "20073": {
            "year_quarter": 20073,
            "year": 2007,
            "quarter": 3,
            "eps": -3.48,
            "eps_growth_year": null,
            "eps_4q": -3.55,
            "eps_4q_growth_year": null,
            "roe": -49.24,
            "roe_4q": -54.720000000000006,
            "gross_profit": 2162,
            "gross_margin": 48.03,
            "gross_margin_4q_avg": 31.71,
            "net_income": -313443,
            "net_income_4q": null,
            "revenue": 4501,
            "revenue_4q": null,
            "common_shares": 980496,
            "book_valuer_per_share": 6.66,
            "book_valuer_per_share_4q_avg": 6.32,
            "equity": 652538,
            "current_ratio": 121.36,
            "debt_ratio": 58.16,
            "inventory_turnover_ratio": 0,
            "account_receivable_turnover_ratio": null,
            "reinvestment_rate": null,
            "research_to_sale_ratio": null,
            "price_fair": 0,
            "eps_avg_yearly": 0,
            "eps_latest_yearly": 0,
            "eps_growth_yearly": 0
        },
        "20074": {
            "year_quarter": 20074,
            "year": 2007,
            "quarter": 4,
            "eps": 2.02,
            "eps_growth_year": 2144.44,
            "eps_4q": -1.89,
            "eps_4q_growth_year": null,
            "roe": 21.94,
            "roe_4q": -33.72,
            "gross_profit": 145017,
            "gross_margin": 78.39,
            "gross_margin_4q_avg": 44.82,
            "net_income": 183991,
            "net_income_4q": null,
            "revenue": 184996,
            "revenue_4q": null,
            "common_shares": 980496,
            "book_valuer_per_share": 8.48,
            "book_valuer_per_share_4q_avg": 6.89,
            "equity": 1024352,
            "current_ratio": 224.83,
            "debt_ratio": 45.45,
            "inventory_turnover_ratio": 0.05,
            "account_receivable_turnover_ratio": null,
            "reinvestment_rate": null,
            "research_to_sale_ratio": null,
            "price_fair": 0,
            "eps_avg_yearly": 0,
            "eps_latest_yearly": 0,
            "eps_growth_yearly": 0
        },
        "20081": {
            "year_quarter": 20081,
            "year": 2008,
            "quarter": 1,
            "eps": -0.24,
            "eps_growth_year": null,
            "eps_4q": -6.96,
            "eps_4q_growth_year": null,
            "roe": 0.66,
            "roe_4q": -31.64,
            "gross_profit": 2712,
            "gross_margin": 24.57,
            "gross_margin_4q_avg": 44.92,
            "net_income": 6289,
            "net_income_4q": null,
            "revenue": 11039,
            "revenue_4q": null,
            "common_shares": 980496,
            "book_valuer_per_share": 8.78,
            "book_valuer_per_share_4q_avg": 7.56,
            "equity": 874129,
            "current_ratio": 207.84,
            "debt_ratio": 46.08,
            "inventory_turnover_ratio": 0.01,
            "account_receivable_turnover_ratio": null,
            "reinvestment_rate": null,
            "research_to_sale_ratio": null,
            "price_fair": 0,
            "eps_avg_yearly": 0,
            "eps_latest_yearly": 0,
            "eps_growth_yearly": 0
        },
        "20082": {
            "year_quarter": 20082,
            "year": 2008,
            "quarter": 2,
            "eps": -0.03,
            "eps_growth_year": null,
            "eps_4q": -1.58,
            "eps_4q_growth_year": null,
            "roe": -1.55,
            "roe_4q": -28.19,
            "gross_profit": 2486,
            "gross_margin": 37.2,
            "gross_margin_4q_avg": 47.05,
            "net_income": -13599,
            "net_income_4q": null,
            "revenue": 6682,
            "revenue_4q": null,
            "common_shares": 980496,
            "book_valuer_per_share": 8.77,
            "book_valuer_per_share_4q_avg": 8.17,
            "equity": 885478,
            "current_ratio": 208.98,
            "debt_ratio": 44.8,
            "inventory_turnover_ratio": 0,
            "account_receivable_turnover_ratio": null,
            "reinvestment_rate": null,
            "research_to_sale_ratio": null,
            "price_fair": 0,
            "eps_avg_yearly": 0,
            "eps_latest_yearly": 0,
            "eps_growth_yearly": 0
        },
        "20083": {
            "year_quarter": 20083,
            "year": 2008,
            "quarter": 3,
            "eps": 0,
            "eps_growth_year": null,
            "eps_4q": 1.61,
            "eps_4q_growth_year": null,
            "roe": 0.17,
            "roe_4q": 21.220000000000002,
            "gross_profit": 1713,
            "gross_margin": 39.74,
            "gross_margin_4q_avg": 44.98,
            "net_income": 1481,
            "net_income_4q": null,
            "revenue": 4311,
            "revenue_4q": null,
            "common_shares": 980496,
            "book_valuer_per_share": 8.34,
            "book_valuer_per_share_4q_avg": 8.59,
            "equity": 827225,
            "current_ratio": 186.1,
            "debt_ratio": 46.06,
            "inventory_turnover_ratio": 0,
            "account_receivable_turnover_ratio": null,
            "reinvestment_rate": null,
            "research_to_sale_ratio": null,
            "price_fair": 0,
            "eps_avg_yearly": 0,
            "eps_latest_yearly": 0,
            "eps_growth_yearly": 0
        },
        "20084": {
            "year_quarter": 20084,
            "year": 2008,
            "quarter": 4,
            "eps": -0.07,
            "eps_growth_year": -103.47,
            "eps_4q": -0.69,
            "eps_4q_growth_year": null,
            "roe": -1.27,
            "roe_4q": -1.9900000000000002,
            "gross_profit": 1548,
            "gross_margin": 60.59,
            "gross_margin_4q_avg": 40.53,
            "net_income": -10458,
            "net_income_4q": null,
            "revenue": 2555,
            "revenue_4q": null,
            "common_shares": 980496,
            "book_valuer_per_share": 8.26,
            "book_valuer_per_share_4q_avg": 8.54,
            "equity": 815205,
            "current_ratio": 183.81,
            "debt_ratio": 45.9,
            "inventory_turnover_ratio": 0,
            "account_receivable_turnover_ratio": 0.28,
            "reinvestment_rate": null,
            "research_to_sale_ratio": null,
            "price_fair": 0,
            "eps_avg_yearly": 0,
            "eps_latest_yearly": 0,
            "eps_growth_yearly": 0
        },
        "20091": {
            "year_quarter": 20091,
            "year": 2009,
            "quarter": 1,
            "eps": -0.08,
            "eps_growth_year": null,
            "eps_4q": -0.18,
            "eps_4q_growth_year": null,
            "roe": -0.86,
            "roe_4q": -3.51,
            "gross_profit": 1660,
            "gross_margin": 60.54,
            "gross_margin_4q_avg": 49.52,
            "net_income": -7005,
            "net_income_4q": null,
            "revenue": 2742,
            "revenue_4q": null,
            "common_shares": 980496,
            "book_valuer_per_share": 8.16,
            "book_valuer_per_share_4q_avg": 8.38,
            "equity": 804880,
            "current_ratio": 188.08,
            "debt_ratio": 46.29,
            "inventory_turnover_ratio": 0,
            "account_receivable_turnover_ratio": 0.15,
            "reinvestment_rate": null,
            "research_to_sale_ratio": null,
            "price_fair": 0,
            "eps_avg_yearly": 0,
            "eps_latest_yearly": 0,
            "eps_growth_yearly": 0
        },
        "20092": {
            "year_quarter": 20092,
            "year": 2009,
            "quarter": 2,
            "eps": -0.09,
            "eps_growth_year": null,
            "eps_4q": -0.25,
            "eps_4q_growth_year": null,
            "roe": -0.57,
            "roe_4q": -2.5300000000000002,
            "gross_profit": 1716,
            "gross_margin": 22.86,
            "gross_margin_4q_avg": 45.93,
            "net_income": -4625,
            "net_income_4q": null,
            "revenue": 7506,
            "revenue_4q": null,
            "common_shares": 980496,
            "book_valuer_per_share": 8.27,
            "book_valuer_per_share_4q_avg": 8.26,
            "equity": 816010,
            "current_ratio": 179.56,
            "debt_ratio": 46.38,
            "inventory_turnover_ratio": 0.01,
            "account_receivable_turnover_ratio": 0.38,
            "reinvestment_rate": null,
            "research_to_sale_ratio": null,
            "price_fair": 0,
            "eps_avg_yearly": 0,
            "eps_latest_yearly": 0,
            "eps_growth_yearly": 0
        },
        "20093": {
            "year_quarter": 20093,
            "year": 2009,
            "quarter": 3,
            "eps": -0.03,
            "eps_growth_year": null,
            "eps_4q": -0.27,
            "eps_4q_growth_year": -116.97,
            "roe": -0.14,
            "roe_4q": -2.84,
            "gross_profit": 1291,
            "gross_margin": 30.86,
            "gross_margin_4q_avg": 43.71,
            "net_income": -1150,
            "net_income_4q": null,
            "revenue": 4183,
            "revenue_4q": null,
            "common_shares": 980496,
            "book_valuer_per_share": 8.52,
            "book_valuer_per_share_4q_avg": 8.3,
            "equity": 839533,
            "current_ratio": 181.22,
            "debt_ratio": 45.2,
            "inventory_turnover_ratio": 0,
            "account_receivable_turnover_ratio": 0.21,
            "reinvestment_rate": null,
            "research_to_sale_ratio": null,
            "price_fair": 0,
            "eps_avg_yearly": 0,
            "eps_latest_yearly": 0,
            "eps_growth_yearly": 0
        },
        "20094": {
            "year_quarter": 20094,
            "year": 2009,
            "quarter": 4,
            "eps": -0.16,
            "eps_growth_year": null,
            "eps_4q": -0.37,
            "eps_4q_growth_year": null,
            "roe": -2.14,
            "roe_4q": -3.71,
            "gross_profit": -857,
            "gross_margin": -31.5,
            "gross_margin_4q_avg": 20.69,
            "net_income": -17830,
            "net_income_4q": null,
            "revenue": 2721,
            "revenue_4q": null,
            "common_shares": 980496,
            "book_valuer_per_share": 8.54,
            "book_valuer_per_share_4q_avg": 8.37,
            "equity": 824774,
            "current_ratio": 184.3,
            "debt_ratio": 47.3,
            "inventory_turnover_ratio": 0,
            "account_receivable_turnover_ratio": 0.53,
            "reinvestment_rate": null,
            "research_to_sale_ratio": null,
            "price_fair": 0,
            "eps_avg_yearly": 0,
            "eps_latest_yearly": 0,
            "eps_growth_yearly": 0
        },
        "20101": {
            "year_quarter": 20101,
            "year": 2010,
            "quarter": 1,
            "eps": 1.16,
            "eps_growth_year": null,
            "eps_4q": 0.87,
            "eps_4q_growth_year": null,
            "roe": 12.52,
            "roe_4q": 9.669999999999998,
            "gross_profit": 118262,
            "gross_margin": 23.96,
            "gross_margin_4q_avg": 11.55,
            "net_income": 110091,
            "net_income_4q": null,
            "revenue": 493510,
            "revenue_4q": null,
            "common_shares": 980496,
            "book_valuer_per_share": 9.66,
            "book_valuer_per_share_4q_avg": 8.75,
            "equity": 933220,
            "current_ratio": 933.03,
            "debt_ratio": 22.12,
            "inventory_turnover_ratio": 0.51,
            "account_receivable_turnover_ratio": 29.04,
            "reinvestment_rate": null,
            "research_to_sale_ratio": null,
            "price_fair": 0,
            "eps_avg_yearly": 0,
            "eps_latest_yearly": 0,
            "eps_growth_yearly": 0
        },
        "20102": {
            "year_quarter": 20102,
            "year": 2010,
            "quarter": 2,
            "eps": 0.07,
            "eps_growth_year": null,
            "eps_4q": 1.04,
            "eps_4q_growth_year": null,
            "roe": 0.18,
            "roe_4q": 10.419999999999998,
            "gross_profit": 2349,
            "gross_margin": 23.9,
            "gross_margin_4q_avg": 11.81,
            "net_income": 1644,
            "net_income_4q": null,
            "revenue": 9830,
            "revenue_4q": null,
            "common_shares": 980496,
            "book_valuer_per_share": 9.75,
            "book_valuer_per_share_4q_avg": 9.12,
            "equity": 941525,
            "current_ratio": 1364.22,
            "debt_ratio": 19.45,
            "inventory_turnover_ratio": 0.01,
            "account_receivable_turnover_ratio": 0.74,
            "reinvestment_rate": null,
            "research_to_sale_ratio": null,
            "price_fair": 0.84,
            "eps_avg_yearly": 0.28,
            "eps_latest_yearly": 0.28,
            "eps_growth_yearly": -375.86
        },
        "20103": {
            "year_quarter": 20103,
            "year": 2010,
            "quarter": 3,
            "eps": 0.02,
            "eps_growth_year": null,
            "eps_4q": 1.08,
            "eps_4q_growth_year": null,
            "roe": 0.12,
            "roe_4q": 10.68,
            "gross_profit": 1103,
            "gross_margin": 18.6,
            "gross_margin_4q_avg": 8.74,
            "net_income": 1106,
            "net_income_4q": null,
            "revenue": 5931,
            "revenue_4q": null,
            "common_shares": 980496,
            "book_valuer_per_share": 9.99,
            "book_valuer_per_share_4q_avg": 9.49,
            "equity": 963813,
            "current_ratio": 875.35,
            "debt_ratio": 21.08,
            "inventory_turnover_ratio": 0.01,
            "account_receivable_turnover_ratio": 1.14,
            "reinvestment_rate": null,
            "research_to_sale_ratio": null,
            "price_fair": 0.54,
            "eps_avg_yearly": 0.18,
            "eps_latest_yearly": 0.08,
            "eps_growth_yearly": -330.79
        },
        "20104": {
            "year_quarter": 20104,
            "year": 2010,
            "quarter": 4,
            "eps": -0.01,
            "eps_growth_year": null,
            "eps_4q": 1.23,
            "eps_4q_growth_year": null,
            "roe": 0.02,
            "roe_4q": 12.84,
            "gross_profit": 3161,
            "gross_margin": 12.06,
            "gross_margin_4q_avg": 19.63,
            "net_income": 157,
            "net_income_4q": null,
            "revenue": 26201,
            "revenue_4q": null,
            "common_shares": 980496,
            "book_valuer_per_share": 10.48,
            "book_valuer_per_share_4q_avg": 9.97,
            "equity": 1017006,
            "current_ratio": 847.54,
            "debt_ratio": 19.89,
            "inventory_turnover_ratio": 0.04,
            "account_receivable_turnover_ratio": 4,
            "reinvestment_rate": null,
            "research_to_sale_ratio": null,
            "price_fair": 0.54,
            "eps_avg_yearly": 0.18,
            "eps_latest_yearly": 0.08,
            "eps_growth_yearly": -330.79
        },
        "20111": {
            "year_quarter": 20111,
            "year": 2011,
            "quarter": 1,
            "eps": 0.05,
            "eps_growth_year": -95.69,
            "eps_4q": 0.13,
            "eps_4q_growth_year": -85.56,
            "roe": 0.35,
            "roe_4q": 0.6699999999999999,
            "gross_profit": 1990,
            "gross_margin": 4.14,
            "gross_margin_4q_avg": 14.68,
            "net_income": 3607,
            "net_income_4q": null,
            "revenue": 48103,
            "revenue_4q": null,
            "common_shares": 980496,
            "book_valuer_per_share": 10.43,
            "book_valuer_per_share_4q_avg": 10.16,
            "equity": 1020165,
            "current_ratio": 640.36,
            "debt_ratio": 15.94,
            "inventory_turnover_ratio": 0.08,
            "account_receivable_turnover_ratio": 4.7,
            "reinvestment_rate": null,
            "research_to_sale_ratio": null,
            "price_fair": 0.54,
            "eps_avg_yearly": 0.18,
            "eps_latest_yearly": 0.08,
            "eps_growth_yearly": -330.79
        },
        "20112": {
            "year_quarter": 20112,
            "year": 2011,
            "quarter": 2,
            "eps": 0.02,
            "eps_growth_year": -78.56,
            "eps_4q": 0.07,
            "eps_4q_growth_year": -93.18,
            "roe": 0.09,
            "roe_4q": 0.58,
            "gross_profit": 2773,
            "gross_margin": 6.69,
            "gross_margin_4q_avg": 10.37,
            "net_income": 947,
            "net_income_4q": null,
            "revenue": 41474,
            "revenue_4q": null,
            "common_shares": 980496,
            "book_valuer_per_share": 10.56,
            "book_valuer_per_share_4q_avg": 10.37,
            "equity": 1033342,
            "current_ratio": 774.55,
            "debt_ratio": 14.32,
            "inventory_turnover_ratio": 0.07,
            "account_receivable_turnover_ratio": 4.77,
            "reinvestment_rate": null,
            "research_to_sale_ratio": null,
            "price_fair": 0.44,
            "eps_avg_yearly": 0.15,
            "eps_latest_yearly": 0.08,
            "eps_growth_yearly": -300.53
        },
        "20113": {
            "year_quarter": 20113,
            "year": 2011,
            "quarter": 3,
            "eps": -0.07,
            "eps_growth_year": -510.31,
            "eps_4q": -0.01,
            "eps_4q_growth_year": -101.09,
            "roe": -0.81,
            "roe_4q": -0.3500000000000001,
            "gross_profit": 3573,
            "gross_margin": 13.4,
            "gross_margin_4q_avg": 9.07,
            "net_income": -8199,
            "net_income_4q": null,
            "revenue": 26665,
            "revenue_4q": null,
            "common_shares": 980496,
            "book_valuer_per_share": 10.28,
            "book_valuer_per_share_4q_avg": 10.44,
            "equity": 1003437,
            "current_ratio": 962.27,
            "debt_ratio": 15.84,
            "inventory_turnover_ratio": 0.04,
            "account_receivable_turnover_ratio": 8.27,
            "reinvestment_rate": 84.8,
            "research_to_sale_ratio": null,
            "price_fair": 0.44,
            "eps_avg_yearly": 0.15,
            "eps_latest_yearly": 0.08,
            "eps_growth_yearly": -300.53
        },
        "20114": {
            "year_quarter": 20114,
            "year": 2011,
            "quarter": 4,
            "eps": -0.11,
            "eps_growth_year": null,
            "eps_4q": -0.12,
            "eps_4q_growth_year": -109.64,
            "roe": -1.16,
            "roe_4q": -1.5299999999999998,
            "gross_profit": 1255,
            "gross_margin": 2.63,
            "gross_margin_4q_avg": 6.72,
            "net_income": -11541,
            "net_income_4q": null,
            "revenue": 47732,
            "revenue_4q": null,
            "common_shares": 980496,
            "book_valuer_per_share": 10.06,
            "book_valuer_per_share_4q_avg": 10.33,
            "equity": 980984,
            "current_ratio": 544.2,
            "debt_ratio": 20.62,
            "inventory_turnover_ratio": 0.08,
            "account_receivable_turnover_ratio": 3.69,
            "reinvestment_rate": 364.6,
            "research_to_sale_ratio": null,
            "price_fair": 0.44,
            "eps_avg_yearly": 0.15,
            "eps_latest_yearly": 0.08,
            "eps_growth_yearly": -300.53
        },
        "20121": {
            "year_quarter": 20121,
            "year": 2012,
            "quarter": 1,
            "eps": 0.01,
            "eps_growth_year": -80,
            "eps_4q": -0.15,
            "eps_4q_growth_year": -220.98,
            "roe": 0.08,
            "roe_4q": -1.7999999999999998,
            "gross_profit": 2972,
            "gross_margin": 5.25,
            "gross_margin_4q_avg": 6.99,
            "net_income": 833,
            "net_income_4q": null,
            "revenue": 56601,
            "revenue_4q": null,
            "common_shares": 980496,
            "book_valuer_per_share": 10.24,
            "book_valuer_per_share_4q_avg": 10.29,
            "equity": 1003635,
            "current_ratio": 906.32,
            "debt_ratio": 16.37,
            "inventory_turnover_ratio": 0.09,
            "account_receivable_turnover_ratio": 3.67,
            "reinvestment_rate": 431.91,
            "research_to_sale_ratio": null,
            "price_fair": 0.44,
            "eps_avg_yearly": 0.15,
            "eps_latest_yearly": 0.08,
            "eps_growth_yearly": -300.53
        },
        "20122": {
            "year_quarter": 20122,
            "year": 2012,
            "quarter": 2,
            "eps": -0.03,
            "eps_growth_year": -298.52,
            "eps_4q": -0.2,
            "eps_4q_growth_year": -380.32,
            "roe": -0.36,
            "roe_4q": -2.25,
            "gross_profit": 1860,
            "gross_margin": 10.57,
            "gross_margin_4q_avg": 7.96,
            "net_income": -3598,
            "net_income_4q": null,
            "revenue": 17590,
            "revenue_4q": null,
            "common_shares": 980496,
            "book_valuer_per_share": 10.16,
            "book_valuer_per_share_4q_avg": 10.19,
            "equity": 995197,
            "current_ratio": 1071.33,
            "debt_ratio": 15.55,
            "inventory_turnover_ratio": 0.03,
            "account_receivable_turnover_ratio": 3.53,
            "reinvestment_rate": 346.34,
            "research_to_sale_ratio": null,
            "price_fair": 0.44,
            "eps_avg_yearly": 0.15,
            "eps_latest_yearly": 0.08,
            "eps_growth_yearly": -300.53
        },
        "20123": {
            "year_quarter": 20123,
            "year": 2012,
            "quarter": 3,
            "eps": 0.05,
            "eps_growth_year": null,
            "eps_4q": -0.08,
            "eps_4q_growth_year": null,
            "roe": 0.42,
            "roe_4q": -1.02,
            "gross_profit": 3184,
            "gross_margin": 8.71,
            "gross_margin_4q_avg": 6.79,
            "net_income": 4193,
            "net_income_4q": null,
            "revenue": 36555,
            "revenue_4q": null,
            "common_shares": 980496,
            "book_valuer_per_share": 10.28,
            "book_valuer_per_share_4q_avg": 10.19,
            "equity": 1004144,
            "current_ratio": 1007.93,
            "debt_ratio": 15.92,
            "inventory_turnover_ratio": 0.06,
            "account_receivable_turnover_ratio": 2.95,
            "reinvestment_rate": 320.57,
            "research_to_sale_ratio": null,
            "price_fair": 0.44,
            "eps_avg_yearly": 0.15,
            "eps_latest_yearly": 0.08,
            "eps_growth_yearly": -300.53
        },
        "20124": {
            "year_quarter": 20124,
            "year": 2012,
            "quarter": 4,
            "eps": 0.02,
            "eps_growth_year": null,
            "eps_4q": 0.05,
            "eps_4q_growth_year": null,
            "roe": 0.08,
            "roe_4q": 0.22000000000000003,
            "gross_profit": 1704,
            "gross_margin": 6,
            "gross_margin_4q_avg": 7.63,
            "net_income": 773,
            "net_income_4q": null,
            "revenue": 28416,
            "revenue_4q": null,
            "common_shares": 980496,
            "book_valuer_per_share": 10.25,
            "book_valuer_per_share_4q_avg": 10.23,
            "equity": 1001099,
            "current_ratio": 1155.58,
            "debt_ratio": 15.37,
            "inventory_turnover_ratio": 0.05,
            "account_receivable_turnover_ratio": 2.39,
            "reinvestment_rate": 388.66,
            "research_to_sale_ratio": null,
            "price_fair": 0.39,
            "eps_avg_yearly": 0.13,
            "eps_latest_yearly": 0.08,
            "eps_growth_yearly": -285.39
        },
        "20131": {
            "year_quarter": 20131,
            "year": 2013,
            "quarter": 1,
            "eps": 1.56,
            "eps_growth_year": 15500,
            "eps_4q": 1.6,
            "eps_4q_growth_year": null,
            "roe": 14.05,
            "roe_4q": 14.190000000000001,
            "gross_profit": 1964,
            "gross_margin": 5.12,
            "gross_margin_4q_avg": 7.6,
            "net_income": 151781,
            "net_income_4q": null,
            "revenue": 38365,
            "revenue_4q": null,
            "common_shares": 980496,
            "book_valuer_per_share": 11.88,
            "book_valuer_per_share_4q_avg": 10.64,
            "equity": 1159889,
            "current_ratio": 2483.88,
            "debt_ratio": 11.64,
            "inventory_turnover_ratio": 0.06,
            "account_receivable_turnover_ratio": 11.85,
            "reinvestment_rate": 114.27,
            "research_to_sale_ratio": null,
            "price_fair": 47.32,
            "eps_avg_yearly": 1.35,
            "eps_latest_yearly": 6.24,
            "eps_growth_yearly": 5931.68
        },
        "20132": {
            "year_quarter": 20132,
            "year": 2013,
            "quarter": 2,
            "eps": 0.03,
            "eps_growth_year": null,
            "eps_4q": 1.65,
            "eps_4q_growth_year": null,
            "roe": 0.29,
            "roe_4q": 14.84,
            "gross_profit": 2377,
            "gross_margin": 2.92,
            "gross_margin_4q_avg": 5.69,
            "net_income": 3371,
            "net_income_4q": null,
            "revenue": 81511,
            "revenue_4q": null,
            "common_shares": 980496,
            "book_valuer_per_share": 11.78,
            "book_valuer_per_share_4q_avg": 11.05,
            "equity": 1159034,
            "current_ratio": 15384.09,
            "debt_ratio": 9.46,
            "inventory_turnover_ratio": 0.14,
            "account_receivable_turnover_ratio": 8.9,
            "reinvestment_rate": 111.53,
            "research_to_sale_ratio": null,
            "price_fair": 40.13,
            "eps_avg_yearly": 1.15,
            "eps_latest_yearly": 0.12,
            "eps_growth_yearly": 4877.69
        },
        "20133": {
            "year_quarter": 20133,
            "year": 2013,
            "quarter": 3,
            "eps": 0.08,
            "eps_growth_year": 64.05,
            "eps_4q": 1.68,
            "eps_4q_growth_year": null,
            "roe": 0.7,
            "roe_4q": 15.120000000000001,
            "gross_profit": 143,
            "gross_margin": 4.99,
            "gross_margin_4q_avg": 4.76,
            "net_income": 8109,
            "net_income_4q": null,
            "revenue": 2863,
            "revenue_4q": null,
            "common_shares": 980496,
            "book_valuer_per_share": 11.89,
            "book_valuer_per_share_4q_avg": 11.45,
            "equity": 1170969,
            "current_ratio": 35482.41,
            "debt_ratio": 6.39,
            "inventory_turnover_ratio": 0,
            "account_receivable_turnover_ratio": 0.46,
            "reinvestment_rate": 105.69,
            "research_to_sale_ratio": null,
            "price_fair": 36,
            "eps_avg_yearly": 1.03,
            "eps_latest_yearly": 0.32,
            "eps_growth_yearly": 4276.11
        },
        "20134": {
            "year_quarter": 20134,
            "year": 2013,
            "quarter": 4,
            "eps": -0.09,
            "eps_growth_year": -690.56,
            "eps_4q": 1.58,
            "eps_4q_growth_year": 3290.63,
            "roe": -0.72,
            "roe_4q": 14.32,
            "gross_profit": 2203,
            "gross_margin": 5.07,
            "gross_margin_4q_avg": 4.53,
            "net_income": -8422,
            "net_income_4q": null,
            "revenue": 43422,
            "revenue_4q": null,
            "common_shares": 980496,
            "book_valuer_per_share": 11.83,
            "book_valuer_per_share_4q_avg": 11.85,
            "equity": 1165030,
            "current_ratio": 5437,
            "debt_ratio": 7.39,
            "inventory_turnover_ratio": 0.07,
            "account_receivable_turnover_ratio": 2.03,
            "reinvestment_rate": 10.28,
            "research_to_sale_ratio": null,
            "price_fair": 36,
            "eps_avg_yearly": 1.03,
            "eps_latest_yearly": 0.32,
            "eps_growth_yearly": 4276.11
        },
        "20141": {
            "year_quarter": 20141,
            "year": 2014,
            "quarter": 1,
            "eps": -0.08,
            "eps_growth_year": -105.13,
            "eps_4q": -0.06,
            "eps_4q_growth_year": -103.85,
            "roe": -0.71,
            "roe_4q": -0.44,
            "gross_profit": 612,
            "gross_margin": 8.1,
            "gross_margin_4q_avg": 5.27,
            "net_income": -8241,
            "net_income_4q": null,
            "revenue": 7551,
            "revenue_4q": null,
            "common_shares": 980496,
            "book_valuer_per_share": 11.69,
            "book_valuer_per_share_4q_avg": 11.8,
            "equity": 1151630,
            "current_ratio": 9400.37,
            "debt_ratio": 7.14,
            "inventory_turnover_ratio": 0.01,
            "account_receivable_turnover_ratio": 0.31,
            "reinvestment_rate": 23.25,
            "research_to_sale_ratio": null,
            "price_fair": 36,
            "eps_avg_yearly": 1.03,
            "eps_latest_yearly": 0.32,
            "eps_growth_yearly": 4276.11
        },
        "20142": {
            "year_quarter": 20142,
            "year": 2014,
            "quarter": 2,
            "eps": 0.03,
            "eps_growth_year": 0,
            "eps_4q": -0.07,
            "eps_4q_growth_year": -103.98,
            "roe": 0.25,
            "roe_4q": -0.48,
            "gross_profit": 2047,
            "gross_margin": 8.45,
            "gross_margin_4q_avg": 6.65,
            "net_income": 2864,
            "net_income_4q": null,
            "revenue": 24233,
            "revenue_4q": null,
            "common_shares": 980496,
            "book_valuer_per_share": 11.75,
            "book_valuer_per_share_4q_avg": 11.79,
            "equity": 1154967,
            "current_ratio": 6077.71,
            "debt_ratio": 7.7,
            "inventory_turnover_ratio": 0.04,
            "account_receivable_turnover_ratio": 2.6,
            "reinvestment_rate": 43.17,
            "research_to_sale_ratio": null,
            "price_fair": 40.37,
            "eps_avg_yearly": 1.15,
            "eps_latest_yearly": 0.32,
            "eps_growth_yearly": 5051.44
        },
        "20143": {
            "year_quarter": 20143,
            "year": 2014,
            "quarter": 3,
            "eps": 0.04,
            "eps_growth_year": -50,
            "eps_4q": -0.1,
            "eps_4q_growth_year": -105.98,
            "roe": 0.38,
            "roe_4q": -0.7999999999999999,
            "gross_profit": 2597,
            "gross_margin": 4.56,
            "gross_margin_4q_avg": 6.55,
            "net_income": 4373,
            "net_income_4q": null,
            "revenue": 56916,
            "revenue_4q": null,
            "common_shares": 980496,
            "book_valuer_per_share": 11.83,
            "book_valuer_per_share_4q_avg": 11.78,
            "equity": 1162767,
            "current_ratio": 2148.66,
            "debt_ratio": 9.31,
            "inventory_turnover_ratio": 0.1,
            "account_receivable_turnover_ratio": 6.19,
            "reinvestment_rate": 33.65,
            "research_to_sale_ratio": null,
            "price_fair": 40.83,
            "eps_avg_yearly": 1.17,
            "eps_latest_yearly": 0.16,
            "eps_growth_yearly": 5121.28
        },
        "20144": {
            "year_quarter": 20144,
            "year": 2014,
            "quarter": 4,
            "eps": 0.14,
            "eps_growth_year": null,
            "eps_4q": 0.13,
            "eps_4q_growth_year": -91.88,
            "roe": 1.16,
            "roe_4q": 1.08,
            "gross_profit": 3067,
            "gross_margin": 4.79,
            "gross_margin_4q_avg": 6.48,
            "net_income": 13596,
            "net_income_4q": null,
            "revenue": 64054,
            "revenue_4q": null,
            "common_shares": 980496,
            "book_valuer_per_share": 12.01,
            "book_valuer_per_share_4q_avg": 11.82,
            "equity": 1181145,
            "current_ratio": 1940.74,
            "debt_ratio": 9.6,
            "inventory_turnover_ratio": 0.1,
            "account_receivable_turnover_ratio": 2.86,
            "reinvestment_rate": 13,
            "research_to_sale_ratio": null,
            "price_fair": 37.8,
            "eps_avg_yearly": 1.08,
            "eps_latest_yearly": 0.56,
            "eps_growth_yearly": 4532.53
        },
        "20151": {
            "year_quarter": 20151,
            "year": 2015,
            "quarter": 1,
            "eps": -0.08,
            "eps_growth_year": null,
            "eps_4q": 0.13,
            "eps_4q_growth_year": null,
            "roe": -0.67,
            "roe_4q": 1.1199999999999999,
            "gross_profit": -219,
            "gross_margin": -0.79,
            "gross_margin_4q_avg": 4.25,
            "net_income": -7937,
            "net_income_4q": null,
            "revenue": 27870,
            "revenue_4q": null,
            "common_shares": 980496,
            "book_valuer_per_share": 11.91,
            "book_valuer_per_share_4q_avg": 11.88,
            "equity": 1171280,
            "current_ratio": 12955.54,
            "debt_ratio": 7.12,
            "inventory_turnover_ratio": 0.05,
            "account_receivable_turnover_ratio": 1.42,
            "reinvestment_rate": 53.09,
            "research_to_sale_ratio": null,
            "price_fair": 37.8,
            "eps_avg_yearly": 1.08,
            "eps_latest_yearly": 0.56,
            "eps_growth_yearly": 4532.53
        },
        "20152": {
            "year_quarter": 20152,
            "year": 2015,
            "quarter": 2,
            "eps": 0.02,
            "eps_growth_year": -33.33,
            "eps_4q": 0.12,
            "eps_4q_growth_year": null,
            "roe": 0.15,
            "roe_4q": 1.02,
            "gross_profit": 1696,
            "gross_margin": 5.9,
            "gross_margin_4q_avg": 3.62,
            "net_income": 1741,
            "net_income_4q": null,
            "revenue": 28733,
            "revenue_4q": null,
            "common_shares": 980496,
            "book_valuer_per_share": 11.98,
            "book_valuer_per_share_4q_avg": 11.93,
            "equity": 1178371,
            "current_ratio": 4208.16,
            "debt_ratio": 8.1,
            "inventory_turnover_ratio": 0.05,
            "account_receivable_turnover_ratio": 10.61,
            "reinvestment_rate": 62.34,
            "research_to_sale_ratio": null,
            "price_fair": 43.63,
            "eps_avg_yearly": 1.25,
            "eps_latest_yearly": 0.56,
            "eps_growth_yearly": 5327.95
        },
        "20153": {
            "year_quarter": 20153,
            "year": 2015,
            "quarter": 3,
            "eps": 0.22,
            "eps_growth_year": 450,
            "eps_4q": 0.3,
            "eps_4q_growth_year": null,
            "roe": 1.84,
            "roe_4q": 2.4799999999999995,
            "gross_profit": 1761,
            "gross_margin": 9.95,
            "gross_margin_4q_avg": 4.96,
            "net_income": 21834,
            "net_income_4q": null,
            "revenue": 17705,
            "revenue_4q": null,
            "common_shares": 980496,
            "book_valuer_per_share": 12.16,
            "book_valuer_per_share_4q_avg": 12.02,
            "equity": 1195883,
            "current_ratio": 5639.93,
            "debt_ratio": 7.62,
            "inventory_turnover_ratio": 0.03,
            "account_receivable_turnover_ratio": 3.04,
            "reinvestment_rate": 51.47,
            "research_to_sale_ratio": null,
            "price_fair": 41.8,
            "eps_avg_yearly": 1.19,
            "eps_latest_yearly": 0.88,
            "eps_growth_yearly": 5138.24
        },
        "20154": {
            "year_quarter": 20154,
            "year": 2015,
            "quarter": 4,
            "eps": -0.04,
            "eps_growth_year": -131.19,
            "eps_4q": 0.11,
            "eps_4q_growth_year": -10.65,
            "roe": -0.35,
            "roe_4q": 0.9700000000000001,
            "gross_profit": 1962,
            "gross_margin": 6.62,
            "gross_margin_4q_avg": 5.42,
            "net_income": -4191,
            "net_income_4q": null,
            "revenue": 29653,
            "revenue_4q": null,
            "common_shares": 980496,
            "book_valuer_per_share": 12.09,
            "book_valuer_per_share_4q_avg": 12.04,
            "equity": 1189068,
            "current_ratio": 5133.83,
            "debt_ratio": 7.76,
            "inventory_turnover_ratio": 0.05,
            "account_receivable_turnover_ratio": 1.99,
            "reinvestment_rate": 52.47,
            "research_to_sale_ratio": null,
            "price_fair": 41.8,
            "eps_avg_yearly": 1.19,
            "eps_latest_yearly": 0.88,
            "eps_growth_yearly": 5138.24
        },
        "20161": {
            "year_quarter": 20161,
            "year": 2016,
            "quarter": 1,
            "eps": 0.01,
            "eps_growth_year": null,
            "eps_4q": 0.2,
            "eps_4q_growth_year": 51.95,
            "roe": 0.04,
            "roe_4q": 1.68,
            "gross_profit": 2404,
            "gross_margin": 13.95,
            "gross_margin_4q_avg": 9.11,
            "net_income": 495,
            "net_income_4q": null,
            "revenue": 17233,
            "revenue_4q": null,
            "common_shares": 980496,
            "book_valuer_per_share": 11.98,
            "book_valuer_per_share_4q_avg": 12.05,
            "equity": 1178383,
            "current_ratio": 5680.24,
            "debt_ratio": 7.68,
            "inventory_turnover_ratio": 0.03,
            "account_receivable_turnover_ratio": 0.85,
            "reinvestment_rate": 31.24,
            "research_to_sale_ratio": null,
            "price_fair": 41.8,
            "eps_avg_yearly": 1.19,
            "eps_latest_yearly": 0.88,
            "eps_growth_yearly": 5138.24
        },
        "20162": {
            "year_quarter": 20162,
            "year": 2016,
            "quarter": 2,
            "eps": 0.05,
            "eps_growth_year": 150,
            "eps_4q": 0.23,
            "eps_4q_growth_year": 90.65,
            "roe": 0.39,
            "roe_4q": 1.9200000000000002,
            "gross_profit": 1911,
            "gross_margin": 11.3,
            "gross_margin_4q_avg": 10.46,
            "net_income": 4620,
            "net_income_4q": null,
            "revenue": 16912,
            "revenue_4q": null,
            "common_shares": 980496,
            "book_valuer_per_share": 11.81,
            "book_valuer_per_share_4q_avg": 12.01,
            "equity": 1161726,
            "current_ratio": 2734.29,
            "debt_ratio": 8.88,
            "inventory_turnover_ratio": 0.03,
            "account_receivable_turnover_ratio": 0.86,
            "reinvestment_rate": 27.66,
            "research_to_sale_ratio": null,
            "price_fair": 37.45,
            "eps_avg_yearly": 1.07,
            "eps_latest_yearly": 0.2,
            "eps_growth_yearly": 4695.96
        },
        "20163": {
            "year_quarter": 20163,
            "year": 2016,
            "quarter": 3,
            "eps": 0.04,
            "eps_growth_year": -81.82,
            "eps_4q": 0.04,
            "eps_4q_growth_year": -85.77,
            "roe": 0.31,
            "roe_4q": 0.39,
            "gross_profit": 808,
            "gross_margin": 17.65,
            "gross_margin_4q_avg": 12.38,
            "net_income": 3638,
            "net_income_4q": null,
            "revenue": 4577,
            "revenue_4q": null,
            "common_shares": 980496,
            "book_valuer_per_share": 11.81,
            "book_valuer_per_share_4q_avg": 11.92,
            "equity": 1161775,
            "current_ratio": 5814.93,
            "debt_ratio": 7.58,
            "inventory_turnover_ratio": 0.01,
            "account_receivable_turnover_ratio": 0.23,
            "reinvestment_rate": 24.1,
            "research_to_sale_ratio": null,
            "price_fair": 33.91,
            "eps_avg_yearly": 0.97,
            "eps_latest_yearly": 0.16,
            "eps_growth_yearly": 4165.3
        },
        "20164": {
            "year_quarter": 20164,
            "year": 2016,
            "quarter": 4,
            "eps": -0.04,
            "eps_growth_year": null,
            "eps_4q": 0.04,
            "eps_4q_growth_year": -63.43,
            "roe": -0.37,
            "roe_4q": 0.37,
            "gross_profit": 2446,
            "gross_margin": 5.58,
            "gross_margin_4q_avg": 12.12,
            "net_income": -4325,
            "net_income_4q": null,
            "revenue": 43817,
            "revenue_4q": null,
            "common_shares": 980496,
            "book_valuer_per_share": 11.75,
            "book_valuer_per_share_4q_avg": 11.84,
            "equity": 1154865,
            "current_ratio": 7620.33,
            "debt_ratio": 7.26,
            "inventory_turnover_ratio": 0.07,
            "account_receivable_turnover_ratio": 2.1,
            "reinvestment_rate": -34.22,
            "research_to_sale_ratio": null,
            "price_fair": 37.8,
            "eps_avg_yearly": 1.08,
            "eps_latest_yearly": 0.16,
            "eps_growth_yearly": 4715.96
        },
        "20171": {
            "year_quarter": 20171,
            "year": 2017,
            "quarter": 1,
            "eps": -0.04,
            "eps_growth_year": -500,
            "eps_4q": -0,
            "eps_4q_growth_year": -100.5,
            "roe": -0.33,
            "roe_4q": 5.551115123125783e-17,
            "gross_profit": 403,
            "gross_margin": 10.54,
            "gross_margin_4q_avg": 11.27,
            "net_income": -3837,
            "net_income_4q": null,
            "revenue": 3824,
            "revenue_4q": null,
            "common_shares": 980496,
            "book_valuer_per_share": 11.71,
            "book_valuer_per_share_4q_avg": 11.77,
            "equity": 1151253,
            "current_ratio": 8889.58,
            "debt_ratio": 7.05,
            "inventory_turnover_ratio": 0.01,
            "account_receivable_turnover_ratio": 0.19,
            "reinvestment_rate": -145.34,
            "research_to_sale_ratio": null,
            "price_fair": 12,
            "eps_avg_yearly": 0.34,
            "eps_latest_yearly": 0.16,
            "eps_growth_yearly": 989.67
        },
        "20172": {
            "year_quarter": 20172,
            "year": 2017,
            "quarter": 2,
            "eps": 0.04,
            "eps_growth_year": -20,
            "eps_4q": -0.01,
            "eps_4q_growth_year": -103.04,
            "roe": 0.34,
            "roe_4q": -0.04999999999999999,
            "gross_profit": 1592,
            "gross_margin": 7.47,
            "gross_margin_4q_avg": 10.31,
            "net_income": 3949,
            "net_income_4q": null,
            "revenue": 21306,
            "revenue_4q": null,
            "common_shares": 980496,
            "book_valuer_per_share": 11.75,
            "book_valuer_per_share_4q_avg": 11.76,
            "equity": 1155837,
            "current_ratio": 3801.06,
            "debt_ratio": 7.78,
            "inventory_turnover_ratio": 0.04,
            "account_receivable_turnover_ratio": 1.32,
            "reinvestment_rate": -87.1,
            "research_to_sale_ratio": null,
            "price_fair": 13.3,
            "eps_avg_yearly": 0.38,
            "eps_latest_yearly": 0.16,
            "eps_growth_yearly": 1220
        },
        "20173": {
            "year_quarter": 20173,
            "year": 2017,
            "quarter": 3,
            "eps": 0.01,
            "eps_growth_year": -75,
            "eps_4q": -0.03,
            "eps_4q_growth_year": -182.04,
            "roe": 0.07,
            "roe_4q": -0.29,
            "gross_profit": 690,
            "gross_margin": 5.48,
            "gross_margin_4q_avg": 7.27,
            "net_income": 811,
            "net_income_4q": null,
            "revenue": 12593,
            "revenue_4q": null,
            "common_shares": 980496,
            "book_valuer_per_share": 11.78,
            "book_valuer_per_share_4q_avg": 11.75,
            "equity": 1158042,
            "current_ratio": 8730.77,
            "debt_ratio": 3.65,
            "inventory_turnover_ratio": 0.02,
            "account_receivable_turnover_ratio": 0.83,
            "reinvestment_rate": 24.44,
            "research_to_sale_ratio": null,
            "price_fair": 11.67,
            "eps_avg_yearly": 0.33,
            "eps_latest_yearly": 0.04,
            "eps_growth_yearly": 1058.89
        },
        "20174": {
            "year_quarter": 20174,
            "year": 2017,
            "quarter": 4,
            "eps": 0,
            "eps_growth_year": null,
            "eps_4q": 0.01,
            "eps_4q_growth_year": -68.06,
            "roe": 0.05,
            "roe_4q": 0.13,
            "gross_profit": 1348,
            "gross_margin": 4.55,
            "gross_margin_4q_avg": 7.01,
            "net_income": 546,
            "net_income_4q": null,
            "revenue": 29638,
            "revenue_4q": null,
            "common_shares": 980496,
            "book_valuer_per_share": 11.8,
            "book_valuer_per_share_4q_avg": 11.76,
            "equity": 1160048,
            "current_ratio": 1906.03,
            "debt_ratio": 6.12,
            "inventory_turnover_ratio": 0.05,
            "account_receivable_turnover_ratio": 2.29,
            "reinvestment_rate": 23.59,
            "research_to_sale_ratio": null,
            "price_fair": 11.67,
            "eps_avg_yearly": 0.33,
            "eps_latest_yearly": 0.04,
            "eps_growth_yearly": 1058.89
        },
        "20181": {
            "year_quarter": 20181,
            "year": 2018,
            "quarter": 1,
            "eps": -0.03,
            "eps_growth_year": null,
            "eps_4q": 0.02,
            "eps_4q_growth_year": null,
            "roe": -0.27,
            "roe_4q": 0.19,
            "gross_profit": 698,
            "gross_margin": 3.84,
            "gross_margin_4q_avg": 5.34,
            "net_income": -3163,
            "net_income_4q": null,
            "revenue": 18192,
            "revenue_4q": null,
            "common_shares": 980496,
            "book_valuer_per_share": 12.45,
            "book_valuer_per_share_4q_avg": 11.95,
            "equity": 1223870,
            "current_ratio": 15582.2,
            "debt_ratio": 3.07,
            "inventory_turnover_ratio": 0.03,
            "account_receivable_turnover_ratio": 2.79,
            "reinvestment_rate": 91.92,
            "research_to_sale_ratio": null,
            "price_fair": 11.67,
            "eps_avg_yearly": 0.33,
            "eps_latest_yearly": 0.04,
            "eps_growth_yearly": 1058.89
        },
        "20182": {
            "year_quarter": 20182,
            "year": 2018,
            "quarter": 2,
            "eps": 0.02,
            "eps_growth_year": -50,
            "eps_4q": 0,
            "eps_4q_growth_year": null,
            "roe": 0.19,
            "roe_4q": 0.039999999999999994,
            "gross_profit": -178,
            "gross_margin": -1.67,
            "gross_margin_4q_avg": 3.05,
            "net_income": 2276,
            "net_income_4q": null,
            "revenue": 10635,
            "revenue_4q": null,
            "common_shares": 980496,
            "book_valuer_per_share": 12.47,
            "book_valuer_per_share_4q_avg": 12.13,
            "equity": 1226146,
            "current_ratio": 11206.1,
            "debt_ratio": 3,
            "inventory_turnover_ratio": 0.03,
            "account_receivable_turnover_ratio": 2.61,
            "reinvestment_rate": 10.43,
            "research_to_sale_ratio": null,
            "price_fair": 11.67,
            "eps_avg_yearly": 0.33,
            "eps_latest_yearly": 0.04,
            "eps_growth_yearly": 1058.89
        },
        "20183": {
            "year_quarter": 20183,
            "year": 2018,
            "quarter": 3,
            "eps": 0.02,
            "eps_growth_year": 100,
            "eps_4q": 0.02,
            "eps_4q_growth_year": null,
            "roe": 0.19,
            "roe_4q": 0.15999999999999998,
            "gross_profit": 2064,
            "gross_margin": 7.54,
            "gross_margin_4q_avg": 3.57,
            "net_income": 2276,
            "net_income_4q": null,
            "revenue": 27390,
            "revenue_4q": null,
            "common_shares": 980496,
            "book_valuer_per_share": 12.49,
            "book_valuer_per_share_4q_avg": 12.3,
            "equity": 1228422,
            "current_ratio": 2689.64,
            "debt_ratio": 4.01,
            "inventory_turnover_ratio": 0.12,
            "account_receivable_turnover_ratio": 1.5,
            "reinvestment_rate": 11.56,
            "research_to_sale_ratio": null,
            "price_fair": 11.2,
            "eps_avg_yearly": 0.32,
            "eps_latest_yearly": 0.08,
            "eps_growth_yearly": 1036.67
        },
        "20184": {
            "year_quarter": 20184,
            "year": 2018,
            "quarter": 4,
            "eps": 0.11,
            "eps_growth_year": 2376.65,
            "eps_4q": 0.12,
            "eps_4q_growth_year": 812.69,
            "roe": 0.86,
            "roe_4q": 0.97,
            "gross_profit": 3942,
            "gross_margin": 4.81,
            "gross_margin_4q_avg": 3.63,
            "net_income": 10601,
            "net_income_4q": null,
            "revenue": 81973,
            "revenue_4q": null,
            "common_shares": 980496,
            "book_valuer_per_share": 12.6,
            "book_valuer_per_share_4q_avg": 12.5,
            "equity": 1239023,
            "current_ratio": 1573.34,
            "debt_ratio": 4.87,
            "inventory_turnover_ratio": 0.35,
            "account_receivable_turnover_ratio": 2.22,
            "reinvestment_rate": 83.83,
            "research_to_sale_ratio": null,
            "price_fair": 10.5,
            "eps_avg_yearly": 0.3,
            "eps_latest_yearly": 0.44,
            "eps_growth_yearly": 1170
        },
        "20191": {
            "year_quarter": 20191,
            "year": 2019,
            "quarter": 1,
            "eps": 0.16,
            "eps_growth_year": null,
            "eps_4q": 0.32,
            "eps_4q_growth_year": 1470.13,
            "roe": 1.28,
            "roe_4q": 2.52,
            "gross_profit": 1724,
            "gross_margin": 7.75,
            "gross_margin_4q_avg": 4.61,
            "net_income": 16014,
            "net_income_4q": null,
            "revenue": 22241,
            "revenue_4q": null,
            "common_shares": 980496,
            "book_valuer_per_share": 12.76,
            "book_valuer_per_share_4q_avg": 12.58,
            "equity": 1255020,
            "current_ratio": 3025.75,
            "debt_ratio": 3.91,
            "inventory_turnover_ratio": 0.09,
            "account_receivable_turnover_ratio": 0.83,
            "reinvestment_rate": 69.86,
            "research_to_sale_ratio": null,
            "price_fair": 12.2,
            "eps_avg_yearly": 0.35,
            "eps_latest_yearly": 0.64,
            "eps_growth_yearly": 1028.83
        },
        "20192": {
            "year_quarter": 20192,
            "year": 2019,
            "quarter": 2,
            "eps": 0.05,
            "eps_growth_year": 150,
            "eps_4q": 0.35,
            "eps_4q_growth_year": 11618.96,
            "roe": 0.41,
            "roe_4q": 2.7399999999999998,
            "gross_profit": 1579,
            "gross_margin": 4.68,
            "gross_margin_4q_avg": 6.2,
            "net_income": 5114,
            "net_income_4q": null,
            "revenue": 33708,
            "revenue_4q": null,
            "common_shares": 980496,
            "book_valuer_per_share": 12.52,
            "book_valuer_per_share_4q_avg": 12.59,
            "equity": 1230719,
            "current_ratio": 540.67,
            "debt_ratio": 9.31,
            "inventory_turnover_ratio": 0.15,
            "account_receivable_turnover_ratio": 2.41,
            "reinvestment_rate": 36.43,
            "research_to_sale_ratio": null,
            "price_fair": 11.55,
            "eps_avg_yearly": 0.33,
            "eps_latest_yearly": 0.2,
            "eps_growth_yearly": 865.85
        },
        "20193": {
            "year_quarter": 20193,
            "year": 2019,
            "quarter": 3,
            "eps": 0.09,
            "eps_growth_year": 350,
            "eps_4q": 0.42,
            "eps_4q_growth_year": 2227.55,
            "roe": 0.75,
            "roe_4q": 3.3,
            "gross_profit": 3431,
            "gross_margin": 8.1,
            "gross_margin_4q_avg": 6.34,
            "net_income": 9202,
            "net_income_4q": null,
            "revenue": 42379,
            "revenue_4q": null,
            "common_shares": 980496,
            "book_valuer_per_share": 12.61,
            "book_valuer_per_share_4q_avg": 12.62,
            "equity": 1239421,
            "current_ratio": 427.75,
            "debt_ratio": 11.32,
            "inventory_turnover_ratio": 0.17,
            "account_receivable_turnover_ratio": 1.63,
            "reinvestment_rate": 79.8,
            "research_to_sale_ratio": null,
            "price_fair": 9.28,
            "eps_avg_yearly": 0.27,
            "eps_latest_yearly": 0.36,
            "eps_growth_yearly": 405.85
        },
        "20194": {
            "year_quarter": 20194,
            "year": 2019,
            "quarter": 4,
            "eps": 0.02,
            "eps_growth_year": -85.8,
            "eps_4q": 0.32,
            "eps_4q_growth_year": 164.84,
            "roe": 0.13,
            "roe_4q": 2.5700000000000003,
            "gross_profit": 7836,
            "gross_margin": 4.73,
            "gross_margin_4q_avg": 6.32,
            "net_income": 1560,
            "net_income_4q": null,
            "revenue": 165680,
            "revenue_4q": null,
            "common_shares": 980496,
            "book_valuer_per_share": 12.62,
            "book_valuer_per_share_4q_avg": 12.63,
            "equity": 1240980,
            "current_ratio": 580.27,
            "debt_ratio": 10.61,
            "inventory_turnover_ratio": 0.7,
            "account_receivable_turnover_ratio": 3.48,
            "reinvestment_rate": -202.42,
            "research_to_sale_ratio": null,
            "price_fair": 8.56,
            "eps_avg_yearly": 0.24,
            "eps_latest_yearly": 0.08,
            "eps_growth_yearly": 326.19
        },
        "20201": {
            "year_quarter": 20201,
            "year": 2020,
            "quarter": 1,
            "eps": 0.05,
            "eps_growth_year": -68.75,
            "eps_4q": 0.21,
            "eps_4q_growth_year": -32.72,
            "roe": 0.43,
            "roe_4q": 1.72,
            "gross_profit": 5750,
            "gross_margin": 7.07,
            "gross_margin_4q_avg": 6.15,
            "net_income": 5310,
            "net_income_4q": null,
            "revenue": 81299,
            "revenue_4q": null,
            "common_shares": 980496,
            "book_valuer_per_share": 12.68,
            "book_valuer_per_share_4q_avg": 12.61,
            "equity": 1246290,
            "current_ratio": 713.8,
            "debt_ratio": 8.89,
            "inventory_turnover_ratio": 0.32,
            "account_receivable_turnover_ratio": 1.18,
            "reinvestment_rate": -78.72,
            "research_to_sale_ratio": null,
            "price_fair": 8.4,
            "eps_avg_yearly": 0.24,
            "eps_latest_yearly": 0.2,
            "eps_growth_yearly": 353.57
        },
        "20202": {
            "year_quarter": 20202,
            "year": 2020,
            "quarter": 2,
            "eps": 0.17,
            "eps_growth_year": 240,
            "eps_4q": 0.33,
            "eps_4q_growth_year": -3.11,
            "roe": 1.38,
            "roe_4q": 2.69,
            "gross_profit": 4442,
            "gross_margin": 4.08,
            "gross_margin_4q_avg": 6,
            "net_income": 17029,
            "net_income_4q": null,
            "revenue": 108878,
            "revenue_4q": null,
            "common_shares": 980496,
            "book_valuer_per_share": 12.45,
            "book_valuer_per_share_4q_avg": 12.59,
            "equity": 1224099,
            "current_ratio": 612.93,
            "debt_ratio": 9.9,
            "inventory_turnover_ratio": 0.4,
            "account_receivable_turnover_ratio": 1.12,
            "reinvestment_rate": -70.11,
            "research_to_sale_ratio": null,
            "price_fair": 10.08,
            "eps_avg_yearly": 0.29,
            "eps_latest_yearly": 0.68,
            "eps_growth_yearly": 289.57
        },
        "20203": {
            "year_quarter": 20203,
            "year": 2020,
            "quarter": 3,
            "eps": 0.02,
            "eps_growth_year": -77.78,
            "eps_4q": 0.26,
            "eps_4q_growth_year": -37.09,
            "roe": 0.16,
            "roe_4q": 2.0999999999999996,
            "gross_profit": 2542,
            "gross_margin": 3.89,
            "gross_margin_4q_avg": 4.94,
            "net_income": 1966,
            "net_income_4q": null,
            "revenue": 65409,
            "revenue_4q": null,
            "common_shares": 980496,
            "book_valuer_per_share": 12.47,
            "book_valuer_per_share_4q_avg": 12.56,
            "equity": 1226065,
            "current_ratio": 1415.44,
            "debt_ratio": 5.69,
            "inventory_turnover_ratio": 0.23,
            "account_receivable_turnover_ratio": 0.97,
            "reinvestment_rate": -47.88,
            "research_to_sale_ratio": null,
            "price_fair": 9.8,
            "eps_avg_yearly": 0.28,
            "eps_latest_yearly": 0.08,
            "eps_growth_yearly": 262.28
        },
        "20204": {
            "year_quarter": 20204,
            "year": 2020,
            "quarter": 4,
            "eps": 0.08,
            "eps_growth_year": 440.22,
            "eps_4q": 0.33,
            "eps_4q_growth_year": 2.04,
            "roe": 0.66,
            "roe_4q": 2.6300000000000003,
            "gross_profit": 8807,
            "gross_margin": 4.99,
            "gross_margin_4q_avg": 5.01,
            "net_income": 8176,
            "net_income_4q": null,
            "revenue": 176552,
            "revenue_4q": null,
            "common_shares": 980496,
            "book_valuer_per_share": 12.55,
            "book_valuer_per_share_4q_avg": 12.54,
            "equity": 1234255,
            "current_ratio": 555.46,
            "debt_ratio": 9.36,
            "inventory_turnover_ratio": 0.68,
            "account_receivable_turnover_ratio": 4.71,
            "reinvestment_rate": -6.23,
            "research_to_sale_ratio": null,
            "price_fair": 9.93,
            "eps_avg_yearly": 0.28,
            "eps_latest_yearly": 0.32,
            "eps_growth_yearly": 347.52
        },
        "20211": {
            "year_quarter": 20211,
            "year": 2021,
            "quarter": 1,
            "eps": 0.05,
            "eps_growth_year": 0,
            "eps_4q": 0.33,
            "eps_4q_growth_year": 53.43,
            "roe": 0.41,
            "roe_4q": 2.61,
            "gross_profit": 5789,
            "gross_margin": 9.53,
            "gross_margin_4q_avg": 5.62,
            "net_income": 5012,
            "net_income_4q": null,
            "revenue": 60752,
            "revenue_4q": null,
            "common_shares": 980496,
            "book_valuer_per_share": 12.6,
            "book_valuer_per_share_4q_avg": 12.52,
            "equity": 1239267,
            "current_ratio": 1286.32,
            "debt_ratio": 5.41,
            "inventory_turnover_ratio": 0.27,
            "account_receivable_turnover_ratio": 1.59,
            "reinvestment_rate": 2.33,
            "research_to_sale_ratio": null,
            "price_fair": 9.68,
            "eps_avg_yearly": 0.28,
            "eps_latest_yearly": 0.2,
            "eps_growth_yearly": 306.06
        },
        "20212": {
            "year_quarter": 20212,
            "year": 2021,
            "quarter": 2,
            "eps": 0.94,
            "eps_growth_year": 452.94,
            "eps_4q": 1.09,
            "eps_4q_growth_year": 226.59,
            "roe": 7.18,
            "roe_4q": 8.41,
            "gross_profit": 3299,
            "gross_margin": 2.25,
            "gross_margin_4q_avg": 5.17,
            "net_income": 92237,
            "net_income_4q": null,
            "revenue": 146416,
            "revenue_4q": null,
            "common_shares": 980496,
            "book_valuer_per_share": 13.54,
            "book_valuer_per_share_4q_avg": 12.79,
            "equity": 1331320,
            "current_ratio": 1111.54,
            "debt_ratio": 7.31,
            "inventory_turnover_ratio": 0.77,
            "account_receivable_turnover_ratio": 2.14,
            "reinvestment_rate": -128.37,
            "research_to_sale_ratio": null,
            "price_fair": 19.06,
            "eps_avg_yearly": 0.54,
            "eps_latest_yearly": 3.76,
            "eps_growth_yearly": 830.21
        },
        "20213": {
            "year_quarter": 20213,
            "year": 2021,
            "quarter": 3,
            "eps": 0.08,
            "eps_growth_year": 300,
            "eps_4q": 1.16,
            "eps_4q_growth_year": 342.7,
            "roe": 0.63,
            "roe_4q": 8.879999999999999,
            "gross_profit": 3186,
            "gross_margin": 7.05,
            "gross_margin_4q_avg": 5.96,
            "net_income": 8297,
            "net_income_4q": null,
            "revenue": 45173,
            "revenue_4q": null,
            "common_shares": 980496,
            "book_valuer_per_share": 13.33,
            "book_valuer_per_share_4q_avg": 13.01,
            "equity": 1310213,
            "current_ratio": 1614.24,
            "debt_ratio": 5.77,
            "inventory_turnover_ratio": 0.23,
            "account_receivable_turnover_ratio": 0.63,
            "reinvestment_rate": -141.49,
            "research_to_sale_ratio": null,
            "price_fair": 19.82,
            "eps_avg_yearly": 0.57,
            "eps_latest_yearly": 0.32,
            "eps_growth_yearly": 825.14
        },
        "20214": {
            "year_quarter": 20214,
            "year": 2021,
            "quarter": 4,
            "eps": 0.08,
            "eps_growth_year": -7.51,
            "eps_4q": 1.15,
            "eps_4q_growth_year": 249.71,
            "roe": 0.58,
            "roe_4q": 8.8,
            "gross_profit": 6750,
            "gross_margin": 3.93,
            "gross_margin_4q_avg": 5.69,
            "net_income": 7680,
            "net_income_4q": null,
            "revenue": 171879,
            "revenue_4q": null,
            "common_shares": 980496,
            "book_valuer_per_share": 13.41,
            "book_valuer_per_share_4q_avg": 13.22,
            "equity": 1317893,
            "current_ratio": 1504.54,
            "debt_ratio": 5.76,
            "inventory_turnover_ratio": 0.93,
            "account_receivable_turnover_ratio": 4.9,
            "reinvestment_rate": -130.71,
            "research_to_sale_ratio": null,
            "price_fair": 19.2,
            "eps_avg_yearly": 0.55,
            "eps_latest_yearly": 0.32,
            "eps_growth_yearly": 766.2
        },
        "20221": {
            "year_quarter": 20221,
            "year": 2022,
            "quarter": 1,
            "eps": 0.02,
            "eps_growth_year": -60,
            "eps_4q": 1.12,
            "eps_4q_growth_year": 241.02,
            "roe": 0.11,
            "roe_4q": 8.5,
            "gross_profit": 2195,
            "gross_margin": 15,
            "gross_margin_4q_avg": 7.06,
            "net_income": 1486,
            "net_income_4q": null,
            "revenue": 14629,
            "revenue_4q": null,
            "common_shares": 980496,
            "book_valuer_per_share": 13.42,
            "book_valuer_per_share_4q_avg": 13.43,
            "equity": 1319379,
            "current_ratio": 1845.36,
            "debt_ratio": 5.16,
            "inventory_turnover_ratio": 0.07,
            "account_receivable_turnover_ratio": 0.53,
            "reinvestment_rate": -138.74,
            "research_to_sale_ratio": null,
            "price_fair": 18.11,
            "eps_avg_yearly": 0.52,
            "eps_latest_yearly": 0.08,
            "eps_growth_yearly": 695.12
        },
        "20222": {
            "year_quarter": 20222,
            "year": 2022,
            "quarter": 2,
            "eps": -0.46,
            "eps_growth_year": -148.94,
            "eps_4q": -0.28,
            "eps_4q_growth_year": -125.79,
            "roe": -3.54,
            "roe_4q": -2.22,
            "gross_profit": 2766,
            "gross_margin": 7.97,
            "gross_margin_4q_avg": 8.49,
            "net_income": -45060,
            "net_income_4q": null,
            "revenue": 34697,
            "revenue_4q": null,
            "common_shares": 980496,
            "book_valuer_per_share": 12.46,
            "book_valuer_per_share_4q_avg": 13.16,
            "equity": 1225294,
            "current_ratio": 852.96,
            "debt_ratio": 8.41,
            "inventory_turnover_ratio": 0.19,
            "account_receivable_turnover_ratio": 4.37,
            "reinvestment_rate": -181.27,
            "research_to_sale_ratio": null,
            "price_fair": 18.11,
            "eps_avg_yearly": 0.52,
            "eps_latest_yearly": 0.08,
            "eps_growth_yearly": 695.12
        },
        "20223": {
            "year_quarter": 20223,
            "year": 2022,
            "quarter": 3,
            "eps": -0.06,
            "eps_growth_year": -175,
            "eps_4q": -0.43,
            "eps_4q_growth_year": -137.22,
            "roe": -0.52,
            "roe_4q": -3.3700000000000006,
            "gross_profit": 1503,
            "gross_margin": 7.09,
            "gross_margin_4q_avg": 8.5,
            "net_income": -6335,
            "net_income_4q": null,
            "revenue": 21197,
            "revenue_4q": null,
            "common_shares": 980496,
            "book_valuer_per_share": 12.4,
            "book_valuer_per_share_4q_avg": 12.92,
            "equity": 1218976,
            "current_ratio": 2030.27,
            "debt_ratio": 4.94,
            "inventory_turnover_ratio": 0.11,
            "account_receivable_turnover_ratio": 3.58,
            "reinvestment_rate": -194.68,
            "research_to_sale_ratio": null,
            "price_fair": 19.2,
            "eps_avg_yearly": 0.55,
            "eps_latest_yearly": 0.08,
            "eps_growth_yearly": 744.77
        },
        "20224": {
            "year_quarter": 20224,
            "year": 2022,
            "quarter": 4,
            "eps": 0.01,
            "eps_growth_year": -86.94,
            "eps_4q": -0.5,
            "eps_4q_growth_year": -143.23,
            "roe": 0.08,
            "roe_4q": -3.87,
            "gross_profit": 4467,
            "gross_margin": 4.42,
            "gross_margin_4q_avg": 8.62,
            "net_income": 982,
            "net_income_4q": null,
            "revenue": 101069,
            "revenue_4q": null,
            "common_shares": 980496,
            "book_valuer_per_share": 12.41,
            "book_valuer_per_share_4q_avg": 12.67,
            "equity": 1219958,
            "current_ratio": 1122.69,
            "debt_ratio": 7.58,
            "inventory_turnover_ratio": 0.54,
            "account_receivable_turnover_ratio": 15.36,
            "reinvestment_rate": -228.55,
            "research_to_sale_ratio": null,
            "price_fair": 19.49,
            "eps_avg_yearly": 0.56,
            "eps_latest_yearly": 0.08,
            "eps_growth_yearly": 663.6
        },
        "20231": {
            "year_quarter": 20231,
            "year": 2023,
            "quarter": 1,
            "eps": 0.12,
            "eps_growth_year": 500,
            "eps_4q": -0.39,
            "eps_4q_growth_year": -135.2,
            "roe": 0.96,
            "roe_4q": -3.02,
            "gross_profit": 3169,
            "gross_margin": 8.25,
            "gross_margin_4q_avg": 6.93,
            "net_income": 11815,
            "net_income_4q": null,
            "revenue": 38394,
            "revenue_4q": null,
            "common_shares": 980496,
            "book_valuer_per_share": 12.53,
            "book_valuer_per_share_4q_avg": 12.45,
            "equity": 1231773,
            "current_ratio": 1887.6,
            "debt_ratio": 5.5,
            "inventory_turnover_ratio": 0.23,
            "account_receivable_turnover_ratio": 7.32,
            "reinvestment_rate": -245.54,
            "research_to_sale_ratio": null,
            "price_fair": 19.06,
            "eps_avg_yearly": 0.54,
            "eps_latest_yearly": 0.48,
            "eps_growth_yearly": 988.08
        },
        "20232": {
            "year_quarter": 20232,
            "year": 2023,
            "quarter": 2,
            "eps": 0.07,
            "eps_growth_year": null,
            "eps_4q": 0.14,
            "eps_4q_growth_year": null,
            "roe": 0.59,
            "roe_4q": 1.1099999999999999,
            "gross_profit": -12,
            "gross_margin": -0.05,
            "gross_margin_4q_avg": 4.93,
            "net_income": 7286,
            "net_income_4q": null,
            "revenue": 26407,
            "revenue_4q": null,
            "common_shares": 980496,
            "book_valuer_per_share": 12.6,
            "book_valuer_per_share_4q_avg": 12.49,
            "equity": 1239059,
            "current_ratio": 1706.04,
            "debt_ratio": 5.38,
            "inventory_turnover_ratio": 0.17,
            "account_receivable_turnover_ratio": 6.99,
            "reinvestment_rate": -241.27,
            "research_to_sale_ratio": null,
            "price_fair": 19.28,
            "eps_avg_yearly": 0.55,
            "eps_latest_yearly": 0.28,
            "eps_growth_yearly": 996.41
        },
        "20233": {
            "year_quarter": 20233,
            "year": 2023,
            "quarter": 3,
            "eps": 0.01,
            "eps_growth_year": null,
            "eps_4q": 0.21,
            "eps_4q_growth_year": null,
            "roe": 0.07,
            "roe_4q": 1.7,
            "gross_profit": 3657,
            "gross_margin": 9.52,
            "gross_margin_4q_avg": 5.54,
            "net_income": 883,
            "net_income_4q": null,
            "revenue": 38428,
            "revenue_4q": null,
            "common_shares": 980496,
            "book_valuer_per_share": 12.61,
            "book_valuer_per_share_4q_avg": 12.54,
            "equity": 1239942,
            "current_ratio": 887.24,
            "debt_ratio": 8.04,
            "inventory_turnover_ratio": 0.23,
            "account_receivable_turnover_ratio": 1.89,
            "reinvestment_rate": -264.57,
            "research_to_sale_ratio": null,
            "price_fair": 18.42,
            "eps_avg_yearly": 0.53,
            "eps_latest_yearly": 0.04,
            "eps_growth_yearly": 945.42
        },
        "20234": {
            "year_quarter": 20234,
            "year": 2023,
            "quarter": 4,
            "eps": 0.12,
            "eps_growth_year": 1064.83,
            "eps_4q": 0.32,
            "eps_4q_growth_year": null,
            "roe": 0.92,
            "roe_4q": 2.54,
            "gross_profit": 8657,
            "gross_margin": 4.59,
            "gross_margin_4q_avg": 5.58,
            "net_income": 11472,
            "net_income_4q": null,
            "revenue": 188663,
            "revenue_4q": null,
            "common_shares": 980496,
            "book_valuer_per_share": 12.73,
            "book_valuer_per_share_4q_avg": 12.62,
            "equity": 1251414,
            "current_ratio": 761.17,
            "debt_ratio": 8.56,
            "inventory_turnover_ratio": 1.55,
            "account_receivable_turnover_ratio": 3.49,
            "reinvestment_rate": -135.17,
            "research_to_sale_ratio": null,
            "price_fair": 19.49,
            "eps_avg_yearly": 0.56,
            "eps_latest_yearly": 0.48,
            "eps_growth_yearly": 1307.81
        }
    },
    "months": {
        "2001-06": {
            "month": "2001-06",
            "price": "4.08",
            "revenue": 55396
        },
        "2001-07": {
            "month": "2001-07",
            "price": "3.01",
            "revenue": 45275
        },
        "2001-08": {
            "month": "2001-08",
            "price": "3.40",
            "revenue": 29346
        },
        "2001-09": {
            "month": "2001-09",
            "price": "3.27",
            "revenue": 30141
        },
        "2001-10": {
            "month": "2001-10",
            "price": "2.65",
            "revenue": 34430
        },
        "2001-11": {
            "month": "2001-11",
            "price": "2.58",
            "revenue": 38522
        },
        "2001-12": {
            "month": "2001-12",
            "price": "3.83",
            "revenue": 125055
        },
        "2002-01": {
            "month": "2002-01",
            "price": "5.17",
            "revenue": 26743
        },
        "2002-02": {
            "month": "2002-02",
            "price": "4.58",
            "revenue": 21562
        },
        "2002-03": {
            "month": "2002-03",
            "price": "4.92",
            "revenue": 28540
        },
        "2002-04": {
            "month": "2002-04",
            "price": "6.28",
            "revenue": 10502
        },
        "2002-05": {
            "month": "2002-05",
            "price": "5.16",
            "revenue": 18234
        },
        "2002-06": {
            "month": "2002-06",
            "price": "4.83",
            "revenue": 29642
        },
        "2002-07": {
            "month": "2002-07",
            "price": "4.00",
            "revenue": 23583
        },
        "2002-08": {
            "month": "2002-08",
            "price": "3.31",
            "revenue": 11045
        },
        "2002-09": {
            "month": "2002-09",
            "price": "2.70",
            "revenue": 1951
        },
        "2002-10": {
            "month": "2002-10",
            "price": "2.47",
            "revenue": 2451
        },
        "2002-11": {
            "month": "2002-11",
            "price": "3.85",
            "revenue": 4428
        },
        "2002-12": {
            "month": "2002-12",
            "price": "3.58",
            "revenue": 2174
        },
        "2003-01": {
            "month": "2003-01",
            "price": "4.65",
            "revenue": 2902
        },
        "2003-02": {
            "month": "2003-02",
            "price": "4.65",
            "revenue": 1766
        },
        "2003-03": {
            "month": "2003-03",
            "price": "4.17",
            "revenue": 1335
        },
        "2003-04": {
            "month": "2003-04",
            "price": "3.90",
            "revenue": 1724
        },
        "2003-05": {
            "month": "2003-05",
            "price": "3.01",
            "revenue": 1842
        },
        "2003-06": {
            "month": "2003-06",
            "price": "3.67",
            "revenue": 398
        },
        "2003-07": {
            "month": "2003-07",
            "price": "3.89",
            "revenue": 1968
        },
        "2003-08": {
            "month": "2003-08",
            "price": "3.66",
            "revenue": 1354
        },
        "2003-09": {
            "month": "2003-09",
            "price": "3.58",
            "revenue": 319
        },
        "2003-10": {
            "month": "2003-10",
            "price": "4.82",
            "revenue": 17350
        },
        "2003-11": {
            "month": "2003-11",
            "price": "4.86",
            "revenue": 11232
        },
        "2003-12": {
            "month": "2003-12",
            "price": "4.65",
            "revenue": 19074
        },
        "2004-01": {
            "month": "2004-01",
            "price": "5.78",
            "revenue": 14179
        },
        "2004-02": {
            "month": "2004-02",
            "price": "10.84",
            "revenue": 20982
        },
        "2004-03": {
            "month": "2004-03",
            "price": "9.56",
            "revenue": 18193
        },
        "2004-04": {
            "month": "2004-04",
            "price": "8.58",
            "revenue": 19188
        },
        "2004-05": {
            "month": "2004-05",
            "price": "7.27",
            "revenue": 2903
        },
        "2004-06": {
            "month": "2004-06",
            "price": "6.78",
            "revenue": 17773
        },
        "2004-07": {
            "month": "2004-07",
            "price": "5.75",
            "revenue": 48801
        },
        "2004-08": {
            "month": "2004-08",
            "price": "4.92",
            "revenue": 20008
        },
        "2004-09": {
            "month": "2004-09",
            "price": "5.42",
            "revenue": 551
        },
        "2004-10": {
            "month": "2004-10",
            "price": "5.41",
            "revenue": 19352
        },
        "2004-11": {
            "month": "2004-11",
            "price": "5.21",
            "revenue": 5445
        },
        "2004-12": {
            "month": "2004-12",
            "price": "5.33",
            "revenue": 798
        },
        "2005-01": {
            "month": "2005-01",
            "price": "6.94",
            "revenue": 608
        },
        "2005-02": {
            "month": "2005-02",
            "price": "6.42",
            "revenue": 795
        },
        "2005-03": {
            "month": "2005-03",
            "price": "6.25",
            "revenue": 930
        },
        "2005-04": {
            "month": "2005-04",
            "price": "4.97",
            "revenue": 834
        },
        "2005-05": {
            "month": "2005-05",
            "price": "4.76",
            "revenue": 9072
        },
        "2005-06": {
            "month": "2005-06",
            "price": "5.53",
            "revenue": 23929
        },
        "2005-07": {
            "month": "2005-07",
            "price": "5.43",
            "revenue": 906
        },
        "2005-08": {
            "month": "2005-08",
            "price": "4.95",
            "revenue": 770
        },
        "2005-09": {
            "month": "2005-09",
            "price": "4.52",
            "revenue": 632
        },
        "2005-10": {
            "month": "2005-10",
            "price": "4.16",
            "revenue": 512
        },
        "2005-11": {
            "month": "2005-11",
            "price": "4.19",
            "revenue": 1142
        },
        "2005-12": {
            "month": "2005-12",
            "price": "4.40",
            "revenue": 21198
        },
        "2006-01": {
            "month": "2006-01",
            "price": "6.18",
            "revenue": 1300
        },
        "2006-02": {
            "month": "2006-02",
            "price": "5.81",
            "revenue": 2669
        },
        "2006-03": {
            "month": "2006-03",
            "price": "4.85",
            "revenue": 5734
        },
        "2006-04": {
            "month": "2006-04",
            "price": "5.41",
            "revenue": 3455
        },
        "2006-05": {
            "month": "2006-05",
            "price": "7.05",
            "revenue": 6883
        },
        "2006-06": {
            "month": "2006-06",
            "price": "6.09",
            "revenue": 2129
        },
        "2006-07": {
            "month": "2006-07",
            "price": "5.72",
            "revenue": 8048
        },
        "2006-08": {
            "month": "2006-08",
            "price": "5.30",
            "revenue": 2634
        },
        "2006-09": {
            "month": "2006-09",
            "price": "5.00",
            "revenue": 1507
        },
        "2006-10": {
            "month": "2006-10",
            "price": "6.07",
            "revenue": 2741
        },
        "2006-11": {
            "month": "2006-11",
            "price": "7.12",
            "revenue": 732
        },
        "2006-12": {
            "month": "2006-12",
            "price": "7.92",
            "revenue": 4280
        },
        "2007-01": {
            "month": "2007-01",
            "price": "7.17",
            "revenue": 2390
        },
        "2007-02": {
            "month": "2007-02",
            "price": "6.69",
            "revenue": 4385
        },
        "2007-03": {
            "month": "2007-03",
            "price": "6.74",
            "revenue": 2000
        },
        "2007-04": {
            "month": "2007-04",
            "price": "7.46",
            "revenue": 28586
        },
        "2007-05": {
            "month": "2007-05",
            "price": "7.78",
            "revenue": 3166
        },
        "2007-06": {
            "month": "2007-06",
            "price": "9.67",
            "revenue": 3708
        },
        "2007-07": {
            "month": "2007-07",
            "price": "16.38",
            "revenue": 642
        },
        "2007-08": {
            "month": "2007-08",
            "price": "13.89",
            "revenue": 628
        },
        "2007-09": {
            "month": "2007-09",
            "price": "13.56",
            "revenue": 3231
        },
        "2007-10": {
            "month": "2007-10",
            "price": "11.26",
            "revenue": 7671
        },
        "2007-11": {
            "month": "2007-11",
            "price": "8.43",
            "revenue": 646
        },
        "2007-12": {
            "month": "2007-12",
            "price": "8.11",
            "revenue": 176680
        },
        "2008-01": {
            "month": "2008-01",
            "price": "8.75",
            "revenue": 1338
        },
        "2008-02": {
            "month": "2008-02",
            "price": "11.08",
            "revenue": 1238
        },
        "2008-03": {
            "month": "2008-03",
            "price": "16.15",
            "revenue": 8344
        },
        "2008-04": {
            "month": "2008-04",
            "price": "15.77",
            "revenue": 1698
        },
        "2008-05": {
            "month": "2008-05",
            "price": "14.51",
            "revenue": 929
        },
        "2008-06": {
            "month": "2008-06",
            "price": "11.78",
            "revenue": 4171
        },
        "2008-07": {
            "month": "2008-07",
            "price": "10.68",
            "revenue": 2184
        },
        "2008-08": {
            "month": "2008-08",
            "price": "9.13",
            "revenue": 1403
        },
        "2008-09": {
            "month": "2008-09",
            "price": "7.14",
            "revenue": 780
        },
        "2008-10": {
            "month": "2008-10",
            "price": "5.75",
            "revenue": 529
        },
        "2008-11": {
            "month": "2008-11",
            "price": "5.85",
            "revenue": 1103
        },
        "2008-12": {
            "month": "2008-12",
            "price": "6.07",
            "revenue": 952
        },
        "2009-01": {
            "month": "2009-01",
            "price": "5.82",
            "revenue": 488
        },
        "2009-02": {
            "month": "2009-02",
            "price": "5.32",
            "revenue": 1779
        },
        "2009-03": {
            "month": "2009-03",
            "price": "6.17",
            "revenue": 503
        },
        "2009-04": {
            "month": "2009-04",
            "price": "8.18",
            "revenue": 526
        },
        "2009-05": {
            "month": "2009-05",
            "price": "8.54",
            "revenue": 468
        },
        "2009-06": {
            "month": "2009-06",
            "price": "11.36",
            "revenue": 6541
        },
        "2009-07": {
            "month": "2009-07",
            "price": "12.37",
            "revenue": 775
        },
        "2009-08": {
            "month": "2009-08",
            "price": "11.92",
            "revenue": 885
        },
        "2009-09": {
            "month": "2009-09",
            "price": "13.29",
            "revenue": 2552
        },
        "2009-10": {
            "month": "2009-10",
            "price": "13.04",
            "revenue": 811
        },
        "2009-11": {
            "month": "2009-11",
            "price": "12.05",
            "revenue": 1156
        },
        "2009-12": {
            "month": "2009-12",
            "price": "12.06",
            "revenue": 783
        },
        "2010-01": {
            "month": "2010-01",
            "price": "12.52",
            "revenue": 492895
        },
        "2010-02": {
            "month": "2010-02",
            "price": "10.99",
            "revenue": 411
        },
        "2010-03": {
            "month": "2010-03",
            "price": "11.97",
            "revenue": 233
        },
        "2010-04": {
            "month": "2010-04",
            "price": "12.34",
            "revenue": 8440
        },
        "2010-05": {
            "month": "2010-05",
            "price": "12.47",
            "revenue": 944
        },
        "2010-06": {
            "month": "2010-06",
            "price": "12.13",
            "revenue": 474
        },
        "2010-07": {
            "month": "2010-07",
            "price": "12.50",
            "revenue": 229
        },
        "2010-08": {
            "month": "2010-08",
            "price": "12.75",
            "revenue": 239
        },
        "2010-09": {
            "month": "2010-09",
            "price": "12.45",
            "revenue": 5492
        },
        "2010-10": {
            "month": "2010-10",
            "price": "12.56",
            "revenue": 8166
        },
        "2010-11": {
            "month": "2010-11",
            "price": "12.58",
            "revenue": 12559
        },
        "2010-12": {
            "month": "2010-12",
            "price": "12.99",
            "revenue": 5487
        },
        "2011-01": {
            "month": "2011-01",
            "price": "15.43",
            "revenue": 18431
        },
        "2011-02": {
            "month": "2011-02",
            "price": "13.96",
            "revenue": 18686
        },
        "2011-03": {
            "month": "2011-03",
            "price": "12.60",
            "revenue": 11014
        },
        "2011-04": {
            "month": "2011-04",
            "price": "12.91",
            "revenue": 14793
        },
        "2011-05": {
            "month": "2011-05",
            "price": "14.05",
            "revenue": 13987
        },
        "2011-06": {
            "month": "2011-06",
            "price": "14.38",
            "revenue": 12723
        },
        "2011-07": {
            "month": "2011-07",
            "price": "13.64",
            "revenue": 3956
        },
        "2011-08": {
            "month": "2011-08",
            "price": "11.79",
            "revenue": 16534
        },
        "2011-09": {
            "month": "2011-09",
            "price": "10.55",
            "revenue": 6204
        },
        "2011-10": {
            "month": "2011-10",
            "price": "10.59",
            "revenue": 24086
        },
        "2011-11": {
            "month": "2011-11",
            "price": "10.70",
            "revenue": 5812
        },
        "2011-12": {
            "month": "2011-12",
            "price": "9.89",
            "revenue": 17862
        },
        "2012-01": {
            "month": "2012-01",
            "price": "9.46",
            "revenue": 29306
        },
        "2012-02": {
            "month": "2012-02",
            "price": "10.68",
            "revenue": 10259
        },
        "2012-03": {
            "month": "2012-03",
            "price": "11.44",
            "revenue": 17065
        },
        "2012-04": {
            "month": "2012-04",
            "price": "10.41",
            "revenue": 9862
        },
        "2012-05": {
            "month": "2012-05",
            "price": "9.79",
            "revenue": 5590
        },
        "2012-06": {
            "month": "2012-06",
            "price": "9.00",
            "revenue": 2166
        },
        "2012-07": {
            "month": "2012-07",
            "price": "8.82",
            "revenue": 3785
        },
        "2012-08": {
            "month": "2012-08",
            "price": "9.42",
            "revenue": 31075
        },
        "2012-09": {
            "month": "2012-09",
            "price": "10.29",
            "revenue": 1724
        },
        "2012-10": {
            "month": "2012-10",
            "price": "9.78",
            "revenue": 3778
        },
        "2012-11": {
            "month": "2012-11",
            "price": "9.09",
            "revenue": 8661
        },
        "2012-12": {
            "month": "2012-12",
            "price": "9.31",
            "revenue": 16006
        },
        "2013-01": {
            "month": "2013-01",
            "price": "10.13",
            "revenue": 5239
        },
        "2013-02": {
            "month": "2013-02",
            "price": "10.21",
            "revenue": 9933
        },
        "2013-03": {
            "month": "2013-03",
            "price": "10.06",
            "revenue": 23193
        },
        "2013-04": {
            "month": "2013-04",
            "price": "11.30",
            "revenue": 53231
        },
        "2013-05": {
            "month": "2013-05",
            "price": "16.46",
            "revenue": 2756
        },
        "2013-06": {
            "month": "2013-06",
            "price": "18.17",
            "revenue": 25524
        },
        "2013-07": {
            "month": "2013-07",
            "price": "18.16",
            "revenue": 1341
        },
        "2013-08": {
            "month": "2013-08",
            "price": "17.47",
            "revenue": 923
        },
        "2013-09": {
            "month": "2013-09",
            "price": "17.01",
            "revenue": 600
        },
        "2013-10": {
            "month": "2013-10",
            "price": "18.08",
            "revenue": 1178
        },
        "2013-11": {
            "month": "2013-11",
            "price": "17.35",
            "revenue": 3248
        },
        "2013-12": {
            "month": "2013-12",
            "price": "17.48",
            "revenue": 38995
        },
        "2014-01": {
            "month": "2014-01",
            "price": "17.42",
            "revenue": 1262
        },
        "2014-02": {
            "month": "2014-02",
            "price": "17.19",
            "revenue": 1448
        },
        "2014-03": {
            "month": "2014-03",
            "price": "17.39",
            "revenue": 4841
        },
        "2014-04": {
            "month": "2014-04",
            "price": "17.03",
            "revenue": 7529
        },
        "2014-05": {
            "month": "2014-05",
            "price": "15.83",
            "revenue": 7703
        },
        "2014-06": {
            "month": "2014-06",
            "price": "15.51",
            "revenue": 9001
        },
        "2014-07": {
            "month": "2014-07",
            "price": "15.35",
            "revenue": 9313
        },
        "2014-08": {
            "month": "2014-08",
            "price": "15.26",
            "revenue": 6425
        },
        "2014-09": {
            "month": "2014-09",
            "price": "15.48",
            "revenue": 41178
        },
        "2014-10": {
            "month": "2014-10",
            "price": "15.11",
            "revenue": 18568
        },
        "2014-11": {
            "month": "2014-11",
            "price": "14.90",
            "revenue": 8197
        },
        "2014-12": {
            "month": "2014-12",
            "price": "16.40",
            "revenue": 37289
        },
        "2015-01": {
            "month": "2015-01",
            "price": "16.48",
            "revenue": 12981
        },
        "2015-02": {
            "month": "2015-02",
            "price": "16.07",
            "revenue": 8435
        },
        "2015-03": {
            "month": "2015-03",
            "price": "18.27",
            "revenue": 6453
        },
        "2015-04": {
            "month": "2015-04",
            "price": "17.44",
            "revenue": 7634
        },
        "2015-05": {
            "month": "2015-05",
            "price": "16.09",
            "revenue": 9581
        },
        "2015-06": {
            "month": "2015-06",
            "price": "14.17",
            "revenue": 11519
        },
        "2015-07": {
            "month": "2015-07",
            "price": "13.54",
            "revenue": 6319
        },
        "2015-08": {
            "month": "2015-08",
            "price": "10.66",
            "revenue": 7639
        },
        "2015-09": {
            "month": "2015-09",
            "price": "10.52",
            "revenue": 3747
        },
        "2015-10": {
            "month": "2015-10",
            "price": "11.17",
            "revenue": 16256
        },
        "2015-11": {
            "month": "2015-11",
            "price": "10.43",
            "revenue": 2007
        },
        "2015-12": {
            "month": "2015-12",
            "price": "10.06",
            "revenue": 11390
        },
        "2016-01": {
            "month": "2016-01",
            "price": "9.34",
            "revenue": 7980
        },
        "2016-02": {
            "month": "2016-02",
            "price": "9.28",
            "revenue": 2120
        },
        "2016-03": {
            "month": "2016-03",
            "price": "10.19",
            "revenue": 7133
        },
        "2016-04": {
            "month": "2016-04",
            "price": "10.25",
            "revenue": 2950
        },
        "2016-05": {
            "month": "2016-05",
            "price": "9.50",
            "revenue": 7785
        },
        "2016-06": {
            "month": "2016-06",
            "price": "9.44",
            "revenue": 6177
        },
        "2016-07": {
            "month": "2016-07",
            "price": "9.42",
            "revenue": 1572
        },
        "2016-08": {
            "month": "2016-08",
            "price": "9.63",
            "revenue": 1648
        },
        "2016-09": {
            "month": "2016-09",
            "price": "9.52",
            "revenue": 1357
        },
        "2016-10": {
            "month": "2016-10",
            "price": "9.15",
            "revenue": 28182
        },
        "2016-11": {
            "month": "2016-11",
            "price": "8.88",
            "revenue": 7436
        },
        "2016-12": {
            "month": "2016-12",
            "price": "9.55",
            "revenue": 8199
        },
        "2017-01": {
            "month": "2017-01",
            "price": "9.73",
            "revenue": 1267
        },
        "2017-02": {
            "month": "2017-02",
            "price": "11.48",
            "revenue": 1338
        },
        "2017-03": {
            "month": "2017-03",
            "price": "10.86",
            "revenue": 1218
        },
        "2017-04": {
            "month": "2017-04",
            "price": "10.01",
            "revenue": 1116
        },
        "2017-05": {
            "month": "2017-05",
            "price": "9.64",
            "revenue": 19268
        },
        "2017-06": {
            "month": "2017-06",
            "price": "9.91",
            "revenue": 924
        },
        "2017-07": {
            "month": "2017-07",
            "price": "9.94",
            "revenue": 3098
        },
        "2017-08": {
            "month": "2017-08",
            "price": "9.71",
            "revenue": 5296
        },
        "2017-09": {
            "month": "2017-09",
            "price": "10.38",
            "revenue": 4198
        },
        "2017-10": {
            "month": "2017-10",
            "price": "10.20",
            "revenue": 22420
        },
        "2017-11": {
            "month": "2017-11",
            "price": "10.10",
            "revenue": 5025
        },
        "2017-12": {
            "month": "2017-12",
            "price": "10.09",
            "revenue": 2193
        },
        "2018-01": {
            "month": "2018-01",
            "price": "10.45",
            "revenue": 14865
        },
        "2018-02": {
            "month": "2018-02",
            "price": "9.87",
            "revenue": 617
        },
        "2018-03": {
            "month": "2018-03",
            "price": "9.91",
            "revenue": 2710
        },
        "2018-04": {
            "month": "2018-04",
            "price": "9.83",
            "revenue": 1629
        },
        "2018-05": {
            "month": "2018-05",
            "price": "9.75",
            "revenue": 8665
        },
        "2018-06": {
            "month": "2018-06",
            "price": "9.74",
            "revenue": 341
        },
        "2018-07": {
            "month": "2018-07",
            "price": "9.62",
            "revenue": 23055
        },
        "2018-08": {
            "month": "2018-08",
            "price": "9.67",
            "revenue": 1097
        },
        "2018-09": {
            "month": "2018-09",
            "price": "9.50",
            "revenue": 3238
        },
        "2018-10": {
            "month": "2018-10",
            "price": "9.16",
            "revenue": 13194
        },
        "2018-11": {
            "month": "2018-11",
            "price": "8.86",
            "revenue": 43785
        },
        "2018-12": {
            "month": "2018-12",
            "price": "9.22",
            "revenue": 34699
        },
        "2019-01": {
            "month": "2019-01",
            "price": "9.37",
            "revenue": 14428
        },
        "2019-02": {
            "month": "2019-02",
            "price": "9.30",
            "revenue": 1019
        },
        "2019-03": {
            "month": "2019-03",
            "price": "9.42",
            "revenue": 6793
        },
        "2019-04": {
            "month": "2019-04",
            "price": "9.57",
            "revenue": 19883
        },
        "2019-05": {
            "month": "2019-05",
            "price": "9.77",
            "revenue": 8099
        },
        "2019-06": {
            "month": "2019-06",
            "price": "10.00",
            "revenue": 5727
        },
        "2019-07": {
            "month": "2019-07",
            "price": "9.69",
            "revenue": 4093
        },
        "2019-08": {
            "month": "2019-08",
            "price": "9.29",
            "revenue": 36874
        },
        "2019-09": {
            "month": "2019-09",
            "price": "9.40",
            "revenue": 1412
        },
        "2019-10": {
            "month": "2019-10",
            "price": "9.75",
            "revenue": 67455
        },
        "2019-11": {
            "month": "2019-11",
            "price": "10.11",
            "revenue": 22932
        },
        "2019-12": {
            "month": "2019-12",
            "price": "10.34",
            "revenue": 75292
        },
        "2020-01": {
            "month": "2020-01",
            "price": "10.26",
            "revenue": 1411
        },
        "2020-02": {
            "month": "2020-02",
            "price": "9.53",
            "revenue": 15110
        },
        "2020-03": {
            "month": "2020-03",
            "price": "8.06",
            "revenue": 64778
        },
        "2020-04": {
            "month": "2020-04",
            "price": "8.38",
            "revenue": 52406
        },
        "2020-05": {
            "month": "2020-05",
            "price": "8.82",
            "revenue": 15229
        },
        "2020-06": {
            "month": "2020-06",
            "price": "9.70",
            "revenue": 41243
        },
        "2020-07": {
            "month": "2020-07",
            "price": "10.47",
            "revenue": 2347
        },
        "2020-08": {
            "month": "2020-08",
            "price": "10.01",
            "revenue": 22246
        },
        "2020-09": {
            "month": "2020-09",
            "price": "10.03",
            "revenue": 40816
        },
        "2020-10": {
            "month": "2020-10",
            "price": "9.81",
            "revenue": 26733
        },
        "2020-11": {
            "month": "2020-11",
            "price": "9.84",
            "revenue": 45637
        },
        "2020-12": {
            "month": "2020-12",
            "price": "10.75",
            "revenue": 104182
        },
        "2021-01": {
            "month": "2021-01",
            "price": "10.89",
            "revenue": 15034
        },
        "2021-02": {
            "month": "2021-02",
            "price": "11.12",
            "revenue": 24568
        },
        "2021-03": {
            "month": "2021-03",
            "price": "11.40",
            "revenue": 21150
        },
        "2021-04": {
            "month": "2021-04",
            "price": "12.80",
            "revenue": 14413
        },
        "2021-05": {
            "month": "2021-05",
            "price": "12.96",
            "revenue": 110739
        },
        "2021-06": {
            "month": "2021-06",
            "price": "13.70",
            "revenue": 21264
        },
        "2021-07": {
            "month": "2021-07",
            "price": "12.96",
            "revenue": 12894
        },
        "2021-08": {
            "month": "2021-08",
            "price": "12.61",
            "revenue": 31927
        },
        "2021-09": {
            "month": "2021-09",
            "price": "13.09",
            "revenue": 352
        },
        "2021-10": {
            "month": "2021-10",
            "price": "13.25",
            "revenue": 5780
        },
        "2021-11": {
            "month": "2021-11",
            "price": "13.25",
            "revenue": 98581
        },
        "2021-12": {
            "month": "2021-12",
            "price": "13.26",
            "revenue": 67518
        },
        "2022-01": {
            "month": "2022-01",
            "price": "13.20",
            "revenue": 373
        },
        "2022-02": {
            "month": "2022-02",
            "price": "12.76",
            "revenue": 368
        },
        "2022-03": {
            "month": "2022-03",
            "price": "12.30",
            "revenue": 13888
        },
        "2022-04": {
            "month": "2022-04",
            "price": "12.15",
            "revenue": 9578
        },
        "2022-05": {
            "month": "2022-05",
            "price": "11.48",
            "revenue": 7071
        },
        "2022-06": {
            "month": "2022-06",
            "price": "11.59",
            "revenue": 18048
        },
        "2022-07": {
            "month": "2022-07",
            "price": "10.67",
            "revenue": 18647
        },
        "2022-08": {
            "month": "2022-08",
            "price": "10.71",
            "revenue": 2182
        },
        "2022-09": {
            "month": "2022-09",
            "price": "10.63",
            "revenue": 368
        },
        "2022-10": {
            "month": "2022-10",
            "price": "10.22",
            "revenue": 23205
        },
        "2022-11": {
            "month": "2022-11",
            "price": "11.19",
            "revenue": 48439
        },
        "2022-12": {
            "month": "2022-12",
            "price": "12.77",
            "revenue": 29425
        },
        "2023-01": {
            "month": "2023-01",
            "price": "12.64",
            "revenue": 20841
        },
        "2023-02": {
            "month": "2023-02",
            "price": "13.00",
            "revenue": 13074
        },
        "2023-03": {
            "month": "2023-03",
            "price": "12.84",
            "revenue": 4480
        },
        "2023-04": {
            "month": "2023-04",
            "price": "12.66",
            "revenue": 14496
        },
        "2023-05": {
            "month": "2023-05",
            "price": "12.32",
            "revenue": 11326
        },
        "2023-06": {
            "month": "2023-06",
            "price": "12.74",
            "revenue": 584
        },
        "2023-07": {
            "month": "2023-07",
            "price": "12.29",
            "revenue": 1155
        },
        "2023-08": {
            "month": "2023-08",
            "price": "11.87",
            "revenue": 1091
        },
        "2023-09": {
            "month": "2023-09",
            "price": "11.66",
            "revenue": 36696
        },
        "2023-10": {
            "month": "2023-10",
            "price": "11.89",
            "revenue": 19410
        },
        "2023-11": {
            "month": "2023-11",
            "price": "12.26",
            "revenue": 43010
        },
        "2023-12": {
            "month": "2023-12",
            "price": "12.69",
            "revenue": 125730
        }
    }
}
