{
    "summary": {
        "stock_name": "寶成",
        "stock_id": "9904",
        "category": "其他",
        "main_business": "各種運動鞋.皮鞋.塑膠鞋.橡膠鞋.布鞋.塑膠發泡板等<br>棉.人造棉.人造纖維.合成纖維及混紡等針織之製造及銷售",
        "website_url": "http://www.pouchen.com",
        "ceo": "盧金柱",
        "pe_ratio": 11,
        "report_year_from": 2001,
        "report_year_to": 2023,
        "age": 22,
        "eps_negative_percentage": 0,
        "eps_growth_avg": {
            "last_all": 6.92,
            "last_2y": 9.45,
            "last_4y": 4.38,
            "last_8y": 5.45,
            "last_12y": 8.27,
            "last_16y": 8.2,
            "last_20y": 6.92,
            "at_2006_last_3y": 2.87,
            "at_2007_last_3y": -11.37,
            "at_2008_last_3y": -1.93,
            "at_2009_last_3y": 7.96,
            "at_2010_last_3y": 3.19,
            "at_2011_last_3y": 2.31,
            "at_2012_last_3y": 21.22,
            "at_2013_last_3y": 14.6,
            "at_2014_last_3y": 7.49,
            "at_2015_last_3y": 17.03,
            "at_2016_last_3y": 8.16,
            "at_2017_last_3y": 6.8,
            "at_2018_last_3y": 7.34,
            "at_2019_last_3y": 7.39,
            "at_2020_last_3y": -16.7,
            "at_2021_last_3y": 8.59,
            "at_2022_last_3y": 9.7,
            "at_2023_last_3y": 9.7,
            "at_2006_last_all": 6.89,
            "at_2007_last_all": 1.67,
            "at_2008_last_all": 1.01,
            "at_2009_last_all": 4.73,
            "at_2010_last_all": 5.25,
            "at_2011_last_all": 1.93,
            "at_2012_last_all": 8.36,
            "at_2013_last_all": 8.02,
            "at_2014_last_all": 5.94,
            "at_2015_last_all": 6.24,
            "at_2016_last_all": 8.3,
            "at_2017_last_all": 7.71,
            "at_2018_last_all": 6.27,
            "at_2019_last_all": 6.5,
            "at_2020_last_all": 3.04,
            "at_2021_last_all": 7.89,
            "at_2022_last_all": 6.92,
            "at_2023_last_all": 6.92
        },
        "latest_eps": 3.05,
        "latest_price": 32.15,
        "latest_roe": 6.97,
        "latest_gross_margin": 23.99,
        "latest_equity": 187435736,
        "latest_revenue": 64366793,
        "latest_gross_profit": 15438738,
        "latest_net_income": 2184983,
        "latest_debt_ratio": 42.45,
        "latest_current_ratio": 196.52,
        "latest_account_receivable_turnover_ratio": 2.31,
        "latest_inventory_turnover_ratio": 0.93,
        "latest_reinvestment_rate": -17.26,
        "latest_research_to_sale_ratio": 1.98
    },
    "eps_dividends": {
        "1990": {
            "cash": 0,
            "stock": 2,
            "eps": 0
        },
        "1991": {
            "cash": 1,
            "stock": 2,
            "eps": 0
        },
        "1993": {
            "cash": 0,
            "stock": 2,
            "eps": 0
        },
        "1994": {
            "cash": 0,
            "stock": 1.5,
            "eps": 0
        },
        "1995": {
            "cash": 0,
            "stock": 2,
            "eps": 0
        },
        "1996": {
            "cash": 0,
            "stock": 2,
            "eps": 0
        },
        "1997": {
            "cash": 0,
            "stock": 3.5,
            "eps": 0
        },
        "1998": {
            "cash": 0,
            "stock": 5,
            "eps": 0
        },
        "1999": {
            "cash": 0,
            "stock": 4,
            "eps": 0
        },
        "2000": {
            "cash": 0,
            "stock": 4,
            "eps": 0
        },
        "2001": {
            "cash": 0,
            "stock": 1,
            "eps": 2.35
        },
        "2002": {
            "cash": 0,
            "stock": 2,
            "eps": 2.89
        },
        "2003": {
            "cash": 0.5,
            "stock": 1.5,
            "eps": 3.83
        },
        "2004": {
            "cash": 1.02,
            "stock": 1.02,
            "eps": 2.27
        },
        "2005": {
            "cash": 1,
            "stock": 1,
            "eps": 2.07
        },
        "2006": {
            "cash": 1.5,
            "stock": 0.5,
            "eps": 2.66
        },
        "2007": {
            "cash": 1.79,
            "stock": 0.2,
            "eps": 2.01
        },
        "2008": {
            "cash": 1,
            "stock": 1,
            "eps": 1.95
        },
        "2009": {
            "cash": 0.5,
            "stock": 0.5,
            "eps": 2.55
        },
        "2010": {
            "cash": 1.5,
            "stock": 0.2,
            "eps": 2.79
        },
        "2011": {
            "cash": 2.5,
            "stock": 0,
            "eps": 2.01
        },
        "2012": {
            "cash": 0,
            "stock": 0,
            "eps": 3.47
        },
        "2013": {
            "cash": 1.5,
            "stock": 0,
            "eps": 3.62
        },
        "2014": {
            "cash": 1,
            "stock": 0,
            "eps": 2.93
        },
        "2015": {
            "cash": 1.5,
            "stock": 0,
            "eps": 3.23
        },
        "2016": {
            "cash": 1.5,
            "stock": 0,
            "eps": 4.43
        },
        "2017": {
            "cash": 1.5,
            "stock": 0,
            "eps": 4.38
        },
        "2018": {
            "cash": 2,
            "stock": 0,
            "eps": 3.64
        },
        "2019": {
            "cash": 1.5,
            "stock": 0,
            "eps": 4.02
        },
        "2020": {
            "cash": 1.25,
            "stock": 0,
            "eps": 1.64
        },
        "2021": {
            "cash": 0.5,
            "stock": 0,
            "eps": 4.9
        },
        "2022": {
            "cash": 1.5,
            "stock": 0,
            "eps": 4.29
        },
        "2023": {
            "cash": 1.3,
            "stock": 0,
            "eps": 0.34
        }
    },
    "dividends": {
        "1990-04-10": {
            "cash": 0,
            "stock": 2
        },
        "1991-04-12": {
            "cash": 1,
            "stock": 2
        },
        "1993-05-25": {
            "cash": 0,
            "stock": 2
        },
        "1994-05-27": {
            "cash": 0,
            "stock": 1.5
        },
        "1995-05-31": {
            "cash": 0,
            "stock": 2
        },
        "1996-06-24": {
            "cash": 0,
            "stock": 2
        },
        "1997-05-13": {
            "cash": 0,
            "stock": 3.5
        },
        "1998-04-21": {
            "cash": 0,
            "stock": 5
        },
        "1999-06-16": {
            "cash": 0,
            "stock": 4
        },
        "2000-06-22": {
            "cash": 0,
            "stock": 4
        },
        "2001-04-10": {
            "cash": 0,
            "stock": 1
        },
        "2002-06-12": {
            "cash": 0,
            "stock": 2
        },
        "2003-03-26": {
            "cash": 0.5,
            "stock": 1.5
        },
        "2004-04-28": {
            "cash": 1.02,
            "stock": 1.02
        },
        "2005-04-25": {
            "cash": 1,
            "stock": 1
        },
        "2006-03-27": {
            "cash": 1.5,
            "stock": 0.5
        },
        "2007-03-13": {
            "cash": 1.79,
            "stock": 0.2
        },
        "2008-03-24": {
            "cash": 1,
            "stock": 1
        },
        "2009-05-15": {
            "cash": 0.5,
            "stock": 0.5
        },
        "2010-04-26": {
            "cash": 1.5,
            "stock": 0.2
        },
        "2011-01-01": {
            "cash": 1.3,
            "stock": 0
        },
        "2011-04-26": {
            "cash": 1.2,
            "stock": 0
        },
        "2013-04-30": {
            "cash": 1.5,
            "stock": 0
        },
        "2014-06-17": {
            "cash": 1,
            "stock": 0
        },
        "2015-08-05": {
            "cash": 1.5,
            "stock": 0
        },
        "2016-08-05": {
            "cash": 1.5,
            "stock": 0
        },
        "2017-08-09": {
            "cash": 1.5,
            "stock": 0
        },
        "2018-08-09": {
            "cash": 2,
            "stock": 0
        },
        "2019-08-07": {
            "cash": 1.5,
            "stock": 0
        },
        "2020-08-20": {
            "cash": 1.25,
            "stock": 0
        },
        "2021-08-09": {
            "cash": 0.5,
            "stock": 0
        },
        "2022-08-09": {
            "cash": 1.5,
            "stock": 0
        },
        "2023-04-26": {
            "cash": 1.3,
            "stock": 0
        }
    },
    "prices": {
        "200101": "27.28",
        "200102": "32.27",
        "200103": "33.04",
        "200104": "29.42",
        "200105": "23.76",
        "200106": "25.26",
        "200107": "24.00",
        "200108": "22.34",
        "200109": "21.16",
        "200110": "21.04",
        "200111": "22.00",
        "200112": "25.40",
        "200201": "27.58",
        "200202": "26.34",
        "200203": "26.57",
        "200204": "27.76",
        "200205": "29.22",
        "200206": "28.18",
        "200207": "26.40",
        "200208": "24.60",
        "200209": "21.72",
        "200210": "22.99",
        "200211": "29.95",
        "200212": "31.25",
        "200301": "36.11",
        "200302": "33.89",
        "200303": "34.10",
        "200304": "31.52",
        "200305": "29.67",
        "200306": "34.15",
        "200307": "38.19",
        "200308": "36.87",
        "200309": "36.56",
        "200310": "37.40",
        "200311": "37.66",
        "200312": "36.11",
        "200401": "37.05",
        "200402": "38.26",
        "200403": "37.02",
        "200404": "34.71",
        "200405": "31.80",
        "200406": "30.98",
        "200407": "30.89",
        "200408": "30.02",
        "200409": "28.89",
        "200410": "28.02",
        "200411": "27.80",
        "200412": "27.45",
        "200501": "27.36",
        "200502": "26.65",
        "200503": "26.25",
        "200504": "24.70",
        "200505": "25.37",
        "200506": "25.65",
        "200507": "25.58",
        "200508": "24.25",
        "200509": "20.92",
        "200510": "20.96",
        "200511": "20.55",
        "200512": "21.25",
        "200601": "21.23",
        "200602": "22.67",
        "200603": "22.92",
        "200604": "25.03",
        "200605": "27.57",
        "200606": "27.35",
        "200607": "26.60",
        "200608": "26.06",
        "200609": "25.73",
        "200610": "28.91",
        "200611": "29.18",
        "200612": "32.55",
        "200701": "36.64",
        "200702": "36.34",
        "200703": "34.47",
        "200704": "36.05",
        "200705": "34.92",
        "200706": "35.74",
        "200707": "36.80",
        "200708": "34.23",
        "200709": "32.19",
        "200710": "32.31",
        "200711": "28.71",
        "200712": "29.81",
        "200801": "27.16",
        "200802": "25.80",
        "200803": "28.19",
        "200804": "30.62",
        "200805": "31.10",
        "200806": "27.90",
        "200807": "26.12",
        "200808": "22.85",
        "200809": "20.69",
        "200810": "16.08",
        "200811": "14.86",
        "200812": "15.23",
        "200901": "14.76",
        "200902": "14.65",
        "200903": "17.25",
        "200904": "19.18",
        "200905": "20.98",
        "200906": "19.70",
        "200907": "22.13",
        "200908": "21.36",
        "200909": "21.12",
        "200910": "21.99",
        "200911": "24.22",
        "200912": "24.89",
        "201001": "25.41",
        "201002": "23.42",
        "201003": "25.03",
        "201004": "26.31",
        "201005": "25.25",
        "201006": "24.73",
        "201007": "25.24",
        "201008": "25.55",
        "201009": "26.45",
        "201010": "28.46",
        "201011": "28.47",
        "201012": "28.77",
        "201101": "28.02",
        "201102": "26.64",
        "201103": "26.22",
        "201104": "27.59",
        "201105": "27.03",
        "201106": "26.48",
        "201107": "26.09",
        "201108": "22.92",
        "201109": "21.72",
        "201110": "22.61",
        "201111": "22.88",
        "201112": "24.05",
        "201201": "25.56",
        "201202": "25.64",
        "201203": "26.04",
        "201204": "24.61",
        "201205": "25.32",
        "201206": "24.85",
        "201207": "26.09",
        "201208": "27.86",
        "201209": "29.26",
        "201210": "30.52",
        "201211": "29.88",
        "201212": "30.64",
        "201301": "30.36",
        "201302": "29.98",
        "201303": "30.99",
        "201304": "34.21",
        "201305": "31.77",
        "201306": "28.25",
        "201307": "30.21",
        "201308": "30.98",
        "201309": "33.33",
        "201310": "34.20",
        "201311": "35.71",
        "201312": "41.55",
        "201401": "42.44",
        "201402": "41.07",
        "201403": "41.16",
        "201404": "40.62",
        "201405": "33.40",
        "201406": "35.32",
        "201407": "33.56",
        "201408": "33.71",
        "201409": "33.37",
        "201410": "31.77",
        "201411": "34.73",
        "201412": "37.89",
        "201501": "40.83",
        "201502": "44.60",
        "201503": "46.68",
        "201504": "44.30",
        "201505": "45.82",
        "201506": "43.14",
        "201507": "41.37",
        "201508": "46.70",
        "201509": "49.38",
        "201510": "48.91",
        "201511": "45.95",
        "201512": "42.53",
        "201601": "39.92",
        "201602": "40.45",
        "201603": "41.50",
        "201604": "40.53",
        "201605": "41.05",
        "201606": "42.68",
        "201607": "43.76",
        "201608": "45.70",
        "201609": "44.60",
        "201610": "43.80",
        "201611": "40.31",
        "201612": "40.05",
        "201701": "40.04",
        "201702": "41.12",
        "201703": "41.37",
        "201704": "42.43",
        "201705": "41.84",
        "201706": "41.80",
        "201707": "41.75",
        "201708": "40.03",
        "201709": "39.00",
        "201710": "37.89",
        "201711": "37.22",
        "201712": "37.47",
        "201801": "38.70",
        "201802": "37.33",
        "201803": "37.68",
        "201804": "37.74",
        "201805": "36.92",
        "201806": "36.24",
        "201807": "34.21",
        "201808": "33.47",
        "201809": "32.14",
        "201810": "30.46",
        "201811": "32.59",
        "201812": "32.46",
        "201901": "35.03",
        "201902": "37.48",
        "201903": "38.46",
        "201904": "37.01",
        "201905": "36.07",
        "201906": "37.67",
        "201907": "38.72",
        "201908": "37.75",
        "201909": "39.35",
        "201910": "40.11",
        "201911": "40.95",
        "201912": "39.29",
        "202001": "38.54",
        "202002": "34.78",
        "202003": "28.36",
        "202004": "27.70",
        "202005": "27.91",
        "202006": "29.32",
        "202007": "28.58",
        "202008": "27.69",
        "202009": "26.90",
        "202010": "26.32",
        "202011": "28.97",
        "202012": "31.14",
        "202101": "29.46",
        "202102": "29.53",
        "202103": "31.93",
        "202104": "34.92",
        "202105": "34.75",
        "202106": "37.39",
        "202107": "37.06",
        "202108": "33.73",
        "202109": "33.26",
        "202110": "33.43",
        "202111": "34.12",
        "202112": "32.98",
        "202201": "32.60",
        "202202": "32.71",
        "202203": "31.12",
        "202204": "31.33",
        "202205": "29.91",
        "202206": "30.83",
        "202207": "27.79",
        "202208": "28.24",
        "202209": "29.20",
        "202210": "27.72",
        "202211": "30.59",
        "202212": "33.19",
        "202301": "33.97",
        "202302": "33.78",
        "202303": "32.21",
        "202304": "31.61",
        "202305": "31.83"
    },
    "quarters": {
        "20011": {
            "year_quarter": 20011,
            "year": 2001,
            "quarter": 1,
            "eps": 0.87,
            "eps_growth_year": -42,
            "eps_4q": 1.69,
            "eps_4q_growth_year": -65.37,
            "roe": 5.2,
            "roe_4q": 5.2,
            "gross_profit": 665783,
            "gross_margin": 27.38,
            "gross_margin_4q_avg": 27.38,
            "net_income": 1049381,
            "revenue": 2431594,
            "common_shares": 12291746,
            "book_valuer_per_share": 18.31,
            "book_valuer_per_share_4q_avg": 18.31,
            "equity": 22506708,
            "current_ratio": 105.96,
            "debt_ratio": 25.77,
            "inventory_turnover_ratio": 2.48,
            "account_receivable_turnover_ratio": null,
            "reinvestment_rate": null,
            "research_to_sale_ratio": null,
            "price_fair": 0,
            "eps_avg_yearly": 0,
            "eps_latest_yearly": 0,
            "eps_growth_yearly": 0
        },
        "20012": {
            "year_quarter": 20012,
            "year": 2001,
            "quarter": 2,
            "eps": 0.66,
            "eps_growth_year": -19.51,
            "eps_4q": 1.43,
            "eps_4q_growth_year": -59.13,
            "roe": 3.87,
            "roe_4q": 9.07,
            "gross_profit": 788665,
            "gross_margin": 27.76,
            "gross_margin_4q_avg": 27.57,
            "net_income": 888346,
            "revenue": 2840941,
            "common_shares": 12291746,
            "book_valuer_per_share": 19.08,
            "book_valuer_per_share_4q_avg": 18.7,
            "equity": 23457401,
            "current_ratio": 186.19,
            "debt_ratio": 31.69,
            "inventory_turnover_ratio": 9.16,
            "account_receivable_turnover_ratio": null,
            "reinvestment_rate": null,
            "research_to_sale_ratio": null,
            "price_fair": 0,
            "eps_avg_yearly": 0,
            "eps_latest_yearly": 0,
            "eps_growth_yearly": 0
        },
        "20013": {
            "year_quarter": 20013,
            "year": 2001,
            "quarter": 3,
            "eps": 0.27,
            "eps_growth_year": null,
            "eps_4q": 1.74,
            "eps_4q_growth_year": -33.23,
            "roe": 1.55,
            "roe_4q": 10.620000000000001,
            "gross_profit": 649050,
            "gross_margin": 27.36,
            "gross_margin_4q_avg": 27.5,
            "net_income": 362416,
            "revenue": 2372212,
            "common_shares": 13520921,
            "book_valuer_per_share": 17.29,
            "book_valuer_per_share_4q_avg": 18.23,
            "equity": 23378318,
            "current_ratio": 207.48,
            "debt_ratio": 30.16,
            "inventory_turnover_ratio": 7.49,
            "account_receivable_turnover_ratio": null,
            "reinvestment_rate": null,
            "research_to_sale_ratio": null,
            "price_fair": 0,
            "eps_avg_yearly": 0,
            "eps_latest_yearly": 0,
            "eps_growth_yearly": 0
        },
        "20014": {
            "year_quarter": 20014,
            "year": 2001,
            "quarter": 4,
            "eps": 0.55,
            "eps_growth_year": 1733.33,
            "eps_4q": 2.27,
            "eps_4q_growth_year": 8.79,
            "roe": 3.03,
            "roe_4q": 13.649999999999999,
            "gross_profit": 749331,
            "gross_margin": 27.01,
            "gross_margin_4q_avg": 27.38,
            "net_income": 735722,
            "revenue": 2773808,
            "common_shares": 13520921,
            "book_valuer_per_share": 17.71,
            "book_valuer_per_share_4q_avg": 18.1,
            "equity": 25198928,
            "current_ratio": 158.51,
            "debt_ratio": 48.92,
            "inventory_turnover_ratio": 1.52,
            "account_receivable_turnover_ratio": null,
            "reinvestment_rate": null,
            "research_to_sale_ratio": null,
            "price_fair": 0,
            "eps_avg_yearly": 0,
            "eps_latest_yearly": 0,
            "eps_growth_yearly": 0
        },
        "20021": {
            "year_quarter": 20021,
            "year": 2002,
            "quarter": 1,
            "eps": 0.86,
            "eps_growth_year": -1.15,
            "eps_4q": 2.43,
            "eps_4q_growth_year": 43.5,
            "roe": 4.43,
            "roe_4q": 12.879999999999999,
            "gross_profit": 685545,
            "gross_margin": 28.41,
            "gross_margin_4q_avg": 27.64,
            "net_income": 1087961,
            "revenue": 2412981,
            "common_shares": 13520921,
            "book_valuer_per_share": 17.72,
            "book_valuer_per_share_4q_avg": 17.95,
            "equity": 23957035,
            "current_ratio": 138.37,
            "debt_ratio": 31.43,
            "inventory_turnover_ratio": 1.34,
            "account_receivable_turnover_ratio": null,
            "reinvestment_rate": null,
            "research_to_sale_ratio": null,
            "price_fair": 120.4,
            "eps_avg_yearly": 3.44,
            "eps_latest_yearly": 3.44,
            "eps_growth_yearly": 225.45
        },
        "20022": {
            "year_quarter": 20022,
            "year": 2002,
            "quarter": 2,
            "eps": 0.57,
            "eps_growth_year": -13.64,
            "eps_4q": 1.99,
            "eps_4q_growth_year": 39.89,
            "roe": 3.66,
            "roe_4q": 12.67,
            "gross_profit": 729292,
            "gross_margin": 26.66,
            "gross_margin_4q_avg": 27.36,
            "net_income": 874706,
            "revenue": 2735985,
            "common_shares": 13520921,
            "book_valuer_per_share": 17.64,
            "book_valuer_per_share_4q_avg": 17.59,
            "equity": 23855696,
            "current_ratio": 152.54,
            "debt_ratio": 28.21,
            "inventory_turnover_ratio": 14.05,
            "account_receivable_turnover_ratio": null,
            "reinvestment_rate": null,
            "research_to_sale_ratio": null,
            "price_fair": 100.1,
            "eps_avg_yearly": 2.86,
            "eps_latest_yearly": 2.28,
            "eps_growth_yearly": 45.29
        },
        "20023": {
            "year_quarter": 20023,
            "year": 2002,
            "quarter": 3,
            "eps": 0.92,
            "eps_growth_year": 240.74,
            "eps_4q": 2.69,
            "eps_4q_growth_year": 54.54,
            "roe": 5.64,
            "roe_4q": 16.76,
            "gross_profit": 681572,
            "gross_margin": 27.75,
            "gross_margin_4q_avg": 27.46,
            "net_income": 1405447,
            "revenue": 2456274,
            "common_shares": 16325822,
            "book_valuer_per_share": 15.92,
            "book_valuer_per_share_4q_avg": 17.25,
            "equity": 25991424,
            "current_ratio": 119.13,
            "debt_ratio": 26.25,
            "inventory_turnover_ratio": 13.4,
            "account_receivable_turnover_ratio": null,
            "reinvestment_rate": null,
            "research_to_sale_ratio": null,
            "price_fair": 109.67,
            "eps_avg_yearly": 3.13,
            "eps_latest_yearly": 3.68,
            "eps_growth_yearly": 112.06
        },
        "20024": {
            "year_quarter": 20024,
            "year": 2002,
            "quarter": 4,
            "eps": 0.54,
            "eps_growth_year": -1.82,
            "eps_4q": 2.73,
            "eps_4q_growth_year": 20.35,
            "roe": 3.05,
            "roe_4q": 16.78,
            "gross_profit": 763434,
            "gross_margin": 26.26,
            "gross_margin_4q_avg": 27.27,
            "net_income": 829990,
            "revenue": 2906856,
            "common_shares": 16325822,
            "book_valuer_per_share": 16.3,
            "book_valuer_per_share_4q_avg": 16.9,
            "equity": 28513818,
            "current_ratio": 90.65,
            "debt_ratio": 48.18,
            "inventory_turnover_ratio": 1.69,
            "account_receivable_turnover_ratio": null,
            "reinvestment_rate": 5.88,
            "research_to_sale_ratio": null,
            "price_fair": 101.15,
            "eps_avg_yearly": 2.89,
            "eps_latest_yearly": 2.16,
            "eps_growth_yearly": 42.74
        },
        "20031": {
            "year_quarter": 20031,
            "year": 2003,
            "quarter": 1,
            "eps": 2.06,
            "eps_growth_year": 139.53,
            "eps_4q": 4.07,
            "eps_4q_growth_year": 67.65,
            "roe": 10.83,
            "roe_4q": 23.18,
            "gross_profit": 720872,
            "gross_margin": 26.56,
            "gross_margin_4q_avg": 26.81,
            "net_income": 3180496,
            "revenue": 2713753,
            "common_shares": 16325822,
            "book_valuer_per_share": 18.51,
            "book_valuer_per_share_4q_avg": 17.09,
            "equity": 30218389,
            "current_ratio": 100.29,
            "debt_ratio": 23.04,
            "inventory_turnover_ratio": 1.55,
            "account_receivable_turnover_ratio": null,
            "reinvestment_rate": 6.75,
            "research_to_sale_ratio": null,
            "price_fair": 138.6,
            "eps_avg_yearly": 3.96,
            "eps_latest_yearly": 8.24,
            "eps_growth_yearly": 259.38
        },
        "20032": {
            "year_quarter": 20032,
            "year": 2003,
            "quarter": 2,
            "eps": 0.61,
            "eps_growth_year": 7.02,
            "eps_4q": 3.63,
            "eps_4q_growth_year": 82.15,
            "roe": 3.61,
            "roe_4q": 23.13,
            "gross_profit": 840914,
            "gross_margin": 29.57,
            "gross_margin_4q_avg": 27.54,
            "net_income": 1092849,
            "revenue": 2844128,
            "common_shares": 16325822,
            "book_valuer_per_share": 18.57,
            "book_valuer_per_share_4q_avg": 17.33,
            "equity": 30321781,
            "current_ratio": 95.69,
            "debt_ratio": 28.17,
            "inventory_turnover_ratio": 13.34,
            "account_receivable_turnover_ratio": null,
            "reinvestment_rate": 7.2,
            "research_to_sale_ratio": null,
            "price_fair": 129.73,
            "eps_avg_yearly": 3.71,
            "eps_latest_yearly": 2.44,
            "eps_growth_yearly": 169.22
        },
        "20033": {
            "year_quarter": 20033,
            "year": 2003,
            "quarter": 3,
            "eps": 0.8,
            "eps_growth_year": -13.04,
            "eps_4q": 3.66,
            "eps_4q_growth_year": 36.13,
            "roe": 4.65,
            "roe_4q": 22.14,
            "gross_profit": 699179,
            "gross_margin": 29.06,
            "gross_margin_4q_avg": 27.86,
            "net_income": 1429097,
            "revenue": 2406091,
            "common_shares": 18847994,
            "book_valuer_per_share": 16.51,
            "book_valuer_per_share_4q_avg": 17.47,
            "equity": 31110246,
            "current_ratio": 91.95,
            "debt_ratio": 26.49,
            "inventory_turnover_ratio": 11.99,
            "account_receivable_turnover_ratio": null,
            "reinvestment_rate": 7.47,
            "research_to_sale_ratio": null,
            "price_fair": 127.2,
            "eps_avg_yearly": 3.63,
            "eps_latest_yearly": 3.2,
            "eps_growth_yearly": 162.85
        },
        "20034": {
            "year_quarter": 20034,
            "year": 2003,
            "quarter": 4,
            "eps": 0.36,
            "eps_growth_year": -33.33,
            "eps_4q": 3.54,
            "eps_4q_growth_year": 29.54,
            "roe": 1.38,
            "roe_4q": 20.47,
            "gross_profit": 766623,
            "gross_margin": 27.43,
            "gross_margin_4q_avg": 28.16,
            "net_income": 645917,
            "revenue": 2795043,
            "common_shares": 18847994,
            "book_valuer_per_share": 16.95,
            "book_valuer_per_share_4q_avg": 17.64,
            "equity": 62675548,
            "current_ratio": 200.85,
            "debt_ratio": 53.45,
            "inventory_turnover_ratio": 0.31,
            "account_receivable_turnover_ratio": null,
            "reinvestment_rate": 261.6,
            "research_to_sale_ratio": null,
            "price_fair": 117.6,
            "eps_avg_yearly": 3.36,
            "eps_latest_yearly": 1.44,
            "eps_growth_yearly": 114.99
        },
        "20041": {
            "year_quarter": 20041,
            "year": 2004,
            "quarter": 1,
            "eps": 0.9,
            "eps_growth_year": -56.31,
            "eps_4q": 2.67,
            "eps_4q_growth_year": -34.35,
            "roe": 3.37,
            "roe_4q": 13.01,
            "gross_profit": 794884,
            "gross_margin": 26.12,
            "gross_margin_4q_avg": 28.05,
            "net_income": 1606377,
            "revenue": 3043478,
            "common_shares": 18847994,
            "book_valuer_per_share": 17.4,
            "book_valuer_per_share_4q_avg": 17.36,
            "equity": 32791854,
            "current_ratio": 185.77,
            "debt_ratio": 42.04,
            "inventory_turnover_ratio": 0.33,
            "account_receivable_turnover_ratio": null,
            "reinvestment_rate": 9.94,
            "research_to_sale_ratio": null,
            "price_fair": 118.53,
            "eps_avg_yearly": 3.39,
            "eps_latest_yearly": 3.6,
            "eps_growth_yearly": 168.88
        },
        "20042": {
            "year_quarter": 20042,
            "year": 2004,
            "quarter": 2,
            "eps": 0.33,
            "eps_growth_year": -45.9,
            "eps_4q": 2.38,
            "eps_4q_growth_year": -34.45,
            "roe": 1.86,
            "roe_4q": 11.260000000000002,
            "gross_profit": 817191,
            "gross_margin": 14.73,
            "gross_margin_4q_avg": 24.34,
            "net_income": 592214,
            "revenue": 5548449,
            "common_shares": 18847994,
            "book_valuer_per_share": 16.46,
            "book_valuer_per_share_4q_avg": 16.83,
            "equity": 31020575,
            "current_ratio": 225.87,
            "debt_ratio": 44.14,
            "inventory_turnover_ratio": 7.98,
            "account_receivable_turnover_ratio": null,
            "reinvestment_rate": 10.08,
            "research_to_sale_ratio": null,
            "price_fair": 111.3,
            "eps_avg_yearly": 3.18,
            "eps_latest_yearly": 1.32,
            "eps_growth_yearly": 126.66
        },
        "20043": {
            "year_quarter": 20043,
            "year": 2004,
            "quarter": 3,
            "eps": 0.79,
            "eps_growth_year": -1.25,
            "eps_4q": 2.23,
            "eps_4q_growth_year": -38.92,
            "roe": 4.91,
            "roe_4q": 11.52,
            "gross_profit": 717763,
            "gross_margin": 15.02,
            "gross_margin_4q_avg": 20.83,
            "net_income": 1556510,
            "revenue": 4778097,
            "common_shares": 20933623,
            "book_valuer_per_share": 15.49,
            "book_valuer_per_share_4q_avg": 16.58,
            "equity": 32425642,
            "current_ratio": 218.73,
            "debt_ratio": 43.11,
            "inventory_turnover_ratio": 5.66,
            "account_receivable_turnover_ratio": null,
            "reinvestment_rate": 11.63,
            "research_to_sale_ratio": null,
            "price_fair": 111.24,
            "eps_avg_yearly": 3.18,
            "eps_latest_yearly": 3.16,
            "eps_growth_yearly": 165.83
        },
        "20044": {
            "year_quarter": 20044,
            "year": 2004,
            "quarter": 4,
            "eps": 0.25,
            "eps_growth_year": -30.56,
            "eps_4q": 2.16,
            "eps_4q_growth_year": -38.92,
            "roe": 1.06,
            "roe_4q": 11.200000000000001,
            "gross_profit": 778588,
            "gross_margin": 20.64,
            "gross_margin_4q_avg": 19.13,
            "net_income": 491237,
            "revenue": 3771700,
            "common_shares": 20936734,
            "book_valuer_per_share": 14.51,
            "book_valuer_per_share_4q_avg": 15.97,
            "equity": 60658938,
            "current_ratio": 157.08,
            "debt_ratio": 56.04,
            "inventory_turnover_ratio": 0.39,
            "account_receivable_turnover_ratio": null,
            "reinvestment_rate": 226.3,
            "research_to_sale_ratio": null,
            "price_fair": 104.88,
            "eps_avg_yearly": 3,
            "eps_latest_yearly": 1,
            "eps_growth_yearly": 129.23
        },
        "20051": {
            "year_quarter": 20051,
            "year": 2005,
            "quarter": 1,
            "eps": 0.57,
            "eps_growth_year": -36.67,
            "eps_4q": 1.93,
            "eps_4q_growth_year": -27.75,
            "roe": 2.4,
            "roe_4q": 10.23,
            "gross_profit": 693767,
            "gross_margin": 21.74,
            "gross_margin_4q_avg": 18.03,
            "net_income": 1104387,
            "revenue": 3190547,
            "common_shares": 20948164,
            "book_valuer_per_share": 14.92,
            "book_valuer_per_share_4q_avg": 15.35,
            "equity": 31264493,
            "current_ratio": 88.87,
            "debt_ratio": 39.53,
            "inventory_turnover_ratio": 0.33,
            "account_receivable_turnover_ratio": null,
            "reinvestment_rate": 12.56,
            "research_to_sale_ratio": null,
            "price_fair": 102.95,
            "eps_avg_yearly": 2.94,
            "eps_latest_yearly": 2.28,
            "eps_growth_yearly": 158.67
        },
        "20052": {
            "year_quarter": 20052,
            "year": 2005,
            "quarter": 2,
            "eps": 0.46,
            "eps_growth_year": 39.39,
            "eps_4q": 2.09,
            "eps_4q_growth_year": -12.11,
            "roe": 2.89,
            "roe_4q": 11.26,
            "gross_profit": 766014,
            "gross_margin": 24.76,
            "gross_margin_4q_avg": 20.54,
            "net_income": 887870,
            "revenue": 3093486,
            "common_shares": 20955834,
            "book_valuer_per_share": 14.37,
            "book_valuer_per_share_4q_avg": 14.82,
            "equity": 30115551,
            "current_ratio": 62.65,
            "debt_ratio": 42.22,
            "inventory_turnover_ratio": 4.41,
            "account_receivable_turnover_ratio": null,
            "reinvestment_rate": 13.39,
            "research_to_sale_ratio": null,
            "price_fair": 100.2,
            "eps_avg_yearly": 2.86,
            "eps_latest_yearly": 1.84,
            "eps_growth_yearly": 141.83
        },
        "20053": {
            "year_quarter": 20053,
            "year": 2005,
            "quarter": 3,
            "eps": 0.59,
            "eps_growth_year": -25.32,
            "eps_4q": 1.75,
            "eps_4q_growth_year": -21.85,
            "roe": 4.01,
            "roe_4q": 10.360000000000001,
            "gross_profit": 716685,
            "gross_margin": 20.94,
            "gross_margin_4q_avg": 22.02,
            "net_income": 1267939,
            "revenue": 3422231,
            "common_shares": 23054308,
            "book_valuer_per_share": 14.35,
            "book_valuer_per_share_4q_avg": 14.54,
            "equity": 33080301,
            "current_ratio": 71.98,
            "debt_ratio": 40.86,
            "inventory_turnover_ratio": 3.99,
            "account_receivable_turnover_ratio": null,
            "reinvestment_rate": 13.75,
            "research_to_sale_ratio": null,
            "price_fair": 99.03,
            "eps_avg_yearly": 2.83,
            "eps_latest_yearly": 2.36,
            "eps_growth_yearly": 139.91
        },
        "20054": {
            "year_quarter": 20054,
            "year": 2005,
            "quarter": 4,
            "eps": 0.45,
            "eps_growth_year": 80,
            "eps_4q": 1.97,
            "eps_4q_growth_year": -9.03,
            "roe": 1.9,
            "roe_4q": 11.200000000000001,
            "gross_profit": 693103,
            "gross_margin": 17.1,
            "gross_margin_4q_avg": 21.14,
            "net_income": 967746,
            "revenue": 4053655,
            "common_shares": 23057928,
            "book_valuer_per_share": 14.61,
            "book_valuer_per_share_4q_avg": 14.56,
            "equity": 68645824,
            "current_ratio": 134.02,
            "debt_ratio": 54.82,
            "inventory_turnover_ratio": 0.37,
            "account_receivable_turnover_ratio": null,
            "reinvestment_rate": 241.71,
            "research_to_sale_ratio": null,
            "price_fair": 96.78,
            "eps_avg_yearly": 2.77,
            "eps_latest_yearly": 1.8,
            "eps_growth_yearly": 125.23
        },
        "20061": {
            "year_quarter": 20061,
            "year": 2006,
            "quarter": 1,
            "eps": 1.32,
            "eps_growth_year": 131.58,
            "eps_4q": 2.79,
            "eps_4q_growth_year": 44.12,
            "roe": 5.37,
            "roe_4q": 14.17,
            "gross_profit": 656500,
            "gross_margin": 15.42,
            "gross_margin_4q_avg": 19.56,
            "net_income": 2813916,
            "revenue": 4258206,
            "common_shares": 23072078,
            "book_valuer_per_share": 15.63,
            "book_valuer_per_share_4q_avg": 14.74,
            "equity": 36067640,
            "current_ratio": 122.54,
            "debt_ratio": 34.37,
            "inventory_turnover_ratio": 0.39,
            "account_receivable_turnover_ratio": null,
            "reinvestment_rate": 14.68,
            "research_to_sale_ratio": null,
            "price_fair": 100.8,
            "eps_avg_yearly": 2.88,
            "eps_latest_yearly": 5.28,
            "eps_growth_yearly": 159.47
        },
        "20062": {
            "year_quarter": 20062,
            "year": 2006,
            "quarter": 2,
            "eps": 0.54,
            "eps_growth_year": 17.39,
            "eps_4q": 2.9,
            "eps_4q_growth_year": 38.68,
            "roe": 3.31,
            "roe_4q": 14.59,
            "gross_profit": 680294,
            "gross_margin": 17.93,
            "gross_margin_4q_avg": 17.85,
            "net_income": 1154124,
            "revenue": 3793537,
            "common_shares": 23079858,
            "book_valuer_per_share": 14.61,
            "book_valuer_per_share_4q_avg": 14.8,
            "equity": 33714179,
            "current_ratio": 96.85,
            "debt_ratio": 38.76,
            "inventory_turnover_ratio": 4.71,
            "account_receivable_turnover_ratio": null,
            "reinvestment_rate": 5.95,
            "research_to_sale_ratio": null,
            "price_fair": 100.54,
            "eps_avg_yearly": 2.87,
            "eps_latest_yearly": 2.16,
            "eps_growth_yearly": 153.13
        },
        "20063": {
            "year_quarter": 20063,
            "year": 2006,
            "quarter": 3,
            "eps": 0.52,
            "eps_growth_year": -11.86,
            "eps_4q": 2.72,
            "eps_4q_growth_year": 55.83,
            "roe": 3.35,
            "roe_4q": 13.930000000000001,
            "gross_profit": 610541,
            "gross_margin": 21.14,
            "gross_margin_4q_avg": 17.9,
            "net_income": 1166492,
            "revenue": 2888633,
            "common_shares": 24380563,
            "book_valuer_per_share": 14.74,
            "book_valuer_per_share_4q_avg": 14.9,
            "equity": 35929668,
            "current_ratio": 96.75,
            "debt_ratio": 40.78,
            "inventory_turnover_ratio": 18.97,
            "account_receivable_turnover_ratio": null,
            "reinvestment_rate": 6.13,
            "research_to_sale_ratio": null,
            "price_fair": 97.04,
            "eps_avg_yearly": 2.77,
            "eps_latest_yearly": 2.08,
            "eps_growth_yearly": 136.85
        },
        "20064": {
            "year_quarter": 20064,
            "year": 2006,
            "quarter": 4,
            "eps": 0.28,
            "eps_growth_year": -37.78,
            "eps_4q": 2.54,
            "eps_4q_growth_year": 28.96,
            "roe": 1.13,
            "roe_4q": 13.16,
            "gross_profit": 694673,
            "gross_margin": 21.16,
            "gross_margin_4q_avg": 18.91,
            "net_income": 637439,
            "revenue": 3283168,
            "common_shares": 24426857,
            "book_valuer_per_share": 15.17,
            "book_valuer_per_share_4q_avg": 15.04,
            "equity": 76790694,
            "current_ratio": 157.16,
            "debt_ratio": 54.36,
            "inventory_turnover_ratio": 0.27,
            "account_receivable_turnover_ratio": null,
            "reinvestment_rate": 243.55,
            "research_to_sale_ratio": null,
            "price_fair": 94.76,
            "eps_avg_yearly": 2.71,
            "eps_latest_yearly": 1.12,
            "eps_growth_yearly": 135.64
        },
        "20071": {
            "year_quarter": 20071,
            "year": 2007,
            "quarter": 1,
            "eps": 0.35,
            "eps_growth_year": -73.48,
            "eps_4q": 1.64,
            "eps_4q_growth_year": -41.21,
            "roe": 1.39,
            "roe_4q": 9.18,
            "gross_profit": 610643,
            "gross_margin": 23.23,
            "gross_margin_4q_avg": 20.87,
            "net_income": 804170,
            "revenue": 2628657,
            "common_shares": 24426857,
            "book_valuer_per_share": 15.92,
            "book_valuer_per_share_4q_avg": 15.11,
            "equity": 38889480,
            "current_ratio": 105.73,
            "debt_ratio": 34.08,
            "inventory_turnover_ratio": 0.21,
            "account_receivable_turnover_ratio": null,
            "reinvestment_rate": 6.98,
            "research_to_sale_ratio": null,
            "price_fair": 79.8,
            "eps_avg_yearly": 2.28,
            "eps_latest_yearly": 1.4,
            "eps_growth_yearly": 71.52
        },
        "20072": {
            "year_quarter": 20072,
            "year": 2007,
            "quarter": 2,
            "eps": 0.45,
            "eps_growth_year": -16.67,
            "eps_4q": 1.55,
            "eps_4q_growth_year": -46.71,
            "roe": 2.82,
            "roe_4q": 8.69,
            "gross_profit": 744206,
            "gross_margin": 23.04,
            "gross_margin_4q_avg": 22.14,
            "net_income": 1070181,
            "revenue": 3230734,
            "common_shares": 24452459,
            "book_valuer_per_share": 15.16,
            "book_valuer_per_share_4q_avg": 15.25,
            "equity": 37063955,
            "current_ratio": 76.82,
            "debt_ratio": 41.54,
            "inventory_turnover_ratio": 16.17,
            "account_receivable_turnover_ratio": null,
            "reinvestment_rate": 6.29,
            "research_to_sale_ratio": null,
            "price_fair": 78.4,
            "eps_avg_yearly": 2.24,
            "eps_latest_yearly": 1.8,
            "eps_growth_yearly": 96.26
        },
        "20073": {
            "year_quarter": 20073,
            "year": 2007,
            "quarter": 3,
            "eps": 0.76,
            "eps_growth_year": 46.15,
            "eps_4q": 1.8,
            "eps_4q_growth_year": -33.87,
            "roe": 4.6,
            "roe_4q": 9.940000000000001,
            "gross_profit": 689807,
            "gross_margin": 20.05,
            "gross_margin_4q_avg": 21.87,
            "net_income": 1837212,
            "revenue": 3440360,
            "common_shares": 25115600,
            "book_valuer_per_share": 17.05,
            "book_valuer_per_share_4q_avg": 15.83,
            "equity": 42816678,
            "current_ratio": 68.32,
            "debt_ratio": 33.34,
            "inventory_turnover_ratio": 14.83,
            "account_receivable_turnover_ratio": null,
            "reinvestment_rate": 5.24,
            "research_to_sale_ratio": null,
            "price_fair": 78.05,
            "eps_avg_yearly": 2.23,
            "eps_latest_yearly": 3.04,
            "eps_growth_yearly": 105.7
        },
        "20074": {
            "year_quarter": 20074,
            "year": 2007,
            "quarter": 4,
            "eps": 0.45,
            "eps_growth_year": 60.71,
            "eps_4q": 1.98,
            "eps_4q_growth_year": -21.74,
            "roe": 1.62,
            "roe_4q": 10.43,
            "gross_profit": 717006,
            "gross_margin": 21.26,
            "gross_margin_4q_avg": 21.9,
            "net_income": 1088687,
            "revenue": 3373301,
            "common_shares": 25118540,
            "book_valuer_per_share": 17.42,
            "book_valuer_per_share_4q_avg": 16.39,
            "equity": 91624712,
            "current_ratio": 137.27,
            "debt_ratio": 53.91,
            "inventory_turnover_ratio": 0.25,
            "account_receivable_turnover_ratio": null,
            "reinvestment_rate": 82.22,
            "research_to_sale_ratio": null,
            "price_fair": 78.84,
            "eps_avg_yearly": 2.25,
            "eps_latest_yearly": 1.8,
            "eps_growth_yearly": 109.25
        },
        "20081": {
            "year_quarter": 20081,
            "year": 2008,
            "quarter": 1,
            "eps": 1.19,
            "eps_growth_year": 240,
            "eps_4q": 1.7,
            "eps_4q_growth_year": 3.7,
            "roe": 5.38,
            "roe_4q": 14.42,
            "gross_profit": 11978904,
            "gross_margin": 22.48,
            "gross_margin_4q_avg": 21.71,
            "net_income": 4881654,
            "revenue": 53284710,
            "common_shares": 25136070,
            "book_valuer_per_share": 17.12,
            "book_valuer_per_share_4q_avg": 16.69,
            "equity": 89974599,
            "current_ratio": 133.55,
            "debt_ratio": 56.7,
            "inventory_turnover_ratio": 1.92,
            "account_receivable_turnover_ratio": null,
            "reinvestment_rate": 249.48,
            "research_to_sale_ratio": null,
            "price_fair": 81.38,
            "eps_avg_yearly": 2.33,
            "eps_latest_yearly": 4.76,
            "eps_growth_yearly": 112.86
        },
        "20082": {
            "year_quarter": 20082,
            "year": 2008,
            "quarter": 2,
            "eps": 0.48,
            "eps_growth_year": 6.67,
            "eps_4q": 1.1,
            "eps_4q_growth_year": -28.76,
            "roe": 3.5,
            "roe_4q": 15.1,
            "gross_profit": 11754618,
            "gross_margin": 22.87,
            "gross_margin_4q_avg": 21.67,
            "net_income": 3147382,
            "revenue": 51391616,
            "common_shares": 25136070,
            "book_valuer_per_share": 16.84,
            "book_valuer_per_share_4q_avg": 17.11,
            "equity": 89885733,
            "current_ratio": 133.48,
            "debt_ratio": 57.98,
            "inventory_turnover_ratio": 1.69,
            "account_receivable_turnover_ratio": null,
            "reinvestment_rate": 229.21,
            "research_to_sale_ratio": null,
            "price_fair": 82.69,
            "eps_avg_yearly": 2.36,
            "eps_latest_yearly": 1.92,
            "eps_growth_yearly": 113.78
        },
        "20083": {
            "year_quarter": 20083,
            "year": 2008,
            "quarter": 3,
            "eps": 0.32,
            "eps_growth_year": -57.89,
            "eps_4q": 0.72,
            "eps_4q_growth_year": -59.91,
            "roe": 2.82,
            "roe_4q": 13.32,
            "gross_profit": 12168798,
            "gross_margin": 22.07,
            "gross_margin_4q_avg": 22.17,
            "net_income": 2776850,
            "revenue": 55126371,
            "common_shares": 27899255,
            "book_valuer_per_share": 16.09,
            "book_valuer_per_share_4q_avg": 16.87,
            "equity": 106876816,
            "current_ratio": 151.16,
            "debt_ratio": 54.62,
            "inventory_turnover_ratio": 1.55,
            "account_receivable_turnover_ratio": null,
            "reinvestment_rate": 227.01,
            "research_to_sale_ratio": null,
            "price_fair": 78.58,
            "eps_avg_yearly": 2.25,
            "eps_latest_yearly": 1.28,
            "eps_growth_yearly": 70.6
        },
        "20084": {
            "year_quarter": 20084,
            "year": 2008,
            "quarter": 4,
            "eps": -0.04,
            "eps_growth_year": -108.89,
            "eps_4q": 0.84,
            "eps_4q_growth_year": -57.64,
            "roe": 0.34,
            "roe_4q": 12.04,
            "gross_profit": 12014367,
            "gross_margin": 24.69,
            "gross_margin_4q_avg": 23.03,
            "net_income": 357381,
            "revenue": 48670410,
            "common_shares": 27400055,
            "book_valuer_per_share": 15.92,
            "book_valuer_per_share_4q_avg": 16.49,
            "equity": 105736814,
            "current_ratio": 141.33,
            "debt_ratio": 53.51,
            "inventory_turnover_ratio": 1.19,
            "account_receivable_turnover_ratio": 3.34,
            "reinvestment_rate": 80.1,
            "research_to_sale_ratio": null,
            "price_fair": 81.48,
            "eps_avg_yearly": 2.33,
            "eps_latest_yearly": 1.28,
            "eps_growth_yearly": 93.53
        },
        "20091": {
            "year_quarter": 20091,
            "year": 2009,
            "quarter": 1,
            "eps": 0.48,
            "eps_growth_year": -59.66,
            "eps_4q": 0.55,
            "eps_4q_growth_year": -67.47,
            "roe": 2.71,
            "roe_4q": 9.37,
            "gross_profit": 12654674,
            "gross_margin": 23.83,
            "gross_margin_4q_avg": 23.37,
            "net_income": 2941582,
            "revenue": 53104129,
            "common_shares": 27125675,
            "book_valuer_per_share": 17.12,
            "book_valuer_per_share_4q_avg": 16.49,
            "equity": 111504133,
            "current_ratio": 146.14,
            "debt_ratio": 53.82,
            "inventory_turnover_ratio": 1.27,
            "account_receivable_turnover_ratio": 1.81,
            "reinvestment_rate": 239.47,
            "research_to_sale_ratio": null,
            "price_fair": 81.6,
            "eps_avg_yearly": 2.33,
            "eps_latest_yearly": 1.28,
            "eps_growth_yearly": 63.64
        },
        "20092": {
            "year_quarter": 20092,
            "year": 2009,
            "quarter": 2,
            "eps": 0.59,
            "eps_growth_year": 22.92,
            "eps_4q": 0.64,
            "eps_4q_growth_year": -42.07,
            "roe": 3.08,
            "roe_4q": 8.95,
            "gross_profit": 12704437,
            "gross_margin": 25.25,
            "gross_margin_4q_avg": 23.96,
            "net_income": 3409920,
            "revenue": 50308856,
            "common_shares": 27055675,
            "book_valuer_per_share": 17.22,
            "book_valuer_per_share_4q_avg": 16.59,
            "equity": 109584854,
            "current_ratio": 132.84,
            "debt_ratio": 51.84,
            "inventory_turnover_ratio": 1.24,
            "account_receivable_turnover_ratio": 1.83,
            "reinvestment_rate": 225.97,
            "research_to_sale_ratio": null,
            "price_fair": 82.9,
            "eps_avg_yearly": 2.37,
            "eps_latest_yearly": 2.36,
            "eps_growth_yearly": 75.7
        },
        "20093": {
            "year_quarter": 20093,
            "year": 2009,
            "quarter": 3,
            "eps": 0.86,
            "eps_growth_year": 168.75,
            "eps_4q": 0.86,
            "eps_4q_growth_year": 19.43,
            "roe": 4.63,
            "roe_4q": 10.76,
            "gross_profit": 12165262,
            "gross_margin": 23.46,
            "gross_margin_4q_avg": 24.31,
            "net_income": 5201785,
            "revenue": 51847073,
            "common_shares": 28427858,
            "book_valuer_per_share": 17.84,
            "book_valuer_per_share_4q_avg": 17.03,
            "equity": 114935960,
            "current_ratio": 133.14,
            "debt_ratio": 51.32,
            "inventory_turnover_ratio": 1.44,
            "account_receivable_turnover_ratio": 1.95,
            "reinvestment_rate": 206.04,
            "research_to_sale_ratio": null,
            "price_fair": 85.6,
            "eps_avg_yearly": 2.45,
            "eps_latest_yearly": 3.44,
            "eps_growth_yearly": 80.7
        },
        "20094": {
            "year_quarter": 20094,
            "year": 2009,
            "quarter": 4,
            "eps": 0.62,
            "eps_growth_year": null,
            "eps_4q": 2.52,
            "eps_4q_growth_year": 199.66,
            "roe": 2.87,
            "roe_4q": 13.29,
            "gross_profit": 13171060,
            "gross_margin": 25.73,
            "gross_margin_4q_avg": 24.57,
            "net_income": 3340691,
            "revenue": 51179833,
            "common_shares": 28430847,
            "book_valuer_per_share": 18.52,
            "book_valuer_per_share_4q_avg": 17.68,
            "equity": 117773235,
            "current_ratio": 169.22,
            "debt_ratio": 52.07,
            "inventory_turnover_ratio": 1.37,
            "account_receivable_turnover_ratio": 4.38,
            "reinvestment_rate": 168.35,
            "research_to_sale_ratio": null,
            "price_fair": 87.3,
            "eps_avg_yearly": 2.49,
            "eps_latest_yearly": 2.48,
            "eps_growth_yearly": 79.51
        },
        "20101": {
            "year_quarter": 20101,
            "year": 2010,
            "quarter": 1,
            "eps": 1.01,
            "eps_growth_year": 110.42,
            "eps_4q": 3.07,
            "eps_4q_growth_year": 455.21,
            "roe": 4.2,
            "roe_4q": 14.78,
            "gross_profit": 12993078,
            "gross_margin": 25.32,
            "gross_margin_4q_avg": 24.94,
            "net_income": 4928431,
            "revenue": 51316247,
            "common_shares": 28431097,
            "book_valuer_per_share": 19.51,
            "book_valuer_per_share_4q_avg": 18.27,
            "equity": 116977756,
            "current_ratio": 199.7,
            "debt_ratio": 49.26,
            "inventory_turnover_ratio": 1.39,
            "account_receivable_turnover_ratio": 2.24,
            "reinvestment_rate": 311.64,
            "research_to_sale_ratio": 2.73,
            "price_fair": 84.2,
            "eps_avg_yearly": 2.41,
            "eps_latest_yearly": 4.04,
            "eps_growth_yearly": 42.24
        },
        "20102": {
            "year_quarter": 20102,
            "year": 2010,
            "quarter": 2,
            "eps": 0.48,
            "eps_growth_year": -17.87,
            "eps_4q": 2.92,
            "eps_4q_growth_year": 356.95,
            "roe": 2.46,
            "roe_4q": 14.16,
            "gross_profit": 12626321,
            "gross_margin": 28.09,
            "gross_margin_4q_avg": 25.65,
            "net_income": 2847286,
            "revenue": 44948323,
            "common_shares": 28431097,
            "book_valuer_per_share": 18.47,
            "book_valuer_per_share_4q_avg": 18.59,
            "equity": 114315628,
            "current_ratio": 177.65,
            "debt_ratio": 50.16,
            "inventory_turnover_ratio": 1.22,
            "account_receivable_turnover_ratio": 2.17,
            "reinvestment_rate": 324.38,
            "research_to_sale_ratio": 2.58,
            "price_fair": 83.6,
            "eps_avg_yearly": 2.39,
            "eps_latest_yearly": 1.92,
            "eps_growth_yearly": 44.13
        },
        "20103": {
            "year_quarter": 20103,
            "year": 2010,
            "quarter": 3,
            "eps": 0.89,
            "eps_growth_year": 3.77,
            "eps_4q": 2.97,
            "eps_4q_growth_year": 244.58,
            "roe": 4.16,
            "roe_4q": 13.690000000000001,
            "gross_profit": 13155426,
            "gross_margin": 26.47,
            "gross_margin_4q_avg": 26.4,
            "net_income": 4829797,
            "revenue": 49704329,
            "common_shares": 28997559,
            "book_valuer_per_share": 19.2,
            "book_valuer_per_share_4q_avg": 18.93,
            "equity": 118155189,
            "current_ratio": 182.18,
            "debt_ratio": 45.92,
            "inventory_turnover_ratio": 1.36,
            "account_receivable_turnover_ratio": 2.12,
            "reinvestment_rate": 305.45,
            "research_to_sale_ratio": 2.61,
            "price_fair": 87.3,
            "eps_avg_yearly": 2.49,
            "eps_latest_yearly": 3.56,
            "eps_growth_yearly": 69.59
        },
        "20104": {
            "year_quarter": 20104,
            "year": 2010,
            "quarter": 4,
            "eps": 0.41,
            "eps_growth_year": -34.05,
            "eps_4q": 2.77,
            "eps_4q_growth_year": 10.15,
            "roe": 2.93,
            "roe_4q": 13.75,
            "gross_profit": 9172351,
            "gross_margin": 19.44,
            "gross_margin_4q_avg": 24.83,
            "net_income": 3405029,
            "revenue": 47188001,
            "common_shares": 28997559,
            "book_valuer_per_share": 18.66,
            "book_valuer_per_share_4q_avg": 18.96,
            "equity": 113942679,
            "current_ratio": 156.33,
            "debt_ratio": 44.92,
            "inventory_turnover_ratio": 1.4,
            "account_receivable_turnover_ratio": 1.9,
            "reinvestment_rate": 115.88,
            "research_to_sale_ratio": 2.74,
            "price_fair": 88.6,
            "eps_avg_yearly": 2.53,
            "eps_latest_yearly": 1.64,
            "eps_growth_yearly": 67.37
        },
        "20111": {
            "year_quarter": 20111,
            "year": 2011,
            "quarter": 1,
            "eps": 0.54,
            "eps_growth_year": -46.53,
            "eps_4q": 2.3,
            "eps_4q_growth_year": -25.14,
            "roe": 3.29,
            "roe_4q": 12.84,
            "gross_profit": 13211731,
            "gross_margin": 26.12,
            "gross_margin_4q_avg": 25.03,
            "net_income": 3842528,
            "revenue": 50576938,
            "common_shares": 29000619,
            "book_valuer_per_share": 19.71,
            "book_valuer_per_share_4q_avg": 19.01,
            "equity": 119468683,
            "current_ratio": 146.62,
            "debt_ratio": 46.22,
            "inventory_turnover_ratio": 1.27,
            "account_receivable_turnover_ratio": 1.98,
            "reinvestment_rate": 285.6,
            "research_to_sale_ratio": 2.68,
            "price_fair": 90.5,
            "eps_avg_yearly": 2.59,
            "eps_latest_yearly": 2.16,
            "eps_growth_yearly": 69.29
        },
        "20112": {
            "year_quarter": 20112,
            "year": 2011,
            "quarter": 2,
            "eps": 0.41,
            "eps_growth_year": -15.07,
            "eps_4q": 2.23,
            "eps_4q_growth_year": -23.55,
            "roe": 1.98,
            "roe_4q": 12.36,
            "gross_profit": 10145516,
            "gross_margin": 21.97,
            "gross_margin_4q_avg": 23.5,
            "net_income": 2337283,
            "revenue": 46169346,
            "common_shares": 29004359,
            "book_valuer_per_share": 18.78,
            "book_valuer_per_share_4q_avg": 19.09,
            "equity": 116897754,
            "current_ratio": 167.94,
            "debt_ratio": 46.81,
            "inventory_turnover_ratio": 1.12,
            "account_receivable_turnover_ratio": 1.86,
            "reinvestment_rate": 283.15,
            "research_to_sale_ratio": 2.73,
            "price_fair": 90.1,
            "eps_avg_yearly": 2.57,
            "eps_latest_yearly": 1.64,
            "eps_growth_yearly": 54.25
        },
        "20113": {
            "year_quarter": 20113,
            "year": 2011,
            "quarter": 3,
            "eps": 0.66,
            "eps_growth_year": -26.31,
            "eps_4q": 2,
            "eps_4q_growth_year": -32.46,
            "roe": 3.19,
            "roe_4q": 11.39,
            "gross_profit": 12446019,
            "gross_margin": 22.95,
            "gross_margin_4q_avg": 22.62,
            "net_income": 3873025,
            "revenue": 54242307,
            "common_shares": 29086389,
            "book_valuer_per_share": 20,
            "book_valuer_per_share_4q_avg": 19.29,
            "equity": 125737085,
            "current_ratio": 147.74,
            "debt_ratio": 49.62,
            "inventory_turnover_ratio": 1.23,
            "account_receivable_turnover_ratio": 2.16,
            "reinvestment_rate": 322.59,
            "research_to_sale_ratio": 2.66,
            "price_fair": 89.1,
            "eps_avg_yearly": 2.55,
            "eps_latest_yearly": 2.64,
            "eps_growth_yearly": 51.99
        },
        "20114": {
            "year_quarter": 20114,
            "year": 2011,
            "quarter": 4,
            "eps": 0.4,
            "eps_growth_year": -2.68,
            "eps_4q": 1.99,
            "eps_4q_growth_year": -28.16,
            "roe": 2.25,
            "roe_4q": 10.71,
            "gross_profit": 13038133,
            "gross_margin": 22.69,
            "gross_margin_4q_avg": 23.43,
            "net_income": 2837701,
            "revenue": 57450564,
            "common_shares": 29241469,
            "book_valuer_per_share": 19.7,
            "book_valuer_per_share_4q_avg": 19.55,
            "equity": 126303555,
            "current_ratio": 179.91,
            "debt_ratio": 47.31,
            "inventory_turnover_ratio": 1.21,
            "account_receivable_turnover_ratio": 2.14,
            "reinvestment_rate": 140.73,
            "research_to_sale_ratio": 2.54,
            "price_fair": 88.6,
            "eps_avg_yearly": 2.53,
            "eps_latest_yearly": 1.6,
            "eps_growth_yearly": 52.38
        },
        "20121": {
            "year_quarter": 20121,
            "year": 2012,
            "quarter": 1,
            "eps": 0.83,
            "eps_growth_year": 53.7,
            "eps_4q": 2.28,
            "eps_4q_growth_year": -0.87,
            "roe": 3.76,
            "roe_4q": 11.18,
            "gross_profit": 14043175,
            "gross_margin": 24.54,
            "gross_margin_4q_avg": 23.04,
            "net_income": 4772027,
            "revenue": 57231600,
            "common_shares": 29402839,
            "book_valuer_per_share": 20.35,
            "book_valuer_per_share_4q_avg": 19.71,
            "equity": 127664881,
            "current_ratio": 167.54,
            "debt_ratio": 48.93,
            "inventory_turnover_ratio": 1.15,
            "account_receivable_turnover_ratio": 2.08,
            "reinvestment_rate": 161.41,
            "research_to_sale_ratio": 2.73,
            "price_fair": 85,
            "eps_avg_yearly": 2.43,
            "eps_latest_yearly": 3.32,
            "eps_growth_yearly": 36.11
        },
        "20122": {
            "year_quarter": 20122,
            "year": 2012,
            "quarter": 2,
            "eps": 1.05,
            "eps_growth_year": 155.66,
            "eps_4q": 2.92,
            "eps_4q_growth_year": 31.02,
            "roe": 3.74,
            "roe_4q": 12.94,
            "gross_profit": 13029352,
            "gross_margin": 24.5,
            "gross_margin_4q_avg": 23.67,
            "net_income": 4799168,
            "revenue": 53173436,
            "common_shares": 29416659,
            "book_valuer_per_share": 20.1,
            "book_valuer_per_share_4q_avg": 20.04,
            "equity": 129303901,
            "current_ratio": 154.87,
            "debt_ratio": 48.36,
            "inventory_turnover_ratio": 1.04,
            "account_receivable_turnover_ratio": 1.98,
            "reinvestment_rate": 159.77,
            "research_to_sale_ratio": 2.58,
            "price_fair": 90.7,
            "eps_avg_yearly": 2.59,
            "eps_latest_yearly": 4.2,
            "eps_growth_yearly": 60.73
        },
        "20123": {
            "year_quarter": 20123,
            "year": 2012,
            "quarter": 3,
            "eps": 0.99,
            "eps_growth_year": 50.07,
            "eps_4q": 3.26,
            "eps_4q_growth_year": 62.47,
            "roe": 3.84,
            "roe_4q": 13.59,
            "gross_profit": 14508556,
            "gross_margin": 24.81,
            "gross_margin_4q_avg": 24.14,
            "net_income": 5026064,
            "revenue": 58484963,
            "common_shares": 29431849,
            "book_valuer_per_share": 21.3,
            "book_valuer_per_share_4q_avg": 20.36,
            "equity": 132187933,
            "current_ratio": 169.01,
            "debt_ratio": 45.71,
            "inventory_turnover_ratio": 1.12,
            "account_receivable_turnover_ratio": 2.29,
            "reinvestment_rate": 145.27,
            "research_to_sale_ratio": 2.63,
            "price_fair": 97.4,
            "eps_avg_yearly": 2.78,
            "eps_latest_yearly": 3.96,
            "eps_growth_yearly": 68.63
        },
        "20124": {
            "year_quarter": 20124,
            "year": 2012,
            "quarter": 4,
            "eps": 0.6,
            "eps_growth_year": 50.91,
            "eps_4q": 3.46,
            "eps_4q_growth_year": 73.75,
            "roe": 3.27,
            "roe_4q": 14.61,
            "gross_profit": 23649820,
            "gross_margin": 22.06,
            "gross_margin_4q_avg": 23.98,
            "net_income": 4342563,
            "revenue": 107217670,
            "common_shares": 29431849,
            "book_valuer_per_share": 21.56,
            "book_valuer_per_share_4q_avg": 20.83,
            "equity": 133230081,
            "current_ratio": 169.17,
            "debt_ratio": 45.41,
            "inventory_turnover_ratio": 2.15,
            "account_receivable_turnover_ratio": 3.78,
            "reinvestment_rate": 117.83,
            "research_to_sale_ratio": 2.58,
            "price_fair": 96.51,
            "eps_avg_yearly": 2.76,
            "eps_latest_yearly": 2.4,
            "eps_growth_yearly": 53.55
        },
        "20131": {
            "year_quarter": 20131,
            "year": 2013,
            "quarter": 1,
            "eps": 0.45,
            "eps_growth_year": -45.78,
            "eps_4q": 3.09,
            "eps_4q_growth_year": 35.73,
            "roe": 1.52,
            "roe_4q": 12.37,
            "gross_profit": 10765531,
            "gross_margin": 21.2,
            "gross_margin_4q_avg": 23.14,
            "net_income": 2049213,
            "revenue": 50783229,
            "common_shares": 29437801,
            "book_valuer_per_share": 21.43,
            "book_valuer_per_share_4q_avg": 21.1,
            "equity": 135708630,
            "current_ratio": 177.38,
            "debt_ratio": 45.03,
            "inventory_turnover_ratio": 1.01,
            "account_receivable_turnover_ratio": 1.84,
            "reinvestment_rate": 98.09,
            "research_to_sale_ratio": 2.98,
            "price_fair": 94.41,
            "eps_avg_yearly": 2.7,
            "eps_latest_yearly": 1.8,
            "eps_growth_yearly": 43.95
        },
        "20132": {
            "year_quarter": 20132,
            "year": 2013,
            "quarter": 2,
            "eps": 0.91,
            "eps_growth_year": -13.52,
            "eps_4q": 2.95,
            "eps_4q_growth_year": 0.89,
            "roe": 3.53,
            "roe_4q": 12.16,
            "gross_profit": 13211011,
            "gross_margin": 22.07,
            "gross_margin_4q_avg": 22.54,
            "net_income": 4716726,
            "revenue": 59864915,
            "common_shares": 29441372,
            "book_valuer_per_share": 19.33,
            "book_valuer_per_share_4q_avg": 20.91,
            "equity": 131184882,
            "current_ratio": 205.04,
            "debt_ratio": 46.03,
            "inventory_turnover_ratio": 1.17,
            "account_receivable_turnover_ratio": 2.07,
            "reinvestment_rate": 88.16,
            "research_to_sale_ratio": 2.55,
            "price_fair": 97.21,
            "eps_avg_yearly": 2.78,
            "eps_latest_yearly": 3.64,
            "eps_growth_yearly": 63.78
        },
        "20133": {
            "year_quarter": 20133,
            "year": 2013,
            "quarter": 3,
            "eps": 1.33,
            "eps_growth_year": 34.77,
            "eps_4q": 3.29,
            "eps_4q_growth_year": 1.05,
            "roe": 4.5,
            "roe_4q": 12.819999999999999,
            "gross_profit": 12460827,
            "gross_margin": 22.28,
            "gross_margin_4q_avg": 21.9,
            "net_income": 5909695,
            "revenue": 55923992,
            "common_shares": 29441372,
            "book_valuer_per_share": 19.58,
            "book_valuer_per_share_4q_avg": 20.48,
            "equity": 131702677,
            "current_ratio": 206.08,
            "debt_ratio": 46.07,
            "inventory_turnover_ratio": 1.08,
            "account_receivable_turnover_ratio": 1.89,
            "reinvestment_rate": 81.59,
            "research_to_sale_ratio": 2.72,
            "price_fair": 101.33,
            "eps_avg_yearly": 2.9,
            "eps_latest_yearly": 5.32,
            "eps_growth_yearly": 63.87
        },
        "20134": {
            "year_quarter": 20134,
            "year": 2013,
            "quarter": 4,
            "eps": 0.93,
            "eps_growth_year": 54.55,
            "eps_4q": 3.62,
            "eps_4q_growth_year": 4.53,
            "roe": 3.15,
            "roe_4q": 12.7,
            "gross_profit": 14090563,
            "gross_margin": 23.45,
            "gross_margin_4q_avg": 22.25,
            "net_income": 4235316,
            "revenue": 60092433,
            "common_shares": 29441372,
            "book_valuer_per_share": 20.86,
            "book_valuer_per_share_4q_avg": 20.3,
            "equity": 137620177,
            "current_ratio": 195.09,
            "debt_ratio": 44.54,
            "inventory_turnover_ratio": 1.13,
            "account_receivable_turnover_ratio": 2.06,
            "reinvestment_rate": -23.99,
            "research_to_sale_ratio": 2.81,
            "price_fair": 104.04,
            "eps_avg_yearly": 2.97,
            "eps_latest_yearly": 3.72,
            "eps_growth_yearly": 63.33
        },
        "20141": {
            "year_quarter": 20141,
            "year": 2014,
            "quarter": 1,
            "eps": 0.36,
            "eps_growth_year": -20,
            "eps_4q": 3.52,
            "eps_4q_growth_year": 13.81,
            "roe": 1.54,
            "roe_4q": 12.719999999999999,
            "gross_profit": 13058858,
            "gross_margin": 23.41,
            "gross_margin_4q_avg": 22.8,
            "net_income": 2166761,
            "revenue": 55792227,
            "common_shares": 29441372,
            "book_valuer_per_share": 21.81,
            "book_valuer_per_share_4q_avg": 20.4,
            "equity": 142866449,
            "current_ratio": 185.62,
            "debt_ratio": 44.24,
            "inventory_turnover_ratio": 1.02,
            "account_receivable_turnover_ratio": 1.9,
            "reinvestment_rate": 8.27,
            "research_to_sale_ratio": 2.71,
            "price_fair": 98.35,
            "eps_avg_yearly": 2.81,
            "eps_latest_yearly": 1.44,
            "eps_growth_yearly": 32.28
        },
        "20142": {
            "year_quarter": 20142,
            "year": 2014,
            "quarter": 2,
            "eps": 0.39,
            "eps_growth_year": -57.14,
            "eps_4q": 3,
            "eps_4q_growth_year": 1.77,
            "roe": 1.17,
            "roe_4q": 10.36,
            "gross_profit": 14398755,
            "gross_margin": 22.49,
            "gross_margin_4q_avg": 22.91,
            "net_income": 1639781,
            "revenue": 64035305,
            "common_shares": 29441372,
            "book_valuer_per_share": 21.49,
            "book_valuer_per_share_4q_avg": 20.94,
            "equity": 137920943,
            "current_ratio": 171.16,
            "debt_ratio": 45.48,
            "inventory_turnover_ratio": 1.21,
            "account_receivable_turnover_ratio": 2.13,
            "reinvestment_rate": 3.91,
            "research_to_sale_ratio": 2.58,
            "price_fair": 97.56,
            "eps_avg_yearly": 2.79,
            "eps_latest_yearly": 1.56,
            "eps_growth_yearly": 47.49
        },
        "20143": {
            "year_quarter": 20143,
            "year": 2014,
            "quarter": 3,
            "eps": 1.34,
            "eps_growth_year": 0.75,
            "eps_4q": 3.01,
            "eps_4q_growth_year": -8.53,
            "roe": 4.07,
            "roe_4q": 9.93,
            "gross_profit": 12945565,
            "gross_margin": 21.64,
            "gross_margin_4q_avg": 22.75,
            "net_income": 5665295,
            "revenue": 59824926,
            "common_shares": 29441372,
            "book_valuer_per_share": 21.64,
            "book_valuer_per_share_4q_avg": 21.45,
            "equity": 140357529,
            "current_ratio": 186.14,
            "debt_ratio": 46.12,
            "inventory_turnover_ratio": 1.13,
            "account_receivable_turnover_ratio": 1.97,
            "reinvestment_rate": 4.46,
            "research_to_sale_ratio": 2.75,
            "price_fair": 101.5,
            "eps_avg_yearly": 2.9,
            "eps_latest_yearly": 5.36,
            "eps_growth_yearly": 87.03
        },
        "20144": {
            "year_quarter": 20144,
            "year": 2014,
            "quarter": 4,
            "eps": 0.84,
            "eps_growth_year": -9.43,
            "eps_4q": 2.93,
            "eps_4q_growth_year": -19.14,
            "roe": 3,
            "roe_4q": 9.780000000000001,
            "gross_profit": 14865570,
            "gross_margin": 23.11,
            "gross_margin_4q_avg": 22.66,
            "net_income": 4387612,
            "revenue": 64323840,
            "common_shares": 29441372,
            "book_valuer_per_share": 24.02,
            "book_valuer_per_share_4q_avg": 22.24,
            "equity": 152125595,
            "current_ratio": 192.39,
            "debt_ratio": 44.28,
            "inventory_turnover_ratio": 1.1,
            "account_receivable_turnover_ratio": 2.13,
            "reinvestment_rate": 42.38,
            "research_to_sale_ratio": 2.56,
            "price_fair": 105.26,
            "eps_avg_yearly": 3.01,
            "eps_latest_yearly": 3.36,
            "eps_growth_yearly": 91.18
        },
        "20151": {
            "year_quarter": 20151,
            "year": 2015,
            "quarter": 1,
            "eps": 0.71,
            "eps_growth_year": 97.22,
            "eps_4q": 3.28,
            "eps_4q_growth_year": -6.68,
            "roe": 2.42,
            "roe_4q": 10.66,
            "gross_profit": 14248453,
            "gross_margin": 22.89,
            "gross_margin_4q_avg": 22.53,
            "net_income": 3703097,
            "revenue": 62252413,
            "common_shares": 29441372,
            "book_valuer_per_share": 25.25,
            "book_valuer_per_share_4q_avg": 23.1,
            "equity": 154039629,
            "current_ratio": 183.26,
            "debt_ratio": 44.27,
            "inventory_turnover_ratio": 1.03,
            "account_receivable_turnover_ratio": 2.1,
            "reinvestment_rate": 40.5,
            "research_to_sale_ratio": 2.4,
            "price_fair": 106.75,
            "eps_avg_yearly": 3.05,
            "eps_latest_yearly": 2.84,
            "eps_growth_yearly": 79.39
        },
        "20152": {
            "year_quarter": 20152,
            "year": 2015,
            "quarter": 2,
            "eps": 0.91,
            "eps_growth_year": 133.33,
            "eps_4q": 3.8,
            "eps_4q_growth_year": 26.69,
            "roe": 3.16,
            "roe_4q": 12.65,
            "gross_profit": 16465682,
            "gross_margin": 23.35,
            "gross_margin_4q_avg": 22.75,
            "net_income": 4814494,
            "revenue": 70507475,
            "common_shares": 29441372,
            "book_valuer_per_share": 23.81,
            "book_valuer_per_share_4q_avg": 23.68,
            "equity": 150577074,
            "current_ratio": 161.1,
            "debt_ratio": 44.18,
            "inventory_turnover_ratio": 1.23,
            "account_receivable_turnover_ratio": 2.31,
            "reinvestment_rate": 31.25,
            "research_to_sale_ratio": 1.93,
            "price_fair": 111.13,
            "eps_avg_yearly": 3.18,
            "eps_latest_yearly": 3.64,
            "eps_growth_yearly": 92.45
        },
        "20153": {
            "year_quarter": 20153,
            "year": 2015,
            "quarter": 3,
            "eps": 1.21,
            "eps_growth_year": -9.7,
            "eps_4q": 3.67,
            "eps_4q_growth_year": 21.96,
            "roe": 3.32,
            "roe_4q": 11.9,
            "gross_profit": 15391286,
            "gross_margin": 23.43,
            "gross_margin_4q_avg": 23.2,
            "net_income": 5054500,
            "revenue": 65689709,
            "common_shares": 29467872,
            "book_valuer_per_share": 23.43,
            "book_valuer_per_share_4q_avg": 24.13,
            "equity": 153887740,
            "current_ratio": 160.99,
            "debt_ratio": 45.19,
            "inventory_turnover_ratio": 1.15,
            "account_receivable_turnover_ratio": 2.03,
            "reinvestment_rate": 4.55,
            "research_to_sale_ratio": 2.52,
            "price_fair": 115.94,
            "eps_avg_yearly": 3.31,
            "eps_latest_yearly": 4.84,
            "eps_growth_yearly": 85.45
        },
        "20154": {
            "year_quarter": 20154,
            "year": 2015,
            "quarter": 4,
            "eps": 0.4,
            "eps_growth_year": -52.12,
            "eps_4q": 3.23,
            "eps_4q_growth_year": 10.53,
            "roe": 1.96,
            "roe_4q": 10.86,
            "gross_profit": 18399997,
            "gross_margin": 26.05,
            "gross_margin_4q_avg": 23.93,
            "net_income": 3029375,
            "revenue": 70631576,
            "common_shares": 29467872,
            "book_valuer_per_share": 23.51,
            "book_valuer_per_share_4q_avg": 24,
            "equity": 154803667,
            "current_ratio": 158.04,
            "debt_ratio": 44.84,
            "inventory_turnover_ratio": 1.13,
            "account_receivable_turnover_ratio": 2.16,
            "reinvestment_rate": 9.25,
            "research_to_sale_ratio": 2.13,
            "price_fair": 115.94,
            "eps_avg_yearly": 3.31,
            "eps_latest_yearly": 1.6,
            "eps_growth_yearly": 78.56
        },
        "20161": {
            "year_quarter": 20161,
            "year": 2016,
            "quarter": 1,
            "eps": 1.02,
            "eps_growth_year": 43.66,
            "eps_4q": 3.54,
            "eps_4q_growth_year": 8,
            "roe": 3.16,
            "roe_4q": 11.6,
            "gross_profit": 16777486,
            "gross_margin": 24.88,
            "gross_margin_4q_avg": 24.43,
            "net_income": 4938048,
            "revenue": 67441263,
            "common_shares": 29467872,
            "book_valuer_per_share": 25.16,
            "book_valuer_per_share_4q_avg": 23.98,
            "equity": 157321621,
            "current_ratio": 178.75,
            "debt_ratio": 45.59,
            "inventory_turnover_ratio": 1.08,
            "account_receivable_turnover_ratio": 2.1,
            "reinvestment_rate": 22.31,
            "research_to_sale_ratio": 2.47,
            "price_fair": 117.6,
            "eps_avg_yearly": 3.36,
            "eps_latest_yearly": 4.08,
            "eps_growth_yearly": 90.43
        },
        "20162": {
            "year_quarter": 20162,
            "year": 2016,
            "quarter": 2,
            "eps": 0.73,
            "eps_growth_year": -19.78,
            "eps_4q": 3.37,
            "eps_4q_growth_year": -11.39,
            "roe": 3.27,
            "roe_4q": 11.71,
            "gross_profit": 18681451,
            "gross_margin": 25.48,
            "gross_margin_4q_avg": 24.96,
            "net_income": 5159436,
            "revenue": 73303578,
            "common_shares": 29467872,
            "book_valuer_per_share": 24.62,
            "book_valuer_per_share_4q_avg": 24.18,
            "equity": 158225360,
            "current_ratio": 177.54,
            "debt_ratio": 44.68,
            "inventory_turnover_ratio": 1.21,
            "account_receivable_turnover_ratio": 2.18,
            "reinvestment_rate": 21.01,
            "research_to_sale_ratio": 2.19,
            "price_fair": 114.8,
            "eps_avg_yearly": 3.28,
            "eps_latest_yearly": 2.92,
            "eps_growth_yearly": 76.7
        },
        "20163": {
            "year_quarter": 20163,
            "year": 2016,
            "quarter": 3,
            "eps": 1.27,
            "eps_growth_year": 4.96,
            "eps_4q": 3.42,
            "eps_4q_growth_year": -6.86,
            "roe": 3.89,
            "roe_4q": 12.280000000000001,
            "gross_profit": 16304862,
            "gross_margin": 25.4,
            "gross_margin_4q_avg": 25.45,
            "net_income": 6133840,
            "revenue": 64204345,
            "common_shares": 29467872,
            "book_valuer_per_share": 24.87,
            "book_valuer_per_share_4q_avg": 24.54,
            "equity": 157482840,
            "current_ratio": 176.49,
            "debt_ratio": 45.89,
            "inventory_turnover_ratio": 1.06,
            "account_receivable_turnover_ratio": 1.84,
            "reinvestment_rate": 25.15,
            "research_to_sale_ratio": 2.65,
            "price_fair": 117.25,
            "eps_avg_yearly": 3.35,
            "eps_latest_yearly": 5.08,
            "eps_growth_yearly": 96.62
        },
        "20164": {
            "year_quarter": 20164,
            "year": 2016,
            "quarter": 4,
            "eps": 1.41,
            "eps_growth_year": 251.18,
            "eps_4q": 4.43,
            "eps_4q_growth_year": 36.99,
            "roe": 4.23,
            "roe_4q": 14.55,
            "gross_profit": 18618995,
            "gross_margin": 26.62,
            "gross_margin_4q_avg": 25.6,
            "net_income": 6770595,
            "revenue": 69946160,
            "common_shares": 29467872,
            "book_valuer_per_share": 25.69,
            "book_valuer_per_share_4q_avg": 25.09,
            "equity": 163010704,
            "current_ratio": 202.48,
            "debt_ratio": 44.53,
            "inventory_turnover_ratio": 1.11,
            "account_receivable_turnover_ratio": 1.96,
            "reinvestment_rate": 33.59,
            "research_to_sale_ratio": 2.45,
            "price_fair": 124.34,
            "eps_avg_yearly": 3.55,
            "eps_latest_yearly": 5.64,
            "eps_growth_yearly": 109.23
        },
        "20171": {
            "year_quarter": 20171,
            "year": 2017,
            "quarter": 1,
            "eps": 0.55,
            "eps_growth_year": -46.08,
            "eps_4q": 3.96,
            "eps_4q_growth_year": 11.83,
            "roe": 2.37,
            "roe_4q": 13.76,
            "gross_profit": 16744013,
            "gross_margin": 25.54,
            "gross_margin_4q_avg": 25.76,
            "net_income": 3788837,
            "revenue": 65565096,
            "common_shares": 29467872,
            "book_valuer_per_share": 25.46,
            "book_valuer_per_share_4q_avg": 25.16,
            "equity": 156487820,
            "current_ratio": 192.97,
            "debt_ratio": 45.73,
            "inventory_turnover_ratio": 1.06,
            "account_receivable_turnover_ratio": 1.86,
            "reinvestment_rate": 25.23,
            "research_to_sale_ratio": 3.16,
            "price_fair": 125.21,
            "eps_avg_yearly": 3.58,
            "eps_latest_yearly": 2.2,
            "eps_growth_yearly": 100.23
        },
        "20172": {
            "year_quarter": 20172,
            "year": 2017,
            "quarter": 2,
            "eps": 0.9,
            "eps_growth_year": 23.29,
            "eps_4q": 4.13,
            "eps_4q_growth_year": 22.66,
            "roe": 3.2,
            "roe_4q": 13.690000000000001,
            "gross_profit": 18676747,
            "gross_margin": 26.21,
            "gross_margin_4q_avg": 25.94,
            "net_income": 5075323,
            "revenue": 71256720,
            "common_shares": 29467872,
            "book_valuer_per_share": 25.89,
            "book_valuer_per_share_4q_avg": 25.48,
            "equity": 160447891,
            "current_ratio": 200.57,
            "debt_ratio": 44.95,
            "inventory_turnover_ratio": 1.12,
            "account_receivable_turnover_ratio": 2.07,
            "reinvestment_rate": 39.89,
            "research_to_sale_ratio": 1.77,
            "price_fair": 125.13,
            "eps_avg_yearly": 3.58,
            "eps_latest_yearly": 3.6,
            "eps_growth_yearly": 90.58
        },
        "20173": {
            "year_quarter": 20173,
            "year": 2017,
            "quarter": 3,
            "eps": 1.63,
            "eps_growth_year": 28.35,
            "eps_4q": 4.49,
            "eps_4q_growth_year": 31.43,
            "roe": 4.44,
            "roe_4q": 14.240000000000002,
            "gross_profit": 17826188,
            "gross_margin": 25.76,
            "gross_margin_4q_avg": 26.03,
            "net_income": 7009745,
            "revenue": 69192312,
            "common_shares": 29467872,
            "book_valuer_per_share": 27.63,
            "book_valuer_per_share_4q_avg": 26.17,
            "equity": 155475880,
            "current_ratio": 172.75,
            "debt_ratio": 52.56,
            "inventory_turnover_ratio": 1.01,
            "account_receivable_turnover_ratio": 1.9,
            "reinvestment_rate": 54.63,
            "research_to_sale_ratio": 2.25,
            "price_fair": 127.75,
            "eps_avg_yearly": 3.65,
            "eps_latest_yearly": 6.52,
            "eps_growth_yearly": 99.32
        },
        "20174": {
            "year_quarter": 20174,
            "year": 2017,
            "quarter": 4,
            "eps": 1.3,
            "eps_growth_year": -7.78,
            "eps_4q": 4.38,
            "eps_4q_growth_year": -1.04,
            "roe": 3.73,
            "roe_4q": 13.740000000000002,
            "gross_profit": 19821376,
            "gross_margin": 27.3,
            "gross_margin_4q_avg": 26.2,
            "net_income": 5856685,
            "revenue": 72617744,
            "common_shares": 29467872,
            "book_valuer_per_share": 28.38,
            "book_valuer_per_share_4q_avg": 26.84,
            "equity": 158379946,
            "current_ratio": 183.12,
            "debt_ratio": 47.54,
            "inventory_turnover_ratio": 0.99,
            "account_receivable_turnover_ratio": 1.98,
            "reinvestment_rate": 52.8,
            "research_to_sale_ratio": 2.13,
            "price_fair": 130.99,
            "eps_avg_yearly": 3.74,
            "eps_latest_yearly": 5.2,
            "eps_growth_yearly": 101.78
        },
        "20181": {
            "year_quarter": 20181,
            "year": 2018,
            "quarter": 1,
            "eps": 0.69,
            "eps_growth_year": 25.45,
            "eps_4q": 4.53,
            "eps_4q_growth_year": 14.24,
            "roe": 2.34,
            "roe_4q": 13.71,
            "gross_profit": 17314176,
            "gross_margin": 25.74,
            "gross_margin_4q_avg": 26.25,
            "net_income": 3734396,
            "revenue": 67263906,
            "common_shares": 29467872,
            "book_valuer_per_share": 30.2,
            "book_valuer_per_share_4q_avg": 28.03,
            "equity": 161193603,
            "current_ratio": 176.97,
            "debt_ratio": 47.43,
            "inventory_turnover_ratio": 0.92,
            "account_receivable_turnover_ratio": 1.91,
            "reinvestment_rate": 45.93,
            "research_to_sale_ratio": 2.19,
            "price_fair": 133.88,
            "eps_avg_yearly": 3.83,
            "eps_latest_yearly": 2.76,
            "eps_growth_yearly": 105.37
        },
        "20182": {
            "year_quarter": 20182,
            "year": 2018,
            "quarter": 2,
            "eps": 0.96,
            "eps_growth_year": 6.67,
            "eps_4q": 4.58,
            "eps_4q_growth_year": 10.95,
            "roe": 2.44,
            "roe_4q": 12.95,
            "gross_profit": 18702489,
            "gross_margin": 25.22,
            "gross_margin_4q_avg": 26.01,
            "net_income": 3931673,
            "revenue": 74153143,
            "common_shares": 29467872,
            "book_valuer_per_share": 29.48,
            "book_valuer_per_share_4q_avg": 28.92,
            "equity": 160829750,
            "current_ratio": 172.2,
            "debt_ratio": 49.13,
            "inventory_turnover_ratio": 0.99,
            "account_receivable_turnover_ratio": 2.13,
            "reinvestment_rate": 46.83,
            "research_to_sale_ratio": 2.06,
            "price_fair": 138.86,
            "eps_avg_yearly": 3.97,
            "eps_latest_yearly": 3.84,
            "eps_growth_yearly": 113.07
        },
        "20183": {
            "year_quarter": 20183,
            "year": 2018,
            "quarter": 3,
            "eps": 1.23,
            "eps_growth_year": -24.54,
            "eps_4q": 4.18,
            "eps_4q_growth_year": -7.04,
            "roe": 2.9,
            "roe_4q": 11.41,
            "gross_profit": 18684509,
            "gross_margin": 25.51,
            "gross_margin_4q_avg": 25.94,
            "net_income": 4622836,
            "revenue": 73246246,
            "common_shares": 29467872,
            "book_valuer_per_share": 29.29,
            "book_valuer_per_share_4q_avg": 29.34,
            "equity": 157888661,
            "current_ratio": 167.88,
            "debt_ratio": 50.52,
            "inventory_turnover_ratio": 0.94,
            "account_receivable_turnover_ratio": 2.04,
            "reinvestment_rate": 46.11,
            "research_to_sale_ratio": 2.17,
            "price_fair": 137.9,
            "eps_avg_yearly": 3.94,
            "eps_latest_yearly": 4.92,
            "eps_growth_yearly": 59.2
        },
        "20184": {
            "year_quarter": 20184,
            "year": 2018,
            "quarter": 4,
            "eps": 0.76,
            "eps_growth_year": -41.77,
            "eps_4q": 3.63,
            "eps_4q_growth_year": -17.13,
            "roe": 2.63,
            "roe_4q": 10.309999999999999,
            "gross_profit": 20770121,
            "gross_margin": 26.41,
            "gross_margin_4q_avg": 25.72,
            "net_income": 4082961,
            "revenue": 78652794,
            "common_shares": 29467872,
            "book_valuer_per_share": 26.42,
            "book_valuer_per_share_4q_avg": 28.85,
            "equity": 152197706,
            "current_ratio": 176.18,
            "debt_ratio": 49.98,
            "inventory_turnover_ratio": 0.96,
            "account_receivable_turnover_ratio": 2.1,
            "reinvestment_rate": 10.66,
            "research_to_sale_ratio": 2.09,
            "price_fair": 137.2,
            "eps_avg_yearly": 3.92,
            "eps_latest_yearly": 3.04,
            "eps_growth_yearly": 58.98
        },
        "20191": {
            "year_quarter": 20191,
            "year": 2019,
            "quarter": 1,
            "eps": 0.99,
            "eps_growth_year": 43.48,
            "eps_4q": 3.93,
            "eps_4q_growth_year": -13.17,
            "roe": 2.74,
            "roe_4q": 10.709999999999999,
            "gross_profit": 19686650,
            "gross_margin": 25.69,
            "gross_margin_4q_avg": 25.71,
            "net_income": 4441510,
            "revenue": 76623509,
            "common_shares": 29467872,
            "book_valuer_per_share": 33.61,
            "book_valuer_per_share_4q_avg": 29.7,
            "equity": 172417922,
            "current_ratio": 163.46,
            "debt_ratio": 49.56,
            "inventory_turnover_ratio": 0.93,
            "account_receivable_turnover_ratio": 2.01,
            "reinvestment_rate": 43.52,
            "research_to_sale_ratio": 2.06,
            "price_fair": 139.65,
            "eps_avg_yearly": 3.99,
            "eps_latest_yearly": 3.96,
            "eps_growth_yearly": 70.41
        },
        "20192": {
            "year_quarter": 20192,
            "year": 2019,
            "quarter": 2,
            "eps": 1.37,
            "eps_growth_year": 42.71,
            "eps_4q": 4.34,
            "eps_4q_growth_year": -5.28,
            "roe": 3.34,
            "roe_4q": 11.610000000000001,
            "gross_profit": 20616040,
            "gross_margin": 25.49,
            "gross_margin_4q_avg": 25.78,
            "net_income": 5941264,
            "revenue": 80878871,
            "common_shares": 29467872,
            "book_valuer_per_share": 36.93,
            "book_valuer_per_share_4q_avg": 31.56,
            "equity": 183680733,
            "current_ratio": 157.1,
            "debt_ratio": 47.48,
            "inventory_turnover_ratio": 1.02,
            "account_receivable_turnover_ratio": 2.16,
            "reinvestment_rate": 81.31,
            "research_to_sale_ratio": 1.93,
            "price_fair": 143.68,
            "eps_avg_yearly": 4.11,
            "eps_latest_yearly": 5.48,
            "eps_growth_yearly": 72.97
        },
        "20193": {
            "year_quarter": 20193,
            "year": 2019,
            "quarter": 3,
            "eps": 1.49,
            "eps_growth_year": 21.14,
            "eps_4q": 4.61,
            "eps_4q_growth_year": 10.28,
            "roe": 3.04,
            "roe_4q": 11.75,
            "gross_profit": 19041770,
            "gross_margin": 24.85,
            "gross_margin_4q_avg": 25.61,
            "net_income": 5706106,
            "revenue": 76624364,
            "common_shares": 29467872,
            "book_valuer_per_share": 40.15,
            "book_valuer_per_share_4q_avg": 34.28,
            "equity": 192126707,
            "current_ratio": 164.03,
            "debt_ratio": 47.34,
            "inventory_turnover_ratio": 1,
            "account_receivable_turnover_ratio": 2.13,
            "reinvestment_rate": 94.35,
            "research_to_sale_ratio": 2.12,
            "price_fair": 146.13,
            "eps_avg_yearly": 4.18,
            "eps_latest_yearly": 5.96,
            "eps_growth_yearly": 66.91
        },
        "20194": {
            "year_quarter": 20194,
            "year": 2019,
            "quarter": 4,
            "eps": 0.17,
            "eps_growth_year": -78.25,
            "eps_4q": 4.01,
            "eps_4q_growth_year": 10.46,
            "roe": 1,
            "roe_4q": 10.120000000000001,
            "gross_profit": 20170894,
            "gross_margin": 25.52,
            "gross_margin_4q_avg": 25.39,
            "net_income": 1913894,
            "revenue": 79029841,
            "common_shares": 29467872,
            "book_valuer_per_share": 39.84,
            "book_valuer_per_share_4q_avg": 37.63,
            "equity": 189869027,
            "current_ratio": 168.62,
            "debt_ratio": 47.7,
            "inventory_turnover_ratio": 0.99,
            "account_receivable_turnover_ratio": 2.31,
            "reinvestment_rate": 84.24,
            "research_to_sale_ratio": 2.13,
            "price_fair": 144.11,
            "eps_avg_yearly": 4.12,
            "eps_latest_yearly": 0.68,
            "eps_growth_yearly": 61.5
        },
        "20201": {
            "year_quarter": 20201,
            "year": 2020,
            "quarter": 1,
            "eps": 0.4,
            "eps_growth_year": -59.6,
            "eps_4q": 3.43,
            "eps_4q_growth_year": -12.84,
            "roe": 0.05,
            "roe_4q": 7.43,
            "gross_profit": 12714039,
            "gross_margin": 21.39,
            "gross_margin_4q_avg": 24.31,
            "net_income": 82208,
            "revenue": 59448420,
            "common_shares": 29467872,
            "book_valuer_per_share": 34.32,
            "book_valuer_per_share_4q_avg": 37.81,
            "equity": 170017203,
            "current_ratio": 167.71,
            "debt_ratio": 49.8,
            "inventory_turnover_ratio": 0.83,
            "account_receivable_turnover_ratio": 1.85,
            "reinvestment_rate": 46.66,
            "research_to_sale_ratio": 2.45,
            "price_fair": 138.69,
            "eps_avg_yearly": 3.96,
            "eps_latest_yearly": 1.6,
            "eps_growth_yearly": 56.58
        },
        "20202": {
            "year_quarter": 20202,
            "year": 2020,
            "quarter": 2,
            "eps": -0.18,
            "eps_growth_year": -113.14,
            "eps_4q": 1.88,
            "eps_4q_growth_year": -56.72,
            "roe": -0.81,
            "roe_4q": 3.2800000000000002,
            "gross_profit": 12637356,
            "gross_margin": 19.93,
            "gross_margin_4q_avg": 22.92,
            "net_income": -1433096,
            "revenue": 63410225,
            "common_shares": 29467872,
            "book_valuer_per_share": 39.64,
            "book_valuer_per_share_4q_avg": 38.49,
            "equity": 183923750,
            "current_ratio": 162.62,
            "debt_ratio": 48.77,
            "inventory_turnover_ratio": 1.03,
            "account_receivable_turnover_ratio": 2.01,
            "reinvestment_rate": 92.6,
            "research_to_sale_ratio": 2.2,
            "price_fair": 141.12,
            "eps_avg_yearly": 4.03,
            "eps_latest_yearly": 1.6,
            "eps_growth_yearly": 67.93
        },
        "20203": {
            "year_quarter": 20203,
            "year": 2020,
            "quarter": 3,
            "eps": 1.14,
            "eps_growth_year": -23.49,
            "eps_4q": 1.52,
            "eps_4q_growth_year": -66.94,
            "roe": 1.8,
            "roe_4q": 2.04,
            "gross_profit": 12645478,
            "gross_margin": 21.39,
            "gross_margin_4q_avg": 22.06,
            "net_income": 3334043,
            "revenue": 59112964,
            "common_shares": 29467872,
            "book_valuer_per_share": 40.77,
            "book_valuer_per_share_4q_avg": 38.64,
            "equity": 186799939,
            "current_ratio": 175.21,
            "debt_ratio": 47.11,
            "inventory_turnover_ratio": 0.99,
            "account_receivable_turnover_ratio": 2.04,
            "reinvestment_rate": 97.4,
            "research_to_sale_ratio": 2.21,
            "price_fair": 138.5,
            "eps_avg_yearly": 3.96,
            "eps_latest_yearly": 1.6,
            "eps_growth_yearly": 51.65
        },
        "20204": {
            "year_quarter": 20204,
            "year": 2020,
            "quarter": 4,
            "eps": 0.28,
            "eps_growth_year": 72.29,
            "eps_4q": 1.64,
            "eps_4q_growth_year": -59.08,
            "roe": 1,
            "roe_4q": 2.0399999999999996,
            "gross_profit": 16754232,
            "gross_margin": 24.64,
            "gross_margin_4q_avg": 21.84,
            "net_income": 1936262,
            "revenue": 67982702,
            "common_shares": 29467872,
            "book_valuer_per_share": 45.51,
            "book_valuer_per_share_4q_avg": 40.06,
            "equity": 201243202,
            "current_ratio": 182.06,
            "debt_ratio": 45.45,
            "inventory_turnover_ratio": 1.04,
            "account_receivable_turnover_ratio": 2.38,
            "reinvestment_rate": 127.4,
            "research_to_sale_ratio": 2.08,
            "price_fair": 127.2,
            "eps_avg_yearly": 3.63,
            "eps_latest_yearly": 1.12,
            "eps_growth_yearly": 26.94
        },
        "20211": {
            "year_quarter": 20211,
            "year": 2021,
            "quarter": 1,
            "eps": 2.13,
            "eps_growth_year": 432.5,
            "eps_4q": 3.37,
            "eps_4q_growth_year": -1.63,
            "roe": 4.15,
            "roe_4q": 6.140000000000001,
            "gross_profit": 18212806,
            "gross_margin": 25.69,
            "gross_margin_4q_avg": 22.91,
            "net_income": 8125255,
            "revenue": 70894521,
            "common_shares": 29467872,
            "book_valuer_per_share": 41.37,
            "book_valuer_per_share_4q_avg": 41.82,
            "equity": 190795297,
            "current_ratio": 182.11,
            "debt_ratio": 46.86,
            "inventory_turnover_ratio": 1.05,
            "account_receivable_turnover_ratio": 2.2,
            "reinvestment_rate": 88.56,
            "research_to_sale_ratio": 1.89,
            "price_fair": 143,
            "eps_avg_yearly": 4.09,
            "eps_latest_yearly": 8.52,
            "eps_growth_yearly": 233.15
        },
        "20212": {
            "year_quarter": 20212,
            "year": 2021,
            "quarter": 2,
            "eps": 1.25,
            "eps_growth_year": null,
            "eps_4q": 4.8,
            "eps_4q_growth_year": 155.61,
            "roe": 2.72,
            "roe_4q": 9.670000000000002,
            "gross_profit": 17091233,
            "gross_margin": 26.34,
            "gross_margin_4q_avg": 24.52,
            "net_income": 5327157,
            "revenue": 64897672,
            "common_shares": 29467872,
            "book_valuer_per_share": 44.78,
            "book_valuer_per_share_4q_avg": 43.11,
            "equity": 201324555,
            "current_ratio": 185.25,
            "debt_ratio": 44.71,
            "inventory_turnover_ratio": 0.95,
            "account_receivable_turnover_ratio": 2.03,
            "reinvestment_rate": 99.5,
            "research_to_sale_ratio": 2.02,
            "price_fair": 146.5,
            "eps_avg_yearly": 4.19,
            "eps_latest_yearly": 5,
            "eps_growth_yearly": 203.16
        },
        "20213": {
            "year_quarter": 20213,
            "year": 2021,
            "quarter": 3,
            "eps": 0.87,
            "eps_growth_year": -23.68,
            "eps_4q": 4.54,
            "eps_4q_growth_year": 197.74,
            "roe": 0.78,
            "roe_4q": 8.65,
            "gross_profit": 9089702,
            "gross_margin": 19.92,
            "gross_margin_4q_avg": 24.15,
            "net_income": 1562873,
            "revenue": 45631214,
            "common_shares": 29467872,
            "book_valuer_per_share": 43.96,
            "book_valuer_per_share_4q_avg": 43.91,
            "equity": 198087553,
            "current_ratio": 138.75,
            "debt_ratio": 44.61,
            "inventory_turnover_ratio": 0.7,
            "account_receivable_turnover_ratio": 1.78,
            "reinvestment_rate": 82.35,
            "research_to_sale_ratio": 2.48,
            "price_fair": 138.9,
            "eps_avg_yearly": 3.97,
            "eps_latest_yearly": 3.48,
            "eps_growth_yearly": 171.3
        },
        "20214": {
            "year_quarter": 20214,
            "year": 2021,
            "quarter": 4,
            "eps": 0.65,
            "eps_growth_year": 128.3,
            "eps_4q": 4.9,
            "eps_4q_growth_year": 198.32,
            "roe": 0.78,
            "roe_4q": 8.43,
            "gross_profit": 13829284,
            "gross_margin": 23.66,
            "gross_margin_4q_avg": 23.9,
            "net_income": 1588158,
            "revenue": 58461002,
            "common_shares": 29467872,
            "book_valuer_per_share": 47.32,
            "book_valuer_per_share_4q_avg": 44.36,
            "equity": 207496752,
            "current_ratio": 183.42,
            "debt_ratio": 43.44,
            "inventory_turnover_ratio": 0.77,
            "account_receivable_turnover_ratio": 2.51,
            "reinvestment_rate": 97.69,
            "research_to_sale_ratio": 2.24,
            "price_fair": 132.4,
            "eps_avg_yearly": 3.78,
            "eps_latest_yearly": 2.6,
            "eps_growth_yearly": 169.86
        },
        "20221": {
            "year_quarter": 20221,
            "year": 2022,
            "quarter": 1,
            "eps": 1.57,
            "eps_growth_year": -26.29,
            "eps_4q": 4.34,
            "eps_4q_growth_year": 28.92,
            "roe": 3.09,
            "roe_4q": 7.370000000000001,
            "gross_profit": 16184614,
            "gross_margin": 24.06,
            "gross_margin_4q_avg": 23.5,
            "net_income": 6072787,
            "revenue": 67263361,
            "common_shares": 29467872,
            "book_valuer_per_share": 38.77,
            "book_valuer_per_share_4q_avg": 43.71,
            "equity": 185522671,
            "current_ratio": 181.35,
            "debt_ratio": 46.89,
            "inventory_turnover_ratio": 0.83,
            "account_receivable_turnover_ratio": 2.36,
            "reinvestment_rate": 20.12,
            "research_to_sale_ratio": 1.98,
            "price_fair": 141.2,
            "eps_avg_yearly": 4.03,
            "eps_latest_yearly": 6.28,
            "eps_growth_yearly": 223.7
        },
        "20222": {
            "year_quarter": 20222,
            "year": 2022,
            "quarter": 2,
            "eps": 1.72,
            "eps_growth_year": 37.6,
            "eps_4q": 4.81,
            "eps_4q_growth_year": 0.12,
            "roe": 3.73,
            "roe_4q": 8.38,
            "gross_profit": 15763771,
            "gross_margin": 23.07,
            "gross_margin_4q_avg": 22.68,
            "net_income": 6071210,
            "revenue": 68337874,
            "common_shares": 29467872,
            "book_valuer_per_share": 22.65,
            "book_valuer_per_share_4q_avg": 38.18,
            "equity": 140076563,
            "current_ratio": 179.18,
            "debt_ratio": 54.36,
            "inventory_turnover_ratio": 0.87,
            "account_receivable_turnover_ratio": 2.09,
            "reinvestment_rate": -73.9,
            "research_to_sale_ratio": 2.09,
            "price_fair": 148.8,
            "eps_avg_yearly": 4.25,
            "eps_latest_yearly": 6.88,
            "eps_growth_yearly": 215.25
        },
        "20223": {
            "year_quarter": 20223,
            "year": 2022,
            "quarter": 3,
            "eps": 1.94,
            "eps_growth_year": 122.99,
            "eps_4q": 5.88,
            "eps_4q_growth_year": 29.76,
            "roe": 4.94,
            "roe_4q": 12.54,
            "gross_profit": 17357137,
            "gross_margin": 25.16,
            "gross_margin_4q_avg": 23.99,
            "net_income": 7152181,
            "revenue": 68975710,
            "common_shares": 29467872,
            "book_valuer_per_share": 24.72,
            "book_valuer_per_share_4q_avg": 33.37,
            "equity": 149308700,
            "current_ratio": 187.35,
            "debt_ratio": 53.28,
            "inventory_turnover_ratio": 0.87,
            "account_receivable_turnover_ratio": 1.94,
            "reinvestment_rate": -62.51,
            "research_to_sale_ratio": 1.95,
            "price_fair": 155.9,
            "eps_avg_yearly": 4.45,
            "eps_latest_yearly": 7.76,
            "eps_growth_yearly": 210.87
        },
        "20224": {
            "year_quarter": 20224,
            "year": 2022,
            "quarter": 4,
            "eps": -0.94,
            "eps_growth_year": -245.46,
            "eps_4q": 4.29,
            "eps_4q_growth_year": -12.43,
            "roe": -1.45,
            "roe_4q": 10.31,
            "gross_profit": 15300570,
            "gross_margin": 24.32,
            "gross_margin_4q_avg": 24.15,
            "net_income": -2406712,
            "revenue": 62919855,
            "common_shares": 29467872,
            "book_valuer_per_share": 36.31,
            "book_valuer_per_share_4q_avg": 30.61,
            "equity": 182127478,
            "current_ratio": 195.75,
            "debt_ratio": 43.88,
            "inventory_turnover_ratio": 0.83,
            "account_receivable_turnover_ratio": 1.94,
            "reinvestment_rate": 23.95,
            "research_to_sale_ratio": 2.18,
            "price_fair": 159.71,
            "eps_avg_yearly": 4.56,
            "eps_latest_yearly": 7.76,
            "eps_growth_yearly": 238.85
        },
        "20231": {
            "year_quarter": 20231,
            "year": 2023,
            "quarter": 1,
            "eps": 0.34,
            "eps_growth_year": -78.34,
            "eps_4q": 3.05,
            "eps_4q_growth_year": -29.72,
            "roe": 1.18,
            "roe_4q": 8.4,
            "gross_profit": 15438738,
            "gross_margin": 23.99,
            "gross_margin_4q_avg": 24.14,
            "net_income": 2184983,
            "revenue": 64366793,
            "common_shares": 29467872,
            "book_valuer_per_share": 38.57,
            "book_valuer_per_share_4q_avg": 30.56,
            "equity": 187435736,
            "current_ratio": 196.52,
            "debt_ratio": 42.45,
            "inventory_turnover_ratio": 0.93,
            "account_receivable_turnover_ratio": 2.31,
            "reinvestment_rate": -17.26,
            "research_to_sale_ratio": 1.98,
            "price_fair": 161.47,
            "eps_avg_yearly": 4.61,
            "eps_latest_yearly": 7.76,
            "eps_growth_yearly": 248.67
        }
    },
    "months": {
        "2001-06": {
            "month": "2001-06",
            "price": "25.26",
            "revenue": 880623
        },
        "2001-07": {
            "month": "2001-07",
            "price": "24.00",
            "revenue": 749119
        },
        "2001-08": {
            "month": "2001-08",
            "price": "22.34",
            "revenue": 936137
        },
        "2001-09": {
            "month": "2001-09",
            "price": "21.16",
            "revenue": 686956
        },
        "2001-10": {
            "month": "2001-10",
            "price": "21.04",
            "revenue": 1003980
        },
        "2001-11": {
            "month": "2001-11",
            "price": "22.00",
            "revenue": 993827
        },
        "2001-12": {
            "month": "2001-12",
            "price": "25.40",
            "revenue": 776001
        },
        "2002-01": {
            "month": "2002-01",
            "price": "27.58",
            "revenue": 753574
        },
        "2002-02": {
            "month": "2002-02",
            "price": "26.34",
            "revenue": 602530
        },
        "2002-03": {
            "month": "2002-03",
            "price": "26.57",
            "revenue": 1056877
        },
        "2002-04": {
            "month": "2002-04",
            "price": "27.76",
            "revenue": 981115
        },
        "2002-05": {
            "month": "2002-05",
            "price": "29.22",
            "revenue": 950733
        },
        "2002-06": {
            "month": "2002-06",
            "price": "28.18",
            "revenue": 804138
        },
        "2002-07": {
            "month": "2002-07",
            "price": "26.40",
            "revenue": 752467
        },
        "2002-08": {
            "month": "2002-08",
            "price": "24.60",
            "revenue": 782158
        },
        "2002-09": {
            "month": "2002-09",
            "price": "21.72",
            "revenue": 921648
        },
        "2002-10": {
            "month": "2002-10",
            "price": "22.99",
            "revenue": 984226
        },
        "2002-11": {
            "month": "2002-11",
            "price": "29.95",
            "revenue": 972236
        },
        "2002-12": {
            "month": "2002-12",
            "price": "31.25",
            "revenue": 950394
        },
        "2003-01": {
            "month": "2003-01",
            "price": "36.11",
            "revenue": 910761
        },
        "2003-02": {
            "month": "2003-02",
            "price": "33.89",
            "revenue": 760147
        },
        "2003-03": {
            "month": "2003-03",
            "price": "34.10",
            "revenue": 1042845
        },
        "2003-04": {
            "month": "2003-04",
            "price": "31.52",
            "revenue": 1088117
        },
        "2003-05": {
            "month": "2003-05",
            "price": "29.67",
            "revenue": 903690
        },
        "2003-06": {
            "month": "2003-06",
            "price": "34.15",
            "revenue": 852322
        },
        "2003-07": {
            "month": "2003-07",
            "price": "38.19",
            "revenue": 783962
        },
        "2003-08": {
            "month": "2003-08",
            "price": "36.87",
            "revenue": 796377
        },
        "2003-09": {
            "month": "2003-09",
            "price": "36.56",
            "revenue": 825752
        },
        "2003-10": {
            "month": "2003-10",
            "price": "37.40",
            "revenue": 1051748
        },
        "2003-11": {
            "month": "2003-11",
            "price": "37.66",
            "revenue": 882779
        },
        "2003-12": {
            "month": "2003-12",
            "price": "36.11",
            "revenue": 860516
        },
        "2004-01": {
            "month": "2004-01",
            "price": "37.05",
            "revenue": 763854
        },
        "2004-02": {
            "month": "2004-02",
            "price": "38.26",
            "revenue": 973424
        },
        "2004-03": {
            "month": "2004-03",
            "price": "37.02",
            "revenue": 1306201
        },
        "2004-04": {
            "month": "2004-04",
            "price": "34.71",
            "revenue": 1857763
        },
        "2004-05": {
            "month": "2004-05",
            "price": "31.80",
            "revenue": 1813536
        },
        "2004-06": {
            "month": "2004-06",
            "price": "30.98",
            "revenue": 1877150
        },
        "2004-07": {
            "month": "2004-07",
            "price": "30.89",
            "revenue": 1818665
        },
        "2004-08": {
            "month": "2004-08",
            "price": "30.02",
            "revenue": 1509329
        },
        "2004-09": {
            "month": "2004-09",
            "price": "28.89",
            "revenue": 1450103
        },
        "2004-10": {
            "month": "2004-10",
            "price": "28.02",
            "revenue": 1473957
        },
        "2004-11": {
            "month": "2004-11",
            "price": "27.80",
            "revenue": 1090857
        },
        "2004-12": {
            "month": "2004-12",
            "price": "27.45",
            "revenue": 1206887
        },
        "2005-01": {
            "month": "2005-01",
            "price": "27.36",
            "revenue": 980457
        },
        "2005-02": {
            "month": "2005-02",
            "price": "26.65",
            "revenue": 865100
        },
        "2005-03": {
            "month": "2005-03",
            "price": "26.25",
            "revenue": 1344990
        },
        "2005-04": {
            "month": "2005-04",
            "price": "24.70",
            "revenue": 1104505
        },
        "2005-05": {
            "month": "2005-05",
            "price": "25.37",
            "revenue": 1008493
        },
        "2005-06": {
            "month": "2005-06",
            "price": "25.65",
            "revenue": 980489
        },
        "2005-07": {
            "month": "2005-07",
            "price": "25.58",
            "revenue": 898580
        },
        "2005-08": {
            "month": "2005-08",
            "price": "24.25",
            "revenue": 1001750
        },
        "2005-09": {
            "month": "2005-09",
            "price": "20.92",
            "revenue": 1521901
        },
        "2005-10": {
            "month": "2005-10",
            "price": "20.96",
            "revenue": 1534111
        },
        "2005-11": {
            "month": "2005-11",
            "price": "20.55",
            "revenue": 1334928
        },
        "2005-12": {
            "month": "2005-12",
            "price": "21.25",
            "revenue": 1184616
        },
        "2006-01": {
            "month": "2006-01",
            "price": "21.23",
            "revenue": 1377996
        },
        "2006-02": {
            "month": "2006-02",
            "price": "22.67",
            "revenue": 1145702
        },
        "2006-03": {
            "month": "2006-03",
            "price": "22.92",
            "revenue": 1734507
        },
        "2006-04": {
            "month": "2006-04",
            "price": "25.03",
            "revenue": 2147751
        },
        "2006-05": {
            "month": "2006-05",
            "price": "27.57",
            "revenue": 787166
        },
        "2006-06": {
            "month": "2006-06",
            "price": "27.35",
            "revenue": 858621
        },
        "2006-07": {
            "month": "2006-07",
            "price": "26.60",
            "revenue": 844843
        },
        "2006-08": {
            "month": "2006-08",
            "price": "26.06",
            "revenue": 1008939
        },
        "2006-09": {
            "month": "2006-09",
            "price": "25.73",
            "revenue": 1034852
        },
        "2006-10": {
            "month": "2006-10",
            "price": "28.91",
            "revenue": 1378318
        },
        "2006-11": {
            "month": "2006-11",
            "price": "29.18",
            "revenue": 1014044
        },
        "2006-12": {
            "month": "2006-12",
            "price": "32.55",
            "revenue": 890807
        },
        "2007-01": {
            "month": "2007-01",
            "price": "36.64",
            "revenue": 894211
        },
        "2007-02": {
            "month": "2007-02",
            "price": "36.34",
            "revenue": 684241
        },
        "2007-03": {
            "month": "2007-03",
            "price": "34.47",
            "revenue": 1050205
        },
        "2007-04": {
            "month": "2007-04",
            "price": "36.05",
            "revenue": 1090782
        },
        "2007-05": {
            "month": "2007-05",
            "price": "34.92",
            "revenue": 1084999
        },
        "2007-06": {
            "month": "2007-06",
            "price": "35.74",
            "revenue": 1054954
        },
        "2007-07": {
            "month": "2007-07",
            "price": "36.80",
            "revenue": 1099764
        },
        "2007-08": {
            "month": "2007-08",
            "price": "34.23",
            "revenue": 1253530
        },
        "2007-09": {
            "month": "2007-09",
            "price": "32.19",
            "revenue": 1088176
        },
        "2007-10": {
            "month": "2007-10",
            "price": "32.31",
            "revenue": 1176685
        },
        "2007-11": {
            "month": "2007-11",
            "price": "28.71",
            "revenue": 1163983
        },
        "2007-12": {
            "month": "2007-12",
            "price": "29.81",
            "revenue": 1031522
        },
        "2008-01": {
            "month": "2008-01",
            "price": "27.16",
            "revenue": 922212
        },
        "2008-02": {
            "month": "2008-02",
            "price": "25.80",
            "revenue": 821081
        },
        "2008-03": {
            "month": "2008-03",
            "price": "28.19",
            "revenue": 1119891
        },
        "2008-04": {
            "month": "2008-04",
            "price": "30.62",
            "revenue": 1109205
        },
        "2008-05": {
            "month": "2008-05",
            "price": "31.10",
            "revenue": 996060
        },
        "2008-06": {
            "month": "2008-06",
            "price": "27.90",
            "revenue": 979680
        },
        "2008-07": {
            "month": "2008-07",
            "price": "26.12",
            "revenue": 903453
        },
        "2008-08": {
            "month": "2008-08",
            "price": "22.85",
            "revenue": 963729
        },
        "2008-09": {
            "month": "2008-09",
            "price": "20.69",
            "revenue": 933251
        },
        "2008-10": {
            "month": "2008-10",
            "price": "16.08",
            "revenue": 973125
        },
        "2008-11": {
            "month": "2008-11",
            "price": "14.86",
            "revenue": 863494
        },
        "2008-12": {
            "month": "2008-12",
            "price": "15.23",
            "revenue": 806571
        },
        "2009-01": {
            "month": "2009-01",
            "price": "14.76",
            "revenue": 711978
        },
        "2009-02": {
            "month": "2009-02",
            "price": "14.65",
            "revenue": 802761
        },
        "2009-03": {
            "month": "2009-03",
            "price": "17.25",
            "revenue": 905541
        },
        "2009-04": {
            "month": "2009-04",
            "price": "19.18",
            "revenue": 949907
        },
        "2009-05": {
            "month": "2009-05",
            "price": "20.98",
            "revenue": 744551
        },
        "2009-06": {
            "month": "2009-06",
            "price": "19.70",
            "revenue": 876111
        },
        "2009-07": {
            "month": "2009-07",
            "price": "22.13",
            "revenue": 792831
        },
        "2009-08": {
            "month": "2009-08",
            "price": "21.36",
            "revenue": 794299
        },
        "2009-09": {
            "month": "2009-09",
            "price": "21.12",
            "revenue": 1073556
        },
        "2009-10": {
            "month": "2009-10",
            "price": "21.99",
            "revenue": 1127787
        },
        "2009-11": {
            "month": "2009-11",
            "price": "24.22",
            "revenue": 984464
        },
        "2009-12": {
            "month": "2009-12",
            "price": "24.89",
            "revenue": 1124840
        },
        "2010-01": {
            "month": "2010-01",
            "price": "25.41",
            "revenue": 990085
        },
        "2010-02": {
            "month": "2010-02",
            "price": "23.42",
            "revenue": 762152
        },
        "2010-03": {
            "month": "2010-03",
            "price": "25.03",
            "revenue": 1283986
        },
        "2010-04": {
            "month": "2010-04",
            "price": "26.31",
            "revenue": 1297594
        },
        "2010-05": {
            "month": "2010-05",
            "price": "25.25",
            "revenue": 1100809
        },
        "2010-06": {
            "month": "2010-06",
            "price": "24.73",
            "revenue": 1142878
        },
        "2010-07": {
            "month": "2010-07",
            "price": "25.24",
            "revenue": 1203448
        },
        "2010-08": {
            "month": "2010-08",
            "price": "25.55",
            "revenue": 1279374
        },
        "2010-09": {
            "month": "2010-09",
            "price": "26.45",
            "revenue": 1265351
        },
        "2010-10": {
            "month": "2010-10",
            "price": "28.46",
            "revenue": 1339741
        },
        "2010-11": {
            "month": "2010-11",
            "price": "28.47",
            "revenue": 1095210
        },
        "2010-12": {
            "month": "2010-12",
            "price": "28.77",
            "revenue": 1269652
        },
        "2011-01": {
            "month": "2011-01",
            "price": "28.02",
            "revenue": 1097958
        },
        "2011-02": {
            "month": "2011-02",
            "price": "26.64",
            "revenue": 843680
        },
        "2011-03": {
            "month": "2011-03",
            "price": "26.22",
            "revenue": 1427857
        },
        "2011-04": {
            "month": "2011-04",
            "price": "27.59",
            "revenue": 1385857
        },
        "2011-05": {
            "month": "2011-05",
            "price": "27.03",
            "revenue": 1267664
        },
        "2011-06": {
            "month": "2011-06",
            "price": "26.48",
            "revenue": 1054079
        },
        "2011-07": {
            "month": "2011-07",
            "price": "26.09",
            "revenue": 957444
        },
        "2011-08": {
            "month": "2011-08",
            "price": "22.92",
            "revenue": 1121764
        },
        "2011-09": {
            "month": "2011-09",
            "price": "21.72",
            "revenue": 1165915
        },
        "2011-10": {
            "month": "2011-10",
            "price": "22.61",
            "revenue": 995357
        },
        "2011-11": {
            "month": "2011-11",
            "price": "22.88",
            "revenue": 930144
        },
        "2011-12": {
            "month": "2011-12",
            "price": "24.05",
            "revenue": 804280
        },
        "2012-01": {
            "month": "2012-01",
            "price": "25.56",
            "revenue": 563278
        },
        "2012-02": {
            "month": "2012-02",
            "price": "25.64",
            "revenue": 876821
        },
        "2012-03": {
            "month": "2012-03",
            "price": "26.04",
            "revenue": 1114770
        },
        "2012-04": {
            "month": "2012-04",
            "price": "24.61",
            "revenue": 840424
        },
        "2012-05": {
            "month": "2012-05",
            "price": "25.32",
            "revenue": 870815
        },
        "2012-06": {
            "month": "2012-06",
            "price": "24.85",
            "revenue": 827038
        },
        "2012-07": {
            "month": "2012-07",
            "price": "26.09",
            "revenue": 805013
        },
        "2012-08": {
            "month": "2012-08",
            "price": "27.86",
            "revenue": 1089624
        },
        "2012-09": {
            "month": "2012-09",
            "price": "29.26",
            "revenue": 938100
        },
        "2012-10": {
            "month": "2012-10",
            "price": "30.52",
            "revenue": 989744
        },
        "2012-11": {
            "month": "2012-11",
            "price": "29.88",
            "revenue": 1004653
        },
        "2012-12": {
            "month": "2012-12",
            "price": "30.64",
            "revenue": 996495
        },
        "2013-01": {
            "month": "2013-01",
            "price": "30.36",
            "revenue": 19089120
        },
        "2013-02": {
            "month": "2013-02",
            "price": "29.98",
            "revenue": 14390331
        },
        "2013-03": {
            "month": "2013-03",
            "price": "30.99",
            "revenue": 17305079
        },
        "2013-04": {
            "month": "2013-04",
            "price": "34.21",
            "revenue": 19364645
        },
        "2013-05": {
            "month": "2013-05",
            "price": "31.77",
            "revenue": 20617738
        },
        "2013-06": {
            "month": "2013-06",
            "price": "28.25",
            "revenue": 19903232
        },
        "2013-07": {
            "month": "2013-07",
            "price": "30.21",
            "revenue": 18971754
        },
        "2013-08": {
            "month": "2013-08",
            "price": "30.98",
            "revenue": 18099289
        },
        "2013-09": {
            "month": "2013-09",
            "price": "33.33",
            "revenue": 18924052
        },
        "2013-10": {
            "month": "2013-10",
            "price": "34.20",
            "revenue": 19352843
        },
        "2013-11": {
            "month": "2013-11",
            "price": "35.71",
            "revenue": 19207137
        },
        "2013-12": {
            "month": "2013-12",
            "price": "41.55",
            "revenue": 21341000
        },
        "2014-01": {
            "month": "2014-01",
            "price": "42.44",
            "revenue": 20883529
        },
        "2014-02": {
            "month": "2014-02",
            "price": "41.07",
            "revenue": 15157801
        },
        "2014-03": {
            "month": "2014-03",
            "price": "41.16",
            "revenue": 19790611
        },
        "2014-04": {
            "month": "2014-04",
            "price": "40.62",
            "revenue": 20497174
        },
        "2014-05": {
            "month": "2014-05",
            "price": "33.40",
            "revenue": 22035183
        },
        "2014-06": {
            "month": "2014-06",
            "price": "35.32",
            "revenue": 21533830
        },
        "2014-07": {
            "month": "2014-07",
            "price": "33.56",
            "revenue": 19727439
        },
        "2014-08": {
            "month": "2014-08",
            "price": "33.71",
            "revenue": 19622007
        },
        "2014-09": {
            "month": "2014-09",
            "price": "33.37",
            "revenue": 20367884
        },
        "2014-10": {
            "month": "2014-10",
            "price": "31.77",
            "revenue": 20105203
        },
        "2014-11": {
            "month": "2014-11",
            "price": "34.73",
            "revenue": 21119154
        },
        "2014-12": {
            "month": "2014-12",
            "price": "37.89",
            "revenue": 23153709
        },
        "2015-01": {
            "month": "2015-01",
            "price": "40.83",
            "revenue": 22517532
        },
        "2015-02": {
            "month": "2015-02",
            "price": "44.60",
            "revenue": 18696347
        },
        "2015-03": {
            "month": "2015-03",
            "price": "46.68",
            "revenue": 21060222
        },
        "2015-04": {
            "month": "2015-04",
            "price": "44.30",
            "revenue": 23170046
        },
        "2015-05": {
            "month": "2015-05",
            "price": "45.82",
            "revenue": 24026498
        },
        "2015-06": {
            "month": "2015-06",
            "price": "43.14",
            "revenue": 23375388
        },
        "2015-07": {
            "month": "2015-07",
            "price": "41.37",
            "revenue": 21649758
        },
        "2015-08": {
            "month": "2015-08",
            "price": "46.70",
            "revenue": 21666030
        },
        "2015-09": {
            "month": "2015-09",
            "price": "49.38",
            "revenue": 22478449
        },
        "2015-10": {
            "month": "2015-10",
            "price": "48.91",
            "revenue": 23385766
        },
        "2015-11": {
            "month": "2015-11",
            "price": "45.95",
            "revenue": 22887609
        },
        "2015-12": {
            "month": "2015-12",
            "price": "42.53",
            "revenue": 24253771
        },
        "2016-01": {
            "month": "2016-01",
            "price": "39.92",
            "revenue": 25624848
        },
        "2016-02": {
            "month": "2016-02",
            "price": "40.45",
            "revenue": 19128614
        },
        "2016-03": {
            "month": "2016-03",
            "price": "41.50",
            "revenue": 22690519
        },
        "2016-04": {
            "month": "2016-04",
            "price": "40.53",
            "revenue": 23940131
        },
        "2016-05": {
            "month": "2016-05",
            "price": "41.05",
            "revenue": 24860612
        },
        "2016-06": {
            "month": "2016-06",
            "price": "42.68",
            "revenue": 24485493
        },
        "2016-07": {
            "month": "2016-07",
            "price": "43.76",
            "revenue": 21328780
        },
        "2016-08": {
            "month": "2016-08",
            "price": "45.70",
            "revenue": 21415960
        },
        "2016-09": {
            "month": "2016-09",
            "price": "44.60",
            "revenue": 21466935
        },
        "2016-10": {
            "month": "2016-10",
            "price": "43.80",
            "revenue": 22795481
        },
        "2016-11": {
            "month": "2016-11",
            "price": "40.31",
            "revenue": 23254243
        },
        "2016-12": {
            "month": "2016-12",
            "price": "40.05",
            "revenue": 24131352
        },
        "2017-01": {
            "month": "2017-01",
            "price": "40.04",
            "revenue": 23900808
        },
        "2017-02": {
            "month": "2017-02",
            "price": "41.12",
            "revenue": 18178198
        },
        "2017-03": {
            "month": "2017-03",
            "price": "41.37",
            "revenue": 23467806
        },
        "2017-04": {
            "month": "2017-04",
            "price": "42.43",
            "revenue": 24383664
        },
        "2017-05": {
            "month": "2017-05",
            "price": "41.84",
            "revenue": 24505121
        },
        "2017-06": {
            "month": "2017-06",
            "price": "41.80",
            "revenue": 22394873
        },
        "2017-07": {
            "month": "2017-07",
            "price": "41.75",
            "revenue": 22005999
        },
        "2017-08": {
            "month": "2017-08",
            "price": "40.03",
            "revenue": 23343700
        },
        "2017-09": {
            "month": "2017-09",
            "price": "39.00",
            "revenue": 23704960
        },
        "2017-10": {
            "month": "2017-10",
            "price": "37.89",
            "revenue": 23860192
        },
        "2017-11": {
            "month": "2017-11",
            "price": "37.22",
            "revenue": 24735693
        },
        "2017-12": {
            "month": "2017-12",
            "price": "37.47",
            "revenue": 24110411
        },
        "2018-01": {
            "month": "2018-01",
            "price": "38.70",
            "revenue": 21765647
        },
        "2018-02": {
            "month": "2018-02",
            "price": "37.33",
            "revenue": 20426769
        },
        "2018-03": {
            "month": "2018-03",
            "price": "37.68",
            "revenue": 25122267
        },
        "2018-04": {
            "month": "2018-04",
            "price": "37.74",
            "revenue": 25123738
        },
        "2018-05": {
            "month": "2018-05",
            "price": "36.92",
            "revenue": 26347317
        },
        "2018-06": {
            "month": "2018-06",
            "price": "36.24",
            "revenue": 22631951
        },
        "2018-07": {
            "month": "2018-07",
            "price": "34.21",
            "revenue": 23737027
        },
        "2018-08": {
            "month": "2018-08",
            "price": "33.47",
            "revenue": 24118973
        },
        "2018-09": {
            "month": "2018-09",
            "price": "32.14",
            "revenue": 25435154
        },
        "2018-10": {
            "month": "2018-10",
            "price": "30.46",
            "revenue": 26982304
        },
        "2018-11": {
            "month": "2018-11",
            "price": "32.59",
            "revenue": 25936898
        },
        "2018-12": {
            "month": "2018-12",
            "price": "32.46",
            "revenue": 25837949
        },
        "2019-01": {
            "month": "2019-01",
            "price": "35.03",
            "revenue": 28552683
        },
        "2019-02": {
            "month": "2019-02",
            "price": "37.48",
            "revenue": 20821554
        },
        "2019-03": {
            "month": "2019-03",
            "price": "38.46",
            "revenue": 27254605
        },
        "2019-04": {
            "month": "2019-04",
            "price": "37.01",
            "revenue": 27181998
        },
        "2019-05": {
            "month": "2019-05",
            "price": "36.07",
            "revenue": 28406728
        },
        "2019-06": {
            "month": "2019-06",
            "price": "37.67",
            "revenue": 25313832
        },
        "2019-07": {
            "month": "2019-07",
            "price": "38.72",
            "revenue": 25151776
        },
        "2019-08": {
            "month": "2019-08",
            "price": "37.75",
            "revenue": 26154678
        },
        "2019-09": {
            "month": "2019-09",
            "price": "39.35",
            "revenue": 25308657
        },
        "2019-10": {
            "month": "2019-10",
            "price": "40.11",
            "revenue": 26894838
        },
        "2019-11": {
            "month": "2019-11",
            "price": "40.95",
            "revenue": 26224982
        },
        "2019-12": {
            "month": "2019-12",
            "price": "39.29",
            "revenue": 25909607
        },
        "2020-01": {
            "month": "2020-01",
            "price": "38.54",
            "revenue": 26432753
        },
        "2020-02": {
            "month": "2020-02",
            "price": "34.78",
            "revenue": 12862330
        },
        "2020-03": {
            "month": "2020-03",
            "price": "28.36",
            "revenue": 20165440
        },
        "2020-04": {
            "month": "2020-04",
            "price": "27.70",
            "revenue": 21279745
        },
        "2020-05": {
            "month": "2020-05",
            "price": "27.91",
            "revenue": 20583389
        },
        "2020-06": {
            "month": "2020-06",
            "price": "29.32",
            "revenue": 21535018
        },
        "2020-07": {
            "month": "2020-07",
            "price": "28.58",
            "revenue": 19413708
        },
        "2020-08": {
            "month": "2020-08",
            "price": "27.69",
            "revenue": 18611764
        },
        "2020-09": {
            "month": "2020-09",
            "price": "26.90",
            "revenue": 21105869
        },
        "2020-10": {
            "month": "2020-10",
            "price": "26.32",
            "revenue": 22934488
        },
        "2020-11": {
            "month": "2020-11",
            "price": "28.97",
            "revenue": 21523262
        },
        "2020-12": {
            "month": "2020-12",
            "price": "31.14",
            "revenue": 23519423
        },
        "2021-01": {
            "month": "2021-01",
            "price": "29.46",
            "revenue": 24706907
        },
        "2021-02": {
            "month": "2021-02",
            "price": "29.53",
            "revenue": 21469398
        },
        "2021-03": {
            "month": "2021-03",
            "price": "31.93",
            "revenue": 24716585
        },
        "2021-04": {
            "month": "2021-04",
            "price": "34.92",
            "revenue": 22276195
        },
        "2021-05": {
            "month": "2021-05",
            "price": "34.75",
            "revenue": 20652139
        },
        "2021-06": {
            "month": "2021-06",
            "price": "37.39",
            "revenue": 21971533
        },
        "2021-07": {
            "month": "2021-07",
            "price": "37.06",
            "revenue": 17125661
        },
        "2021-08": {
            "month": "2021-08",
            "price": "33.73",
            "revenue": 13434610
        },
        "2021-09": {
            "month": "2021-09",
            "price": "33.26",
            "revenue": 15073332
        },
        "2021-10": {
            "month": "2021-10",
            "price": "33.43",
            "revenue": 17304245
        },
        "2021-11": {
            "month": "2021-11",
            "price": "34.12",
            "revenue": 18985288
        },
        "2021-12": {
            "month": "2021-12",
            "price": "32.98",
            "revenue": 22169830
        },
        "2022-01": {
            "month": "2022-01",
            "price": "32.60",
            "revenue": 27006399
        },
        "2022-02": {
            "month": "2022-02",
            "price": "32.71",
            "revenue": 18191983
        },
        "2022-03": {
            "month": "2022-03",
            "price": "31.12",
            "revenue": 22075197
        },
        "2022-04": {
            "month": "2022-04",
            "price": "31.33",
            "revenue": 21697522
        },
        "2022-05": {
            "month": "2022-05",
            "price": "29.91",
            "revenue": 22131257
        },
        "2022-06": {
            "month": "2022-06",
            "price": "30.83",
            "revenue": 24498462
        },
        "2022-07": {
            "month": "2022-07",
            "price": "27.79",
            "revenue": 23003923
        },
        "2022-08": {
            "month": "2022-08",
            "price": "28.24",
            "revenue": 23094171
        },
        "2022-09": {
            "month": "2022-09",
            "price": "29.20",
            "revenue": 22878710
        },
        "2022-10": {
            "month": "2022-10",
            "price": "27.72",
            "revenue": 23648364
        },
        "2022-11": {
            "month": "2022-11",
            "price": "30.59",
            "revenue": 20195494
        },
        "2022-12": {
            "month": "2022-12",
            "price": "33.19",
            "revenue": 19076907
        },
        "2023-01": {
            "month": "2023-01",
            "price": "33.97",
            "revenue": 24801089
        },
        "2023-02": {
            "month": "2023-02",
            "price": "33.78",
            "revenue": 18231389
        },
        "2023-03": {
            "month": "2023-03",
            "price": "32.21",
            "revenue": 21333920
        },
        "2023-04": {
            "month": "2023-04",
            "price": "31.61",
            "revenue": 20955626
        }
    }
}
