{
    "summary": {
        "stock_name": "大華",
        "stock_id": "9905",
        "category": "其他",
        "main_business": "各種金屬之印刷塗漆,容器,模具之製造加工及買賣.<br>罐裝啤酒包裝,碳酸飲料包裝設備製造買賣.<br>各種塑膠製品製造業.",
        "website_url": "http://www.greatchina.com.tw",
        "ceo": "姜明德",
        "pe_ratio": 18,
        "report_year_from": 2001,
        "report_year_to": 2023,
        "age": 22,
        "eps_negative_percentage": 0,
        "eps_growth_avg": {
            "last_all": 5.76,
            "last_2y": 1.2,
            "last_4y": -2.61,
            "last_8y": -5.62,
            "last_12y": 0.11,
            "last_16y": 3.12,
            "last_20y": 5.76,
            "at_2006_last_3y": 4.8,
            "at_2007_last_3y": -11.31,
            "at_2008_last_3y": -9.15,
            "at_2009_last_3y": 12.89,
            "at_2010_last_3y": 22.08,
            "at_2011_last_3y": 29.37,
            "at_2012_last_3y": 34.12,
            "at_2013_last_3y": 13.02,
            "at_2014_last_3y": 4.75,
            "at_2015_last_3y": -1.83,
            "at_2016_last_3y": -7.91,
            "at_2017_last_3y": -9.39,
            "at_2018_last_3y": -12.64,
            "at_2019_last_3y": -7.92,
            "at_2020_last_3y": 0.14,
            "at_2021_last_3y": 2.04,
            "at_2022_last_3y": 2.6,
            "at_2023_last_3y": 2.6,
            "at_2006_last_all": 10.75,
            "at_2007_last_all": 6.48,
            "at_2008_last_all": 4.16,
            "at_2009_last_all": 14.93,
            "at_2010_last_all": 15.78,
            "at_2011_last_all": 15.64,
            "at_2012_last_all": 15.06,
            "at_2013_last_all": 14.29,
            "at_2014_last_all": 12.39,
            "at_2015_last_all": 10.64,
            "at_2016_last_all": 8.93,
            "at_2017_last_all": 8.37,
            "at_2018_last_all": 6.5,
            "at_2019_last_all": 6.52,
            "at_2020_last_all": 7.08,
            "at_2021_last_all": 7.11,
            "at_2022_last_all": 5.76,
            "at_2023_last_all": 5.76
        },
        "latest_eps": 1.46,
        "latest_price": 25.9,
        "latest_roe": 5.51,
        "latest_gross_margin": 9.52,
        "latest_equity": 7886029,
        "latest_revenue": 1941021,
        "latest_gross_profit": 184763,
        "latest_net_income": 75281,
        "latest_debt_ratio": 29.99,
        "latest_current_ratio": 299.82,
        "latest_account_receivable_turnover_ratio": 1.25,
        "latest_inventory_turnover_ratio": 0.82,
        "latest_reinvestment_rate": -55.39,
        "latest_research_to_sale_ratio": null
    },
    "eps_dividends": {
        "1991": {
            "cash": 3,
            "stock": 1,
            "eps": 0
        },
        "1992": {
            "cash": 2,
            "stock": 0,
            "eps": 0
        },
        "1993": {
            "cash": 2,
            "stock": 0,
            "eps": 0
        },
        "1994": {
            "cash": 0.5,
            "stock": 2,
            "eps": 0
        },
        "1997": {
            "cash": 0,
            "stock": 2,
            "eps": 0
        },
        "1998": {
            "cash": 0.2,
            "stock": 1.3,
            "eps": 0
        },
        "1999": {
            "cash": 1,
            "stock": 0,
            "eps": 0
        },
        "2000": {
            "cash": 1.5,
            "stock": 0,
            "eps": 0
        },
        "2001": {
            "cash": 1,
            "stock": 0,
            "eps": 0.84
        },
        "2002": {
            "cash": 1,
            "stock": 0,
            "eps": 1.13
        },
        "2003": {
            "cash": 1,
            "stock": 0,
            "eps": 1.69
        },
        "2004": {
            "cash": 1.5,
            "stock": 0,
            "eps": 1.38
        },
        "2005": {
            "cash": 1,
            "stock": 0,
            "eps": 1.41
        },
        "2006": {
            "cash": 1,
            "stock": 0,
            "eps": 1.21
        },
        "2007": {
            "cash": 1,
            "stock": 0,
            "eps": 1.03
        },
        "2008": {
            "cash": 1,
            "stock": 0,
            "eps": 0.93
        },
        "2009": {
            "cash": 0.9,
            "stock": 0,
            "eps": 1.77
        },
        "2010": {
            "cash": 1,
            "stock": 0,
            "eps": 2.17
        },
        "2011": {
            "cash": 3.3,
            "stock": 0,
            "eps": 2.48
        },
        "2012": {
            "cash": 0,
            "stock": 0,
            "eps": 2.71
        },
        "2013": {
            "cash": 2,
            "stock": 0,
            "eps": 2.87
        },
        "2014": {
            "cash": 2,
            "stock": 0,
            "eps": 2.57
        },
        "2015": {
            "cash": 2,
            "stock": 0,
            "eps": 2.26
        },
        "2016": {
            "cash": 1.5,
            "stock": 0,
            "eps": 1.92
        },
        "2017": {
            "cash": 1.5,
            "stock": 0,
            "eps": 1.92
        },
        "2018": {
            "cash": 1.7,
            "stock": 0,
            "eps": 1.47
        },
        "2019": {
            "cash": 1,
            "stock": 0,
            "eps": 1.57
        },
        "2020": {
            "cash": 1,
            "stock": 0,
            "eps": 1.84
        },
        "2021": {
            "cash": 1.5,
            "stock": 0,
            "eps": 1.98
        },
        "2022": {
            "cash": 1.5,
            "stock": 0,
            "eps": 1.56
        },
        "2023": {
            "cash": 1.2,
            "stock": 0,
            "eps": 0.25
        }
    },
    "dividends": {
        "1991-04-26": {
            "cash": 3,
            "stock": 1
        },
        "1992-05-08": {
            "cash": 2,
            "stock": 0
        },
        "1993-05-08": {
            "cash": 2,
            "stock": 0
        },
        "1994-05-14": {
            "cash": 0.5,
            "stock": 2
        },
        "1997-06-07": {
            "cash": 0,
            "stock": 2
        },
        "1998-06-06": {
            "cash": 0.2,
            "stock": 1.3
        },
        "1999-06-05": {
            "cash": 1,
            "stock": 0
        },
        "2000-06-03": {
            "cash": 1.5,
            "stock": 0
        },
        "2001-05-15": {
            "cash": 1,
            "stock": 0
        },
        "2002-06-18": {
            "cash": 1,
            "stock": 0
        },
        "2003-03-25": {
            "cash": 1,
            "stock": 0
        },
        "2004-06-15": {
            "cash": 1.5,
            "stock": 0
        },
        "2005-03-11": {
            "cash": 1,
            "stock": 0
        },
        "2006-03-30": {
            "cash": 1,
            "stock": 0
        },
        "2007-03-23": {
            "cash": 1,
            "stock": 0
        },
        "2008-03-21": {
            "cash": 1,
            "stock": 0
        },
        "2009-03-31": {
            "cash": 0.9,
            "stock": 0
        },
        "2010-03-30": {
            "cash": 1,
            "stock": 0
        },
        "2011-01-01": {
            "cash": 1.8,
            "stock": 0
        },
        "2011-03-29": {
            "cash": 1.5,
            "stock": 0
        },
        "2013-03-19": {
            "cash": 2,
            "stock": 0
        },
        "2014-08-29": {
            "cash": 2,
            "stock": 0
        },
        "2015-08-28": {
            "cash": 2,
            "stock": 0
        },
        "2016-08-31": {
            "cash": 1.5,
            "stock": 0
        },
        "2017-08-30": {
            "cash": 1.5,
            "stock": 0
        },
        "2018-08-30": {
            "cash": 1.7,
            "stock": 0
        },
        "2019-08-29": {
            "cash": 1,
            "stock": 0
        },
        "2020-08-27": {
            "cash": 1,
            "stock": 0
        },
        "2021-10-14": {
            "cash": 1.5,
            "stock": 0
        },
        "2022-08-25": {
            "cash": 1.5,
            "stock": 0
        },
        "2023-03-07": {
            "cash": 1.2,
            "stock": 0
        }
    },
    "prices": {
        "200101": "8.80",
        "200102": "9.60",
        "200103": "9.90",
        "200104": "9.77",
        "200105": "9.08",
        "200106": "9.04",
        "200107": "7.38",
        "200108": "7.54",
        "200109": "7.43",
        "200110": "7.31",
        "200111": "7.38",
        "200112": "7.95",
        "200201": "8.30",
        "200202": "8.47",
        "200203": "9.34",
        "200204": "11.28",
        "200205": "11.91",
        "200206": "13.64",
        "200207": "13.83",
        "200208": "13.86",
        "200209": "12.54",
        "200210": "13.36",
        "200211": "15.03",
        "200212": "15.45",
        "200301": "17.59",
        "200302": "16.62",
        "200303": "16.52",
        "200304": "16.91",
        "200305": "14.80",
        "200306": "15.73",
        "200307": "15.47",
        "200308": "15.30",
        "200309": "15.12",
        "200310": "15.41",
        "200311": "17.28",
        "200312": "17.42",
        "200401": "17.67",
        "200402": "19.20",
        "200403": "21.03",
        "200404": "22.03",
        "200405": "19.36",
        "200406": "19.31",
        "200407": "19.85",
        "200408": "18.60",
        "200409": "19.24",
        "200410": "19.98",
        "200411": "20.22",
        "200412": "20.84",
        "200501": "20.67",
        "200502": "20.08",
        "200503": "19.36",
        "200504": "16.84",
        "200505": "15.20",
        "200506": "15.73",
        "200507": "15.24",
        "200508": "14.12",
        "200509": "13.77",
        "200510": "13.57",
        "200511": "13.45",
        "200512": "13.36",
        "200601": "13.45",
        "200602": "13.61",
        "200603": "13.81",
        "200604": "14.93",
        "200605": "16.22",
        "200606": "16.23",
        "200607": "15.51",
        "200608": "14.65",
        "200609": "14.67",
        "200610": "15.90",
        "200611": "15.87",
        "200612": "17.45",
        "200701": "18.55",
        "200702": "19.15",
        "200703": "17.89",
        "200704": "18.45",
        "200705": "17.04",
        "200706": "17.06",
        "200707": "17.78",
        "200708": "16.75",
        "200709": "17.03",
        "200710": "17.10",
        "200711": "15.91",
        "200712": "14.71",
        "200801": "14.22",
        "200802": "14.17",
        "200803": "14.92",
        "200804": "15.75",
        "200805": "16.51",
        "200806": "16.75",
        "200807": "14.72",
        "200808": "14.19",
        "200809": "12.28",
        "200810": "11.27",
        "200811": "12.36",
        "200812": "12.38",
        "200901": "12.37",
        "200902": "12.18",
        "200903": "14.74",
        "200904": "17.51",
        "200905": "19.70",
        "200906": "23.06",
        "200907": "21.76",
        "200908": "19.84",
        "200909": "20.44",
        "200910": "20.95",
        "200911": "20.12",
        "200912": "20.32",
        "201001": "21.31",
        "201002": "19.33",
        "201003": "22.08",
        "201004": "24.73",
        "201005": "21.83",
        "201006": "23.48",
        "201007": "23.96",
        "201008": "30.18",
        "201009": "32.01",
        "201010": "31.73",
        "201011": "28.38",
        "201012": "28.45",
        "201101": "29.35",
        "201102": "33.42",
        "201103": "32.73",
        "201104": "36.56",
        "201105": "36.81",
        "201106": "35.45",
        "201107": "40.00",
        "201108": "39.42",
        "201109": "34.54",
        "201110": "32.08",
        "201111": "32.36",
        "201112": "31.25",
        "201201": "30.98",
        "201202": "35.38",
        "201203": "38.91",
        "201204": "38.74",
        "201205": "36.29",
        "201206": "34.66",
        "201207": "35.69",
        "201208": "34.18",
        "201209": "33.32",
        "201210": "32.60",
        "201211": "32.19",
        "201212": "33.35",
        "201301": "33.95",
        "201302": "34.78",
        "201303": "34.63",
        "201304": "34.45",
        "201305": "36.28",
        "201306": "34.55",
        "201307": "33.50",
        "201308": "32.79",
        "201309": "33.42",
        "201310": "33.68",
        "201311": "34.51",
        "201312": "35.02",
        "201401": "38.13",
        "201402": "37.68",
        "201403": "37.67",
        "201404": "39.62",
        "201405": "38.03",
        "201406": "36.47",
        "201407": "35.68",
        "201408": "33.33",
        "201409": "32.52",
        "201410": "29.55",
        "201411": "29.53",
        "201412": "31.26",
        "201501": "30.56",
        "201502": "31.33",
        "201503": "32.26",
        "201504": "33.23",
        "201505": "31.54",
        "201506": "30.30",
        "201507": "29.75",
        "201508": "27.11",
        "201509": "27.90",
        "201510": "28.89",
        "201511": "28.97",
        "201512": "27.93",
        "201601": "27.75",
        "201602": "28.22",
        "201603": "28.38",
        "201604": "27.48",
        "201605": "26.24",
        "201606": "26.13",
        "201607": "26.22",
        "201608": "24.42",
        "201609": "23.49",
        "201610": "22.77",
        "201611": "23.09",
        "201612": "23.50",
        "201701": "24.36",
        "201702": "24.77",
        "201703": "25.54",
        "201704": "26.12",
        "201705": "26.50",
        "201706": "27.39",
        "201707": "27.40",
        "201708": "25.10",
        "201709": "25.05",
        "201710": "25.28",
        "201711": "25.30",
        "201712": "24.97",
        "201801": "25.38",
        "201802": "25.06",
        "201803": "25.92",
        "201804": "26.99",
        "201805": "26.57",
        "201806": "26.52",
        "201807": "26.62",
        "201808": "25.82",
        "201809": "25.68",
        "201810": "25.04",
        "201811": "24.77",
        "201812": "24.33",
        "201901": "24.38",
        "201902": "25.10",
        "201903": "24.99",
        "201904": "25.27",
        "201905": "24.86",
        "201906": "24.81",
        "201907": "24.96",
        "201908": "24.01",
        "201909": "23.98",
        "201910": "23.71",
        "201911": "23.91",
        "201912": "24.19",
        "202001": "24.52",
        "202002": "23.64",
        "202003": "20.59",
        "202004": "20.18",
        "202005": "21.18",
        "202006": "21.69",
        "202007": "21.58",
        "202008": "21.15",
        "202009": "21.61",
        "202010": "21.52",
        "202011": "22.71",
        "202012": "22.95",
        "202101": "22.71",
        "202102": "22.63",
        "202103": "24.20",
        "202104": "26.70",
        "202105": "26.04",
        "202106": "27.03",
        "202107": "28.82",
        "202108": "27.01",
        "202109": "26.82",
        "202110": "25.73",
        "202111": "26.10",
        "202112": "26.21",
        "202201": "26.19",
        "202202": "26.64",
        "202203": "26.85",
        "202204": "26.65",
        "202205": "25.91",
        "202206": "25.84",
        "202207": "25.63",
        "202208": "25.22",
        "202209": "25.12",
        "202210": "24.43",
        "202211": "24.28",
        "202212": "24.45",
        "202301": "24.33",
        "202302": "24.50",
        "202303": "25.05",
        "202304": "25.23",
        "202305": "25.50"
    },
    "quarters": {
        "20011": {
            "year_quarter": 20011,
            "year": 2001,
            "quarter": 1,
            "eps": 0.26,
            "eps_growth_year": -21.21,
            "eps_4q": 0.76,
            "eps_4q_growth_year": -56.62,
            "roe": 1.74,
            "roe_4q": 1.74,
            "gross_profit": 41178,
            "gross_margin": 12.29,
            "gross_margin_4q_avg": 12.29,
            "net_income": 81395,
            "revenue": 335180,
            "common_shares": 3080000,
            "book_valuer_per_share": 15.32,
            "book_valuer_per_share_4q_avg": 15.32,
            "equity": 4719608,
            "current_ratio": 1531.82,
            "debt_ratio": 4.18,
            "inventory_turnover_ratio": 0.48,
            "account_receivable_turnover_ratio": null,
            "reinvestment_rate": null,
            "research_to_sale_ratio": null,
            "price_fair": 0,
            "eps_avg_yearly": 0,
            "eps_latest_yearly": 0,
            "eps_growth_yearly": 0
        },
        "20012": {
            "year_quarter": 20012,
            "year": 2001,
            "quarter": 2,
            "eps": 0.18,
            "eps_growth_year": -57.14,
            "eps_4q": 0.53,
            "eps_4q_growth_year": -68.29,
            "roe": 1.21,
            "roe_4q": 2.95,
            "gross_profit": 81047,
            "gross_margin": 18.62,
            "gross_margin_4q_avg": 15.46,
            "net_income": 55691,
            "revenue": 435225,
            "common_shares": 3080000,
            "book_valuer_per_share": 14.64,
            "book_valuer_per_share_4q_avg": 14.98,
            "equity": 4509392,
            "current_ratio": 450.91,
            "debt_ratio": 12.19,
            "inventory_turnover_ratio": 0.76,
            "account_receivable_turnover_ratio": null,
            "reinvestment_rate": null,
            "research_to_sale_ratio": null,
            "price_fair": 0,
            "eps_avg_yearly": 0,
            "eps_latest_yearly": 0,
            "eps_growth_yearly": 0
        },
        "20013": {
            "year_quarter": 20013,
            "year": 2001,
            "quarter": 3,
            "eps": 0,
            "eps_growth_year": -100,
            "eps_4q": 0.28,
            "eps_4q_growth_year": -78.15,
            "roe": 0.02,
            "roe_4q": 2.9699999999999998,
            "gross_profit": 108213,
            "gross_margin": 21.27,
            "gross_margin_4q_avg": 17.39,
            "net_income": 1115,
            "revenue": 508673,
            "common_shares": 3080000,
            "book_valuer_per_share": 14.64,
            "book_valuer_per_share_4q_avg": 14.87,
            "equity": 4509453,
            "current_ratio": 857.89,
            "debt_ratio": 6.61,
            "inventory_turnover_ratio": 0.9,
            "account_receivable_turnover_ratio": null,
            "reinvestment_rate": null,
            "research_to_sale_ratio": null,
            "price_fair": 0,
            "eps_avg_yearly": 0,
            "eps_latest_yearly": 0,
            "eps_growth_yearly": 0
        },
        "20014": {
            "year_quarter": 20014,
            "year": 2001,
            "quarter": 4,
            "eps": 0.4,
            "eps_growth_year": null,
            "eps_4q": 0.85,
            "eps_4q_growth_year": 1.54,
            "roe": 2.68,
            "roe_4q": 5.65,
            "gross_profit": 28071,
            "gross_margin": 9.38,
            "gross_margin_4q_avg": 15.39,
            "net_income": 122053,
            "revenue": 299167,
            "common_shares": 3080000,
            "book_valuer_per_share": 14.99,
            "book_valuer_per_share_4q_avg": 14.9,
            "equity": 4616048,
            "current_ratio": 590.08,
            "debt_ratio": 10.89,
            "inventory_turnover_ratio": 0.49,
            "account_receivable_turnover_ratio": null,
            "reinvestment_rate": null,
            "research_to_sale_ratio": null,
            "price_fair": 0,
            "eps_avg_yearly": 0,
            "eps_latest_yearly": 0,
            "eps_growth_yearly": 0
        },
        "20021": {
            "year_quarter": 20021,
            "year": 2002,
            "quarter": 1,
            "eps": 0.36,
            "eps_growth_year": 38.46,
            "eps_4q": 0.94,
            "eps_4q_growth_year": 24.52,
            "roe": 2.36,
            "roe_4q": 6.27,
            "gross_profit": 49058,
            "gross_margin": 12.56,
            "gross_margin_4q_avg": 15.46,
            "net_income": 110124,
            "revenue": 390486,
            "common_shares": 3027000,
            "book_valuer_per_share": 15.59,
            "book_valuer_per_share_4q_avg": 14.97,
            "equity": 4719331,
            "current_ratio": 946.45,
            "debt_ratio": 6.5,
            "inventory_turnover_ratio": 0.61,
            "account_receivable_turnover_ratio": null,
            "reinvestment_rate": null,
            "research_to_sale_ratio": null,
            "price_fair": 4.32,
            "eps_avg_yearly": 1.44,
            "eps_latest_yearly": 1.44,
            "eps_growth_yearly": -40
        },
        "20022": {
            "year_quarter": 20022,
            "year": 2002,
            "quarter": 2,
            "eps": 0.3,
            "eps_growth_year": 66.67,
            "eps_4q": 1.06,
            "eps_4q_growth_year": 99.32,
            "roe": 2,
            "roe_4q": 7.059999999999999,
            "gross_profit": 132458,
            "gross_margin": 24.09,
            "gross_margin_4q_avg": 16.83,
            "net_income": 91579,
            "revenue": 549854,
            "common_shares": 3027000,
            "book_valuer_per_share": 14.73,
            "book_valuer_per_share_4q_avg": 14.99,
            "equity": 4457949,
            "current_ratio": 328.55,
            "debt_ratio": 17.8,
            "inventory_turnover_ratio": 0.87,
            "account_receivable_turnover_ratio": null,
            "reinvestment_rate": null,
            "research_to_sale_ratio": null,
            "price_fair": 3.96,
            "eps_avg_yearly": 1.32,
            "eps_latest_yearly": 1.2,
            "eps_growth_yearly": -53.33
        },
        "20023": {
            "year_quarter": 20023,
            "year": 2002,
            "quarter": 3,
            "eps": 0.27,
            "eps_growth_year": null,
            "eps_4q": 1.35,
            "eps_4q_growth_year": 376.43,
            "roe": 1.79,
            "roe_4q": 8.83,
            "gross_profit": 149635,
            "gross_margin": 25.1,
            "gross_margin_4q_avg": 17.78,
            "net_income": 80725,
            "revenue": 596041,
            "common_shares": 3027000,
            "book_valuer_per_share": 15.12,
            "book_valuer_per_share_4q_avg": 15.11,
            "equity": 4576668,
            "current_ratio": 621.04,
            "debt_ratio": 9.74,
            "inventory_turnover_ratio": 0.91,
            "account_receivable_turnover_ratio": null,
            "reinvestment_rate": null,
            "research_to_sale_ratio": null,
            "price_fair": 3.72,
            "eps_avg_yearly": 1.24,
            "eps_latest_yearly": 1.08,
            "eps_growth_yearly": -48.89
        },
        "20024": {
            "year_quarter": 20024,
            "year": 2002,
            "quarter": 4,
            "eps": 0.2,
            "eps_growth_year": -50,
            "eps_4q": 1.15,
            "eps_4q_growth_year": 34.97,
            "roe": 1.29,
            "roe_4q": 7.4399999999999995,
            "gross_profit": 59366,
            "gross_margin": 17.04,
            "gross_margin_4q_avg": 19.7,
            "net_income": 59383,
            "revenue": 348384,
            "common_shares": 3027000,
            "book_valuer_per_share": 15.28,
            "book_valuer_per_share_4q_avg": 15.18,
            "equity": 4624327,
            "current_ratio": 485.39,
            "debt_ratio": 14.65,
            "inventory_turnover_ratio": 0.47,
            "account_receivable_turnover_ratio": null,
            "reinvestment_rate": -5.86,
            "research_to_sale_ratio": null,
            "price_fair": 3.39,
            "eps_avg_yearly": 1.13,
            "eps_latest_yearly": 0.8,
            "eps_growth_yearly": -62.59
        },
        "20031": {
            "year_quarter": 20031,
            "year": 2003,
            "quarter": 1,
            "eps": 0.24,
            "eps_growth_year": -33.33,
            "eps_4q": 1,
            "eps_4q_growth_year": 5.66,
            "roe": 1.57,
            "roe_4q": 6.65,
            "gross_profit": 82011,
            "gross_margin": 19.12,
            "gross_margin_4q_avg": 21.34,
            "net_income": 73337,
            "revenue": 428932,
            "common_shares": 3027000,
            "book_valuer_per_share": 15.51,
            "book_valuer_per_share_4q_avg": 15.16,
            "equity": 4693560,
            "current_ratio": 818.74,
            "debt_ratio": 8.04,
            "inventory_turnover_ratio": 0.52,
            "account_receivable_turnover_ratio": null,
            "reinvestment_rate": -5.24,
            "research_to_sale_ratio": null,
            "price_fair": 3.29,
            "eps_avg_yearly": 1.1,
            "eps_latest_yearly": 0.96,
            "eps_growth_yearly": -34.07
        },
        "20032": {
            "year_quarter": 20032,
            "year": 2003,
            "quarter": 2,
            "eps": 0.38,
            "eps_growth_year": 26.67,
            "eps_4q": 1.08,
            "eps_4q_growth_year": 1.89,
            "roe": 2.51,
            "roe_4q": 7.16,
            "gross_profit": 92186,
            "gross_margin": 18.61,
            "gross_margin_4q_avg": 19.97,
            "net_income": 115161,
            "revenue": 495277,
            "common_shares": 3027000,
            "book_valuer_per_share": 14.84,
            "book_valuer_per_share_4q_avg": 15.19,
            "equity": 4492182,
            "current_ratio": 399.41,
            "debt_ratio": 15.09,
            "inventory_turnover_ratio": 0.64,
            "account_receivable_turnover_ratio": null,
            "reinvestment_rate": -10.2,
            "research_to_sale_ratio": null,
            "price_fair": 23.91,
            "eps_avg_yearly": 1.17,
            "eps_latest_yearly": 1.52,
            "eps_growth_yearly": 10.49
        },
        "20033": {
            "year_quarter": 20033,
            "year": 2003,
            "quarter": 3,
            "eps": 0.81,
            "eps_growth_year": 200,
            "eps_4q": 1.63,
            "eps_4q_growth_year": 20.74,
            "roe": 5.3,
            "roe_4q": 10.669999999999998,
            "gross_profit": 171963,
            "gross_margin": 24.15,
            "gross_margin_4q_avg": 19.73,
            "net_income": 243818,
            "revenue": 712070,
            "common_shares": 3027000,
            "book_valuer_per_share": 15.57,
            "book_valuer_per_share_4q_avg": 15.3,
            "equity": 4714416,
            "current_ratio": 862.6,
            "debt_ratio": 8.26,
            "inventory_turnover_ratio": 0.92,
            "account_receivable_turnover_ratio": null,
            "reinvestment_rate": -12.12,
            "research_to_sale_ratio": null,
            "price_fair": 51.2,
            "eps_avg_yearly": 1.46,
            "eps_latest_yearly": 3.24,
            "eps_growth_yearly": 73.66
        },
        "20034": {
            "year_quarter": 20034,
            "year": 2003,
            "quarter": 4,
            "eps": 0.26,
            "eps_growth_year": 30,
            "eps_4q": 1.68,
            "eps_4q_growth_year": 45.81,
            "roe": 1.66,
            "roe_4q": 11.04,
            "gross_profit": 70235,
            "gross_margin": 17.44,
            "gross_margin_4q_avg": 19.83,
            "net_income": 79238,
            "revenue": 402746,
            "common_shares": 3050000,
            "book_valuer_per_share": 15.89,
            "book_valuer_per_share_4q_avg": 15.45,
            "equity": 4845557,
            "current_ratio": 563.47,
            "debt_ratio": 14.43,
            "inventory_turnover_ratio": 0.56,
            "account_receivable_turnover_ratio": null,
            "reinvestment_rate": -17.11,
            "research_to_sale_ratio": null,
            "price_fair": 49.35,
            "eps_avg_yearly": 1.41,
            "eps_latest_yearly": 1.04,
            "eps_growth_yearly": 30.5
        },
        "20041": {
            "year_quarter": 20041,
            "year": 2004,
            "quarter": 1,
            "eps": 0.42,
            "eps_growth_year": 75,
            "eps_4q": 1.87,
            "eps_4q_growth_year": 87.04,
            "roe": 2.6,
            "roe_4q": 12.069999999999999,
            "gross_profit": 119221,
            "gross_margin": 24.15,
            "gross_margin_4q_avg": 21.09,
            "net_income": 127192,
            "revenue": 493691,
            "common_shares": 3050000,
            "book_valuer_per_share": 16.18,
            "book_valuer_per_share_4q_avg": 15.62,
            "equity": 4935512,
            "current_ratio": 1189.86,
            "debt_ratio": 7.06,
            "inventory_turnover_ratio": 0.67,
            "account_receivable_turnover_ratio": null,
            "reinvestment_rate": -10.63,
            "research_to_sale_ratio": null,
            "price_fair": 50.4,
            "eps_avg_yearly": 1.44,
            "eps_latest_yearly": 1.68,
            "eps_growth_yearly": 54.46
        },
        "20042": {
            "year_quarter": 20042,
            "year": 2004,
            "quarter": 2,
            "eps": 0.38,
            "eps_growth_year": 0,
            "eps_4q": 1.87,
            "eps_4q_growth_year": 72.26,
            "roe": 2.41,
            "roe_4q": 11.969999999999999,
            "gross_profit": 168821,
            "gross_margin": 26.18,
            "gross_margin_4q_avg": 22.98,
            "net_income": 114999,
            "revenue": 644774,
            "common_shares": 3050000,
            "book_valuer_per_share": 15.13,
            "book_valuer_per_share_4q_avg": 15.69,
            "equity": 4613800,
            "current_ratio": 318.18,
            "debt_ratio": 18.72,
            "inventory_turnover_ratio": 1,
            "account_receivable_turnover_ratio": null,
            "reinvestment_rate": -10.35,
            "research_to_sale_ratio": null,
            "price_fair": 50.68,
            "eps_avg_yearly": 1.45,
            "eps_latest_yearly": 1.52,
            "eps_growth_yearly": 45.2
        },
        "20043": {
            "year_quarter": 20043,
            "year": 2004,
            "quarter": 3,
            "eps": 0.58,
            "eps_growth_year": -28.4,
            "eps_4q": 1.63,
            "eps_4q_growth_year": -0.1,
            "roe": 3.77,
            "roe_4q": 10.44,
            "gross_profit": 177181,
            "gross_margin": 23.64,
            "gross_margin_4q_avg": 22.85,
            "net_income": 177228,
            "revenue": 749637,
            "common_shares": 3050000,
            "book_valuer_per_share": 15.74,
            "book_valuer_per_share_4q_avg": 15.74,
            "equity": 4800344,
            "current_ratio": 577.17,
            "debt_ratio": 11.44,
            "inventory_turnover_ratio": 1.11,
            "account_receivable_turnover_ratio": null,
            "reinvestment_rate": -8.59,
            "research_to_sale_ratio": null,
            "price_fair": 53.45,
            "eps_avg_yearly": 1.53,
            "eps_latest_yearly": 2.32,
            "eps_growth_yearly": 60.23
        },
        "20044": {
            "year_quarter": 20044,
            "year": 2004,
            "quarter": 4,
            "eps": 0,
            "eps_growth_year": -100,
            "eps_4q": 1.37,
            "eps_4q_growth_year": -18.38,
            "roe": -0.02,
            "roe_4q": 8.76,
            "gross_profit": 78130,
            "gross_margin": 16.63,
            "gross_margin_4q_avg": 22.65,
            "net_income": -1166,
            "revenue": 469852,
            "common_shares": 3050000,
            "book_valuer_per_share": 15.4,
            "book_valuer_per_share_4q_avg": 15.61,
            "equity": 4697007,
            "current_ratio": 644.88,
            "debt_ratio": 13.68,
            "inventory_turnover_ratio": 0.64,
            "account_receivable_turnover_ratio": null,
            "reinvestment_rate": -19.8,
            "research_to_sale_ratio": null,
            "price_fair": 53.45,
            "eps_avg_yearly": 1.53,
            "eps_latest_yearly": 2.32,
            "eps_growth_yearly": 60.23
        },
        "20051": {
            "year_quarter": 20051,
            "year": 2005,
            "quarter": 1,
            "eps": 0.21,
            "eps_growth_year": -50,
            "eps_4q": 1.19,
            "eps_4q_growth_year": -36.44,
            "roe": 1.32,
            "roe_4q": 7.48,
            "gross_profit": 71030,
            "gross_margin": 16.59,
            "gross_margin_4q_avg": 20.76,
            "net_income": 62580,
            "revenue": 428125,
            "common_shares": 3050000,
            "book_valuer_per_share": 15.58,
            "book_valuer_per_share_4q_avg": 15.46,
            "equity": 4752129,
            "current_ratio": 824.09,
            "debt_ratio": 9.34,
            "inventory_turnover_ratio": 0.61,
            "account_receivable_turnover_ratio": null,
            "reinvestment_rate": -6.35,
            "research_to_sale_ratio": null,
            "price_fair": 53.45,
            "eps_avg_yearly": 1.53,
            "eps_latest_yearly": 2.32,
            "eps_growth_yearly": 60.23
        },
        "20052": {
            "year_quarter": 20052,
            "year": 2005,
            "quarter": 2,
            "eps": 0.34,
            "eps_growth_year": -10.53,
            "eps_4q": 1.12,
            "eps_4q_growth_year": -40.29,
            "roe": 2.25,
            "roe_4q": 7.32,
            "gross_profit": 127632,
            "gross_margin": 20.35,
            "gross_margin_4q_avg": 19.3,
            "net_income": 104672,
            "revenue": 627099,
            "common_shares": 3050000,
            "book_valuer_per_share": 14.91,
            "book_valuer_per_share_4q_avg": 15.41,
            "equity": 4547839,
            "current_ratio": 369.86,
            "debt_ratio": 17.02,
            "inventory_turnover_ratio": 0.92,
            "account_receivable_turnover_ratio": null,
            "reinvestment_rate": -0.51,
            "research_to_sale_ratio": null,
            "price_fair": 52.97,
            "eps_avg_yearly": 1.51,
            "eps_latest_yearly": 1.36,
            "eps_growth_yearly": 75.85
        },
        "20053": {
            "year_quarter": 20053,
            "year": 2005,
            "quarter": 3,
            "eps": 0.55,
            "eps_growth_year": -5.17,
            "eps_4q": 1.1,
            "eps_4q_growth_year": -32.73,
            "roe": 3.56,
            "roe_4q": 7.110000000000001,
            "gross_profit": 191509,
            "gross_margin": 22.86,
            "gross_margin_4q_avg": 19.11,
            "net_income": 166772,
            "revenue": 837911,
            "common_shares": 3050000,
            "book_valuer_per_share": 15.8,
            "book_valuer_per_share_4q_avg": 15.42,
            "equity": 4817527,
            "current_ratio": 567.22,
            "debt_ratio": 12.24,
            "inventory_turnover_ratio": 1.02,
            "account_receivable_turnover_ratio": null,
            "reinvestment_rate": -1.37,
            "research_to_sale_ratio": null,
            "price_fair": 54.82,
            "eps_avg_yearly": 1.57,
            "eps_latest_yearly": 2.2,
            "eps_growth_yearly": 89.02
        },
        "20054": {
            "year_quarter": 20054,
            "year": 2005,
            "quarter": 4,
            "eps": 0.31,
            "eps_growth_year": null,
            "eps_4q": 1.4,
            "eps_4q_growth_year": 2.5,
            "roe": 1.94,
            "roe_4q": 9.07,
            "gross_profit": 82299,
            "gross_margin": 17.06,
            "gross_margin_4q_avg": 19.22,
            "net_income": 94626,
            "revenue": 482398,
            "common_shares": 3050000,
            "book_valuer_per_share": 16.09,
            "book_valuer_per_share_4q_avg": 15.6,
            "equity": 4947555,
            "current_ratio": 498.39,
            "debt_ratio": 17.71,
            "inventory_turnover_ratio": 0.46,
            "account_receivable_turnover_ratio": null,
            "reinvestment_rate": 10.83,
            "research_to_sale_ratio": null,
            "price_fair": 54,
            "eps_avg_yearly": 1.54,
            "eps_latest_yearly": 1.24,
            "eps_growth_yearly": 70.19
        },
        "20061": {
            "year_quarter": 20061,
            "year": 2006,
            "quarter": 1,
            "eps": 0.28,
            "eps_growth_year": 33.33,
            "eps_4q": 1.47,
            "eps_4q_growth_year": 24.05,
            "roe": 1.72,
            "roe_4q": 9.47,
            "gross_profit": 101610,
            "gross_margin": 17.85,
            "gross_margin_4q_avg": 19.53,
            "net_income": 85984,
            "revenue": 569144,
            "common_shares": 3050000,
            "book_valuer_per_share": 16.52,
            "book_valuer_per_share_4q_avg": 15.83,
            "equity": 5038434,
            "current_ratio": 846.88,
            "debt_ratio": 10.05,
            "inventory_turnover_ratio": 0.54,
            "account_receivable_turnover_ratio": null,
            "reinvestment_rate": -3.74,
            "research_to_sale_ratio": null,
            "price_fair": 53.2,
            "eps_avg_yearly": 1.52,
            "eps_latest_yearly": 1.12,
            "eps_growth_yearly": 70.29
        },
        "20062": {
            "year_quarter": 20062,
            "year": 2006,
            "quarter": 2,
            "eps": 0.33,
            "eps_growth_year": -2.94,
            "eps_4q": 1.47,
            "eps_4q_growth_year": 31.56,
            "roe": 2.04,
            "roe_4q": 9.26,
            "gross_profit": 126689,
            "gross_margin": 18.74,
            "gross_margin_4q_avg": 19.13,
            "net_income": 100810,
            "revenue": 676170,
            "common_shares": 3050000,
            "book_valuer_per_share": 15.86,
            "book_valuer_per_share_4q_avg": 16.07,
            "equity": 4838637,
            "current_ratio": 376.04,
            "debt_ratio": 17.83,
            "inventory_turnover_ratio": 0.83,
            "account_receivable_turnover_ratio": null,
            "reinvestment_rate": -3.57,
            "research_to_sale_ratio": null,
            "price_fair": 53.5,
            "eps_avg_yearly": 1.53,
            "eps_latest_yearly": 1.32,
            "eps_growth_yearly": 80.15
        },
        "20063": {
            "year_quarter": 20063,
            "year": 2006,
            "quarter": 3,
            "eps": 0.43,
            "eps_growth_year": -21.82,
            "eps_4q": 1.34,
            "eps_4q_growth_year": 22.33,
            "roe": 2.69,
            "roe_4q": 8.39,
            "gross_profit": 147391,
            "gross_margin": 17.65,
            "gross_margin_4q_avg": 17.83,
            "net_income": 132556,
            "revenue": 834887,
            "common_shares": 3050000,
            "book_valuer_per_share": 16.51,
            "book_valuer_per_share_4q_avg": 16.25,
            "equity": 5034104,
            "current_ratio": 443.8,
            "debt_ratio": 15.67,
            "inventory_turnover_ratio": 0.88,
            "account_receivable_turnover_ratio": null,
            "reinvestment_rate": -2.85,
            "research_to_sale_ratio": null,
            "price_fair": 55.1,
            "eps_avg_yearly": 1.57,
            "eps_latest_yearly": 1.72,
            "eps_growth_yearly": 91.66
        },
        "20064": {
            "year_quarter": 20064,
            "year": 2006,
            "quarter": 4,
            "eps": 0.17,
            "eps_growth_year": -45.16,
            "eps_4q": 1.25,
            "eps_4q_growth_year": -11.15,
            "roe": 0.99,
            "roe_4q": 7.4399999999999995,
            "gross_profit": 69618,
            "gross_margin": 12.22,
            "gross_margin_4q_avg": 16.62,
            "net_income": 50374,
            "revenue": 569773,
            "common_shares": 3050000,
            "book_valuer_per_share": 16.72,
            "book_valuer_per_share_4q_avg": 16.4,
            "equity": 5131566,
            "current_ratio": 677.78,
            "debt_ratio": 14.84,
            "inventory_turnover_ratio": 0.45,
            "account_receivable_turnover_ratio": null,
            "reinvestment_rate": 15.64,
            "research_to_sale_ratio": null,
            "price_fair": 54.8,
            "eps_avg_yearly": 1.57,
            "eps_latest_yearly": 0.68,
            "eps_growth_yearly": 81.8
        },
        "20071": {
            "year_quarter": 20071,
            "year": 2007,
            "quarter": 1,
            "eps": 0.12,
            "eps_growth_year": -57.14,
            "eps_4q": 1.06,
            "eps_4q_growth_year": -27.67,
            "roe": 0.7,
            "roe_4q": 6.42,
            "gross_profit": 48621,
            "gross_margin": 8.7,
            "gross_margin_4q_avg": 14.33,
            "net_income": 36040,
            "revenue": 558690,
            "common_shares": 3050000,
            "book_valuer_per_share": 16.99,
            "book_valuer_per_share_4q_avg": 16.52,
            "equity": 5183229,
            "current_ratio": 722.46,
            "debt_ratio": 11.02,
            "inventory_turnover_ratio": 0.46,
            "account_receivable_turnover_ratio": null,
            "reinvestment_rate": -2.72,
            "research_to_sale_ratio": null,
            "price_fair": 53.6,
            "eps_avg_yearly": 1.53,
            "eps_latest_yearly": 0.48,
            "eps_growth_yearly": 67.68
        },
        "20072": {
            "year_quarter": 20072,
            "year": 2007,
            "quarter": 2,
            "eps": 0.34,
            "eps_growth_year": 3.03,
            "eps_4q": 1.05,
            "eps_4q_growth_year": -28.18,
            "roe": 2.05,
            "roe_4q": 6.43,
            "gross_profit": 101376,
            "gross_margin": 14.36,
            "gross_margin_4q_avg": 13.23,
            "net_income": 104306,
            "revenue": 705965,
            "common_shares": 3050000,
            "book_valuer_per_share": 16.42,
            "book_valuer_per_share_4q_avg": 16.66,
            "equity": 5009551,
            "current_ratio": 434.84,
            "debt_ratio": 15.72,
            "inventory_turnover_ratio": 0.71,
            "account_receivable_turnover_ratio": null,
            "reinvestment_rate": -2.79,
            "research_to_sale_ratio": null,
            "price_fair": 53.2,
            "eps_avg_yearly": 1.52,
            "eps_latest_yearly": 1.36,
            "eps_growth_yearly": 103.39
        },
        "20073": {
            "year_quarter": 20073,
            "year": 2007,
            "quarter": 3,
            "eps": 0.32,
            "eps_growth_year": -25.58,
            "eps_4q": 0.94,
            "eps_4q_growth_year": -30.27,
            "roe": 1.96,
            "roe_4q": 5.7,
            "gross_profit": 120811,
            "gross_margin": 13.55,
            "gross_margin_4q_avg": 12.21,
            "net_income": 99012,
            "revenue": 891866,
            "common_shares": 3050000,
            "book_valuer_per_share": 16.7,
            "book_valuer_per_share_4q_avg": 16.71,
            "equity": 5093674,
            "current_ratio": 695.55,
            "debt_ratio": 11.46,
            "inventory_turnover_ratio": 1,
            "account_receivable_turnover_ratio": null,
            "reinvestment_rate": -2.19,
            "research_to_sale_ratio": null,
            "price_fair": 48.3,
            "eps_avg_yearly": 1.38,
            "eps_latest_yearly": 1.28,
            "eps_growth_yearly": 69.38
        },
        "20074": {
            "year_quarter": 20074,
            "year": 2007,
            "quarter": 4,
            "eps": 0.25,
            "eps_growth_year": 47.06,
            "eps_4q": 1.03,
            "eps_4q_growth_year": -17.73,
            "roe": 1.48,
            "roe_4q": 6.19,
            "gross_profit": 45533,
            "gross_margin": 8.63,
            "gross_margin_4q_avg": 11.31,
            "net_income": 77062,
            "revenue": 527453,
            "common_shares": 3050000,
            "book_valuer_per_share": 16.88,
            "book_valuer_per_share_4q_avg": 16.75,
            "equity": 5328439,
            "current_ratio": 627.04,
            "debt_ratio": 15.84,
            "inventory_turnover_ratio": 0.46,
            "account_receivable_turnover_ratio": null,
            "reinvestment_rate": 36.97,
            "research_to_sale_ratio": null,
            "price_fair": 48.2,
            "eps_avg_yearly": 1.38,
            "eps_latest_yearly": 1,
            "eps_growth_yearly": 82.53
        },
        "20081": {
            "year_quarter": 20081,
            "year": 2008,
            "quarter": 1,
            "eps": 0.19,
            "eps_growth_year": 58.33,
            "eps_4q": 1.15,
            "eps_4q_growth_year": 7.86,
            "roe": 1.05,
            "roe_4q": 6.54,
            "gross_profit": 128230,
            "gross_margin": 11.31,
            "gross_margin_4q_avg": 11.96,
            "net_income": 55939,
            "revenue": 1133492,
            "common_shares": 3050000,
            "book_valuer_per_share": 16.83,
            "book_valuer_per_share_4q_avg": 16.71,
            "equity": 5308016,
            "current_ratio": 587.52,
            "debt_ratio": 16.76,
            "inventory_turnover_ratio": 0.71,
            "account_receivable_turnover_ratio": null,
            "reinvestment_rate": 72.83,
            "research_to_sale_ratio": null,
            "price_fair": 45.9,
            "eps_avg_yearly": 1.31,
            "eps_latest_yearly": 0.76,
            "eps_growth_yearly": 58.09
        },
        "20082": {
            "year_quarter": 20082,
            "year": 2008,
            "quarter": 2,
            "eps": 0.47,
            "eps_growth_year": 38.24,
            "eps_4q": 1.25,
            "eps_4q_growth_year": 18.93,
            "roe": 2.72,
            "roe_4q": 7.21,
            "gross_profit": 261240,
            "gross_margin": 16.5,
            "gross_margin_4q_avg": 12.5,
            "net_income": 141835,
            "revenue": 1583301,
            "common_shares": 3050000,
            "book_valuer_per_share": 16.25,
            "book_valuer_per_share_4q_avg": 16.67,
            "equity": 5133765,
            "current_ratio": 365.94,
            "debt_ratio": 24.35,
            "inventory_turnover_ratio": 0.89,
            "account_receivable_turnover_ratio": null,
            "reinvestment_rate": 71.66,
            "research_to_sale_ratio": null,
            "price_fair": 46.8,
            "eps_avg_yearly": 1.34,
            "eps_latest_yearly": 1.88,
            "eps_growth_yearly": 102.92
        },
        "20083": {
            "year_quarter": 20083,
            "year": 2008,
            "quarter": 3,
            "eps": 0.61,
            "eps_growth_year": 90.62,
            "eps_4q": 1.51,
            "eps_4q_growth_year": 61.51,
            "roe": 3.55,
            "roe_4q": 8.799999999999999,
            "gross_profit": 312562,
            "gross_margin": 20.69,
            "gross_margin_4q_avg": 14.28,
            "net_income": 187537,
            "revenue": 1511007,
            "common_shares": 3050000,
            "book_valuer_per_share": 17.17,
            "book_valuer_per_share_4q_avg": 16.78,
            "equity": 5426872,
            "current_ratio": 468.54,
            "debt_ratio": 20.18,
            "inventory_turnover_ratio": 0.74,
            "account_receivable_turnover_ratio": null,
            "reinvestment_rate": 73.27,
            "research_to_sale_ratio": null,
            "price_fair": 47.1,
            "eps_avg_yearly": 1.35,
            "eps_latest_yearly": 2.44,
            "eps_growth_yearly": 96.39
        },
        "20084": {
            "year_quarter": 20084,
            "year": 2008,
            "quarter": 4,
            "eps": -0.34,
            "eps_growth_year": -236,
            "eps_4q": 0.95,
            "eps_4q_growth_year": -7.56,
            "roe": -1.97,
            "roe_4q": 5.35,
            "gross_profit": 72167,
            "gross_margin": 5.5,
            "gross_margin_4q_avg": 13.5,
            "net_income": -106777,
            "revenue": 1313276,
            "common_shares": 3050000,
            "book_valuer_per_share": 17.06,
            "book_valuer_per_share_4q_avg": 16.83,
            "equity": 5391427,
            "current_ratio": 573.05,
            "debt_ratio": 17.5,
            "inventory_turnover_ratio": 0.71,
            "account_receivable_turnover_ratio": 3.63,
            "reinvestment_rate": 49.25,
            "research_to_sale_ratio": null,
            "price_fair": 47.1,
            "eps_avg_yearly": 1.35,
            "eps_latest_yearly": 2.44,
            "eps_growth_yearly": 96.39
        },
        "20091": {
            "year_quarter": 20091,
            "year": 2009,
            "quarter": 1,
            "eps": 0.25,
            "eps_growth_year": 31.58,
            "eps_4q": 1.03,
            "eps_4q_growth_year": -9.95,
            "roe": 1.33,
            "roe_4q": 5.630000000000001,
            "gross_profit": 169768,
            "gross_margin": 14.48,
            "gross_margin_4q_avg": 14.29,
            "net_income": 73050,
            "revenue": 1172635,
            "common_shares": 3050000,
            "book_valuer_per_share": 17.65,
            "book_valuer_per_share_4q_avg": 17.03,
            "equity": 5575918,
            "current_ratio": 797.89,
            "debt_ratio": 14.42,
            "inventory_turnover_ratio": 0.59,
            "account_receivable_turnover_ratio": 1.51,
            "reinvestment_rate": 76.35,
            "research_to_sale_ratio": null,
            "price_fair": 47.1,
            "eps_avg_yearly": 1.35,
            "eps_latest_yearly": 2.44,
            "eps_growth_yearly": 96.39
        },
        "20092": {
            "year_quarter": 20092,
            "year": 2009,
            "quarter": 2,
            "eps": 0.64,
            "eps_growth_year": 36.17,
            "eps_4q": 1.14,
            "eps_4q_growth_year": -8.82,
            "roe": 3.59,
            "roe_4q": 6.5,
            "gross_profit": 309149,
            "gross_margin": 20.25,
            "gross_margin_4q_avg": 15.23,
            "net_income": 197367,
            "revenue": 1526318,
            "common_shares": 3050000,
            "book_valuer_per_share": 17.16,
            "book_valuer_per_share_4q_avg": 17.26,
            "equity": 5423588,
            "current_ratio": 504.94,
            "debt_ratio": 19.01,
            "inventory_turnover_ratio": 0.8,
            "account_receivable_turnover_ratio": 1.62,
            "reinvestment_rate": 70.63,
            "research_to_sale_ratio": null,
            "price_fair": 50.1,
            "eps_avg_yearly": 1.43,
            "eps_latest_yearly": 2.56,
            "eps_growth_yearly": 123.28
        },
        "20093": {
            "year_quarter": 20093,
            "year": 2009,
            "quarter": 3,
            "eps": 0.59,
            "eps_growth_year": -3.28,
            "eps_4q": 1.1,
            "eps_4q_growth_year": -27.34,
            "roe": 3.37,
            "roe_4q": 6.319999999999999,
            "gross_profit": 353059,
            "gross_margin": 20.72,
            "gross_margin_4q_avg": 15.24,
            "net_income": 186002,
            "revenue": 1703807,
            "common_shares": 3050000,
            "book_valuer_per_share": 17.79,
            "book_valuer_per_share_4q_avg": 17.42,
            "equity": 5617551,
            "current_ratio": 637.67,
            "debt_ratio": 16.38,
            "inventory_turnover_ratio": 1.01,
            "account_receivable_turnover_ratio": 1.61,
            "reinvestment_rate": 70.11,
            "research_to_sale_ratio": null,
            "price_fair": 50.5,
            "eps_avg_yearly": 1.44,
            "eps_latest_yearly": 2.36,
            "eps_growth_yearly": 103.4
        },
        "20094": {
            "year_quarter": 20094,
            "year": 2009,
            "quarter": 4,
            "eps": 0.29,
            "eps_growth_year": null,
            "eps_4q": 1.77,
            "eps_4q_growth_year": 86.25,
            "roe": 1.61,
            "roe_4q": 9.9,
            "gross_profit": 204901,
            "gross_margin": 18.86,
            "gross_margin_4q_avg": 18.58,
            "net_income": 91104,
            "revenue": 1086620,
            "common_shares": 3050000,
            "book_valuer_per_share": 18.12,
            "book_valuer_per_share_4q_avg": 17.68,
            "equity": 5717527,
            "current_ratio": 636.63,
            "debt_ratio": 16.51,
            "inventory_turnover_ratio": 0.72,
            "account_receivable_turnover_ratio": 2.72,
            "reinvestment_rate": 223.37,
            "research_to_sale_ratio": null,
            "price_fair": 50.3,
            "eps_avg_yearly": 1.44,
            "eps_latest_yearly": 1.16,
            "eps_growth_yearly": 101.34
        },
        "20101": {
            "year_quarter": 20101,
            "year": 2010,
            "quarter": 1,
            "eps": 0.35,
            "eps_growth_year": 40,
            "eps_4q": 1.87,
            "eps_4q_growth_year": 81.11,
            "roe": 1.99,
            "roe_4q": 10.56,
            "gross_profit": 231688,
            "gross_margin": 18.12,
            "gross_margin_4q_avg": 19.49,
            "net_income": 114448,
            "revenue": 1278841,
            "common_shares": 3050000,
            "book_valuer_per_share": 18.38,
            "book_valuer_per_share_4q_avg": 17.86,
            "equity": 5803419,
            "current_ratio": 614.92,
            "debt_ratio": 16.68,
            "inventory_turnover_ratio": 0.89,
            "account_receivable_turnover_ratio": 1.46,
            "reinvestment_rate": 294.75,
            "research_to_sale_ratio": null,
            "price_fair": 51,
            "eps_avg_yearly": 1.46,
            "eps_latest_yearly": 1.4,
            "eps_growth_yearly": 110.01
        },
        "20102": {
            "year_quarter": 20102,
            "year": 2010,
            "quarter": 2,
            "eps": 0.67,
            "eps_growth_year": 3.93,
            "eps_4q": 1.9,
            "eps_4q_growth_year": 66.3,
            "roe": 3.56,
            "roe_4q": 10.530000000000001,
            "gross_profit": 324031,
            "gross_margin": 20,
            "gross_margin_4q_avg": 19.43,
            "net_income": 205477,
            "revenue": 1619940,
            "common_shares": 3050000,
            "book_valuer_per_share": 18.13,
            "book_valuer_per_share_4q_avg": 18.11,
            "equity": 5732959,
            "current_ratio": 337.79,
            "debt_ratio": 24.29,
            "inventory_turnover_ratio": 1.05,
            "account_receivable_turnover_ratio": 1.56,
            "reinvestment_rate": 326.59,
            "research_to_sale_ratio": null,
            "price_fair": 54.4,
            "eps_avg_yearly": 1.55,
            "eps_latest_yearly": 2.68,
            "eps_growth_yearly": 131.03
        },
        "20103": {
            "year_quarter": 20103,
            "year": 2010,
            "quarter": 3,
            "eps": 0.81,
            "eps_growth_year": 37.1,
            "eps_4q": 2.12,
            "eps_4q_growth_year": 92.9,
            "roe": 4.31,
            "roe_4q": 11.469999999999999,
            "gross_profit": 419378,
            "gross_margin": 21.48,
            "gross_margin_4q_avg": 19.62,
            "net_income": 252620,
            "revenue": 1951968,
            "common_shares": 3050000,
            "book_valuer_per_share": 18.96,
            "book_valuer_per_share_4q_avg": 18.4,
            "equity": 5988843,
            "current_ratio": 476.19,
            "debt_ratio": 18.77,
            "inventory_turnover_ratio": 1.25,
            "account_receivable_turnover_ratio": 1.58,
            "reinvestment_rate": 306.21,
            "research_to_sale_ratio": null,
            "price_fair": 58.2,
            "eps_avg_yearly": 1.66,
            "eps_latest_yearly": 3.24,
            "eps_growth_yearly": 128.35
        },
        "20104": {
            "year_quarter": 20104,
            "year": 2010,
            "quarter": 4,
            "eps": 0.34,
            "eps_growth_year": 17.17,
            "eps_4q": 2.17,
            "eps_4q_growth_year": 22.67,
            "roe": 1.78,
            "roe_4q": 11.64,
            "gross_profit": 235458,
            "gross_margin": 17.87,
            "gross_margin_4q_avg": 19.37,
            "net_income": 105620,
            "revenue": 1317906,
            "common_shares": 3050000,
            "book_valuer_per_share": 18.64,
            "book_valuer_per_share_4q_avg": 18.53,
            "equity": 5868101,
            "current_ratio": 415.9,
            "debt_ratio": 20.96,
            "inventory_turnover_ratio": 0.91,
            "account_receivable_turnover_ratio": 1.21,
            "reinvestment_rate": 237.76,
            "research_to_sale_ratio": null,
            "price_fair": 59.9,
            "eps_avg_yearly": 1.71,
            "eps_latest_yearly": 1.36,
            "eps_growth_yearly": 129.04
        },
        "20111": {
            "year_quarter": 20111,
            "year": 2011,
            "quarter": 1,
            "eps": 0.49,
            "eps_growth_year": 40,
            "eps_4q": 2.3,
            "eps_4q_growth_year": 22.98,
            "roe": 2.57,
            "roe_4q": 12.22,
            "gross_profit": 298432,
            "gross_margin": 19.42,
            "gross_margin_4q_avg": 19.69,
            "net_income": 153273,
            "revenue": 1536503,
            "common_shares": 3050000,
            "book_valuer_per_share": 19.27,
            "book_valuer_per_share_4q_avg": 18.75,
            "equity": 6067377,
            "current_ratio": 444.4,
            "debt_ratio": 20.02,
            "inventory_turnover_ratio": 0.92,
            "account_receivable_turnover_ratio": 1.77,
            "reinvestment_rate": 276.25,
            "research_to_sale_ratio": null,
            "price_fair": 63.6,
            "eps_avg_yearly": 1.82,
            "eps_latest_yearly": 1.96,
            "eps_growth_yearly": 150.05
        },
        "20112": {
            "year_quarter": 20112,
            "year": 2011,
            "quarter": 2,
            "eps": 0.69,
            "eps_growth_year": 3.36,
            "eps_4q": 2.33,
            "eps_4q_growth_year": 22.4,
            "roe": 3.58,
            "roe_4q": 12.24,
            "gross_profit": 401357,
            "gross_margin": 19.42,
            "gross_margin_4q_avg": 19.55,
            "net_income": 212123,
            "revenue": 2066870,
            "common_shares": 3050000,
            "book_valuer_per_share": 18.3,
            "book_valuer_per_share_4q_avg": 18.79,
            "equity": 5773170,
            "current_ratio": 286.43,
            "debt_ratio": 29.02,
            "inventory_turnover_ratio": 1.04,
            "account_receivable_turnover_ratio": 1.95,
            "reinvestment_rate": 263.11,
            "research_to_sale_ratio": null,
            "price_fair": 67.1,
            "eps_avg_yearly": 1.92,
            "eps_latest_yearly": 2.76,
            "eps_growth_yearly": 109.33
        },
        "20113": {
            "year_quarter": 20113,
            "year": 2011,
            "quarter": 3,
            "eps": 0.82,
            "eps_growth_year": 1.63,
            "eps_4q": 2.34,
            "eps_4q_growth_year": 10.35,
            "roe": 4.22,
            "roe_4q": 12.149999999999999,
            "gross_profit": 431047,
            "gross_margin": 19.68,
            "gross_margin_4q_avg": 19.1,
            "net_income": 253149,
            "revenue": 2189954,
            "common_shares": 3050000,
            "book_valuer_per_share": 19.73,
            "book_valuer_per_share_4q_avg": 18.99,
            "equity": 6225007,
            "current_ratio": 333.47,
            "debt_ratio": 25.1,
            "inventory_turnover_ratio": 1,
            "account_receivable_turnover_ratio": 1.65,
            "reinvestment_rate": 269.22,
            "research_to_sale_ratio": null,
            "price_fair": 72.1,
            "eps_avg_yearly": 2.06,
            "eps_latest_yearly": 3.28,
            "eps_growth_yearly": 116.4
        },
        "20114": {
            "year_quarter": 20114,
            "year": 2011,
            "quarter": 4,
            "eps": 0.48,
            "eps_growth_year": 41.97,
            "eps_4q": 2.48,
            "eps_4q_growth_year": 14.47,
            "roe": 2.37,
            "roe_4q": 12.74,
            "gross_profit": 334082,
            "gross_margin": 17.45,
            "gross_margin_4q_avg": 18.99,
            "net_income": 149608,
            "revenue": 1915026,
            "common_shares": 3050000,
            "book_valuer_per_share": 20.33,
            "book_valuer_per_share_4q_avg": 19.41,
            "equity": 6394364,
            "current_ratio": 314.29,
            "debt_ratio": 26.03,
            "inventory_turnover_ratio": 0.84,
            "account_receivable_turnover_ratio": 1.53,
            "reinvestment_rate": 223.03,
            "research_to_sale_ratio": null,
            "price_fair": 74.4,
            "eps_avg_yearly": 2.13,
            "eps_latest_yearly": 1.92,
            "eps_growth_yearly": 110.8
        },
        "20121": {
            "year_quarter": 20121,
            "year": 2012,
            "quarter": 1,
            "eps": 0.54,
            "eps_growth_year": 10.2,
            "eps_4q": 2.54,
            "eps_4q_growth_year": 10.05,
            "roe": 2.56,
            "roe_4q": 12.729999999999999,
            "gross_profit": 326997,
            "gross_margin": 16.68,
            "gross_margin_4q_avg": 18.31,
            "net_income": 164779,
            "revenue": 1960843,
            "common_shares": 3050000,
            "book_valuer_per_share": 20.7,
            "book_valuer_per_share_4q_avg": 19.77,
            "equity": 6499882,
            "current_ratio": 349.76,
            "debt_ratio": 23.79,
            "inventory_turnover_ratio": 0.88,
            "account_receivable_turnover_ratio": 1.77,
            "reinvestment_rate": 211.52,
            "research_to_sale_ratio": null,
            "price_fair": 77.9,
            "eps_avg_yearly": 2.23,
            "eps_latest_yearly": 2.16,
            "eps_growth_yearly": 121.23
        },
        "20122": {
            "year_quarter": 20122,
            "year": 2012,
            "quarter": 2,
            "eps": 0.74,
            "eps_growth_year": 7.17,
            "eps_4q": 2.58,
            "eps_4q_growth_year": 11.11,
            "roe": 3.52,
            "roe_4q": 12.669999999999998,
            "gross_profit": 431653,
            "gross_margin": 18.96,
            "gross_margin_4q_avg": 18.19,
            "net_income": 223199,
            "revenue": 2276105,
            "common_shares": 3050000,
            "book_valuer_per_share": 19.69,
            "book_valuer_per_share_4q_avg": 20.11,
            "equity": 6190997,
            "current_ratio": 251.17,
            "debt_ratio": 31.68,
            "inventory_turnover_ratio": 1.06,
            "account_receivable_turnover_ratio": 1.72,
            "reinvestment_rate": 206.14,
            "research_to_sale_ratio": null,
            "price_fair": 80.6,
            "eps_avg_yearly": 2.3,
            "eps_latest_yearly": 2.96,
            "eps_growth_yearly": 89.7
        },
        "20123": {
            "year_quarter": 20123,
            "year": 2012,
            "quarter": 3,
            "eps": 0.88,
            "eps_growth_year": 7.59,
            "eps_4q": 2.65,
            "eps_4q_growth_year": 13.15,
            "roe": 4.28,
            "roe_4q": 12.73,
            "gross_profit": 470637,
            "gross_margin": 18.45,
            "gross_margin_4q_avg": 17.89,
            "net_income": 269448,
            "revenue": 2550251,
            "common_shares": 3050000,
            "book_valuer_per_share": 20.35,
            "book_valuer_per_share_4q_avg": 20.27,
            "equity": 6387946,
            "current_ratio": 300.13,
            "debt_ratio": 27.21,
            "inventory_turnover_ratio": 1.25,
            "account_receivable_turnover_ratio": 1.59,
            "reinvestment_rate": 197.2,
            "research_to_sale_ratio": null,
            "price_fair": 83.3,
            "eps_avg_yearly": 2.38,
            "eps_latest_yearly": 3.52,
            "eps_growth_yearly": 86.6
        },
        "20124": {
            "year_quarter": 20124,
            "year": 2012,
            "quarter": 4,
            "eps": 0.55,
            "eps_growth_year": 14.21,
            "eps_4q": 2.72,
            "eps_4q_growth_year": 9.41,
            "roe": 2.55,
            "roe_4q": 12.91,
            "gross_profit": 325710,
            "gross_margin": 18.64,
            "gross_margin_4q_avg": 18.18,
            "net_income": 165242,
            "revenue": 1747508,
            "common_shares": 3050000,
            "book_valuer_per_share": 20.91,
            "book_valuer_per_share_4q_avg": 20.41,
            "equity": 6556282,
            "current_ratio": 320.34,
            "debt_ratio": 25.44,
            "inventory_turnover_ratio": 0.87,
            "account_receivable_turnover_ratio": 1.21,
            "reinvestment_rate": 182.75,
            "research_to_sale_ratio": null,
            "price_fair": 82.88,
            "eps_avg_yearly": 2.37,
            "eps_latest_yearly": 2.2,
            "eps_growth_yearly": 70.83
        },
        "20131": {
            "year_quarter": 20131,
            "year": 2013,
            "quarter": 1,
            "eps": 0.61,
            "eps_growth_year": 12.96,
            "eps_4q": 2.79,
            "eps_4q_growth_year": 10.03,
            "roe": 2.75,
            "roe_4q": 13.1,
            "gross_profit": 322602,
            "gross_margin": 16.82,
            "gross_margin_4q_avg": 18.22,
            "net_income": 184832,
            "revenue": 1918319,
            "common_shares": 3050000,
            "book_valuer_per_share": 21.91,
            "book_valuer_per_share_4q_avg": 20.72,
            "equity": 6865147,
            "current_ratio": 312.89,
            "debt_ratio": 26.34,
            "inventory_turnover_ratio": 1.04,
            "account_receivable_turnover_ratio": 1.53,
            "reinvestment_rate": 49.09,
            "research_to_sale_ratio": null,
            "price_fair": 83.04,
            "eps_avg_yearly": 2.37,
            "eps_latest_yearly": 2.44,
            "eps_growth_yearly": 69.13
        },
        "20132": {
            "year_quarter": 20132,
            "year": 2013,
            "quarter": 2,
            "eps": 0.76,
            "eps_growth_year": 3.15,
            "eps_4q": 2.81,
            "eps_4q_growth_year": 8.83,
            "roe": 3.48,
            "roe_4q": 13.060000000000002,
            "gross_profit": 436485,
            "gross_margin": 19.15,
            "gross_margin_4q_avg": 18.27,
            "net_income": 230012,
            "revenue": 2279134,
            "common_shares": 3050000,
            "book_valuer_per_share": 20.84,
            "book_valuer_per_share_4q_avg": 21,
            "equity": 6355062,
            "current_ratio": 221.38,
            "debt_ratio": 35.16,
            "inventory_turnover_ratio": 1.25,
            "account_receivable_turnover_ratio": 1.63,
            "reinvestment_rate": 50.69,
            "research_to_sale_ratio": null,
            "price_fair": 84.09,
            "eps_avg_yearly": 2.4,
            "eps_latest_yearly": 3.04,
            "eps_growth_yearly": 36.27
        },
        "20133": {
            "year_quarter": 20133,
            "year": 2013,
            "quarter": 3,
            "eps": 0.93,
            "eps_growth_year": 5.15,
            "eps_4q": 2.86,
            "eps_4q_growth_year": 7.96,
            "roe": 4.38,
            "roe_4q": 13.16,
            "gross_profit": 475611,
            "gross_margin": 20.44,
            "gross_margin_4q_avg": 18.76,
            "net_income": 283458,
            "revenue": 2327383,
            "common_shares": 3050000,
            "book_valuer_per_share": 21.62,
            "book_valuer_per_share_4q_avg": 21.32,
            "equity": 6592897,
            "current_ratio": 259.2,
            "debt_ratio": 31.47,
            "inventory_turnover_ratio": 1.14,
            "account_receivable_turnover_ratio": 1.52,
            "reinvestment_rate": 47.85,
            "research_to_sale_ratio": null,
            "price_fair": 87.06,
            "eps_avg_yearly": 2.49,
            "eps_latest_yearly": 3.72,
            "eps_growth_yearly": 43.82
        },
        "20134": {
            "year_quarter": 20134,
            "year": 2013,
            "quarter": 4,
            "eps": 0.57,
            "eps_growth_year": 3.98,
            "eps_4q": 2.88,
            "eps_4q_growth_year": 6.04,
            "roe": 2.61,
            "roe_4q": 13.22,
            "gross_profit": 313543,
            "gross_margin": 17.45,
            "gross_margin_4q_avg": 18.47,
            "net_income": 174729,
            "revenue": 1796683,
            "common_shares": 3050000,
            "book_valuer_per_share": 22.33,
            "book_valuer_per_share_4q_avg": 21.68,
            "equity": 6811385,
            "current_ratio": 261.41,
            "debt_ratio": 31.77,
            "inventory_turnover_ratio": 0.83,
            "account_receivable_turnover_ratio": 1.22,
            "reinvestment_rate": -50.29,
            "research_to_sale_ratio": null,
            "price_fair": 89.51,
            "eps_avg_yearly": 2.56,
            "eps_latest_yearly": 2.28,
            "eps_growth_yearly": 46.85
        },
        "20141": {
            "year_quarter": 20141,
            "year": 2014,
            "quarter": 1,
            "eps": 0.53,
            "eps_growth_year": -13.11,
            "eps_4q": 2.79,
            "eps_4q_growth_year": -0.07,
            "roe": 2.33,
            "roe_4q": 12.8,
            "gross_profit": 331568,
            "gross_margin": 16.76,
            "gross_margin_4q_avg": 18.45,
            "net_income": 160231,
            "revenue": 1978150,
            "common_shares": 3050000,
            "book_valuer_per_share": 22.84,
            "book_valuer_per_share_4q_avg": 21.91,
            "equity": 6965241,
            "current_ratio": 283.55,
            "debt_ratio": 29.89,
            "inventory_turnover_ratio": 0.94,
            "account_receivable_turnover_ratio": 1.46,
            "reinvestment_rate": -60.46,
            "research_to_sale_ratio": 0.23,
            "price_fair": 91.09,
            "eps_avg_yearly": 2.6,
            "eps_latest_yearly": 2.12,
            "eps_growth_yearly": 39.93
        },
        "20142": {
            "year_quarter": 20142,
            "year": 2014,
            "quarter": 2,
            "eps": 0.64,
            "eps_growth_year": -15.79,
            "eps_4q": 2.67,
            "eps_4q_growth_year": -5.18,
            "roe": 2.89,
            "roe_4q": 12.21,
            "gross_profit": 393280,
            "gross_margin": 17.75,
            "gross_margin_4q_avg": 18.1,
            "net_income": 194920,
            "revenue": 2215111,
            "common_shares": 3050000,
            "book_valuer_per_share": 21.32,
            "book_valuer_per_share_4q_avg": 22.03,
            "equity": 6503047,
            "current_ratio": 225.27,
            "debt_ratio": 36.54,
            "inventory_turnover_ratio": 1.12,
            "account_receivable_turnover_ratio": 1.5,
            "reinvestment_rate": -86.83,
            "research_to_sale_ratio": 0.4,
            "price_fair": 83.71,
            "eps_avg_yearly": 2.6,
            "eps_latest_yearly": 2.56,
            "eps_growth_yearly": 22.26
        },
        "20143": {
            "year_quarter": 20143,
            "year": 2014,
            "quarter": 3,
            "eps": 0.87,
            "eps_growth_year": -6.45,
            "eps_4q": 2.61,
            "eps_4q_growth_year": -8.76,
            "roe": 3.97,
            "roe_4q": 11.8,
            "gross_profit": 419562,
            "gross_margin": 19.21,
            "gross_margin_4q_avg": 17.79,
            "net_income": 265287,
            "revenue": 2183753,
            "common_shares": 3050000,
            "book_valuer_per_share": 22.5,
            "book_valuer_per_share_4q_avg": 22.25,
            "equity": 6862155,
            "current_ratio": 258.01,
            "debt_ratio": 30.81,
            "inventory_turnover_ratio": 1.05,
            "account_receivable_turnover_ratio": 1.38,
            "reinvestment_rate": -82.05,
            "research_to_sale_ratio": 0.32,
            "price_fair": 91.35,
            "eps_avg_yearly": 2.61,
            "eps_latest_yearly": 3.48,
            "eps_growth_yearly": 26.02
        },
        "20144": {
            "year_quarter": 20144,
            "year": 2014,
            "quarter": 4,
            "eps": 0.53,
            "eps_growth_year": -8.19,
            "eps_4q": 2.56,
            "eps_4q_growth_year": -11.08,
            "roe": 2.29,
            "roe_4q": 11.48,
            "gross_profit": 298293,
            "gross_margin": 17.92,
            "gross_margin_4q_avg": 17.91,
            "net_income": 160424,
            "revenue": 1664384,
            "common_shares": 3050000,
            "book_valuer_per_share": 23.5,
            "book_valuer_per_share_4q_avg": 22.54,
            "equity": 7166392,
            "current_ratio": 274.42,
            "debt_ratio": 28.63,
            "inventory_turnover_ratio": 0.77,
            "account_receivable_turnover_ratio": 1.24,
            "reinvestment_rate": -71.31,
            "research_to_sale_ratio": 0.32,
            "price_fair": 93.01,
            "eps_avg_yearly": 2.66,
            "eps_latest_yearly": 2.12,
            "eps_growth_yearly": 30.75
        },
        "20151": {
            "year_quarter": 20151,
            "year": 2015,
            "quarter": 1,
            "eps": 0.35,
            "eps_growth_year": -33.96,
            "eps_4q": 2.38,
            "eps_4q_growth_year": -14.57,
            "roe": 1.47,
            "roe_4q": 10.620000000000001,
            "gross_profit": 262932,
            "gross_margin": 13.88,
            "gross_margin_4q_avg": 17.19,
            "net_income": 105677,
            "revenue": 1894549,
            "common_shares": 3050000,
            "book_valuer_per_share": 23.74,
            "book_valuer_per_share_4q_avg": 22.77,
            "equity": 7239688,
            "current_ratio": 282.29,
            "debt_ratio": 28.07,
            "inventory_turnover_ratio": 1,
            "account_receivable_turnover_ratio": 1.51,
            "reinvestment_rate": -78.94,
            "research_to_sale_ratio": 0.35,
            "price_fair": 55.69,
            "eps_avg_yearly": 2.62,
            "eps_latest_yearly": 1.4,
            "eps_growth_yearly": 11.23
        },
        "20152": {
            "year_quarter": 20152,
            "year": 2015,
            "quarter": 2,
            "eps": 0.85,
            "eps_growth_year": 32.81,
            "eps_4q": 2.6,
            "eps_4q_growth_year": -2.68,
            "roe": 3.7,
            "roe_4q": 11.43,
            "gross_profit": 424846,
            "gross_margin": 18.26,
            "gross_margin_4q_avg": 17.32,
            "net_income": 260133,
            "revenue": 2326144,
            "common_shares": 3050000,
            "book_valuer_per_share": 22.35,
            "book_valuer_per_share_4q_avg": 23.02,
            "equity": 6816818,
            "current_ratio": 216.19,
            "debt_ratio": 35.73,
            "inventory_turnover_ratio": 1.31,
            "account_receivable_turnover_ratio": 1.5,
            "reinvestment_rate": -80.38,
            "research_to_sale_ratio": 0.35,
            "price_fair": 93.19,
            "eps_avg_yearly": 2.66,
            "eps_latest_yearly": 3.4,
            "eps_growth_yearly": 36.75
        },
        "20153": {
            "year_quarter": 20153,
            "year": 2015,
            "quarter": 3,
            "eps": 0.81,
            "eps_growth_year": -6.9,
            "eps_4q": 2.54,
            "eps_4q_growth_year": -2.56,
            "roe": 3.55,
            "roe_4q": 11.010000000000002,
            "gross_profit": 450059,
            "gross_margin": 19.95,
            "gross_margin_4q_avg": 17.5,
            "net_income": 248547,
            "revenue": 2255743,
            "common_shares": 3050000,
            "book_valuer_per_share": 23.57,
            "book_valuer_per_share_4q_avg": 23.29,
            "equity": 7190300,
            "current_ratio": 281.34,
            "debt_ratio": 28.03,
            "inventory_turnover_ratio": 1.25,
            "account_receivable_turnover_ratio": 1.29,
            "reinvestment_rate": -93.83,
            "research_to_sale_ratio": 0.11,
            "price_fair": 93.1,
            "eps_avg_yearly": 2.66,
            "eps_latest_yearly": 3.24,
            "eps_growth_yearly": 30.86
        },
        "20154": {
            "year_quarter": 20154,
            "year": 2015,
            "quarter": 4,
            "eps": 0.25,
            "eps_growth_year": -52.82,
            "eps_4q": 2.26,
            "eps_4q_growth_year": -11.63,
            "roe": 1.06,
            "roe_4q": 9.78,
            "gross_profit": 195421,
            "gross_margin": 13.22,
            "gross_margin_4q_avg": 16.33,
            "net_income": 75685,
            "revenue": 1477963,
            "common_shares": 3050000,
            "book_valuer_per_share": 23.41,
            "book_valuer_per_share_4q_avg": 23.27,
            "equity": 7138637,
            "current_ratio": 306.92,
            "debt_ratio": 24.96,
            "inventory_turnover_ratio": 0.92,
            "account_receivable_turnover_ratio": 0.96,
            "reinvestment_rate": -106.39,
            "research_to_sale_ratio": 0.01,
            "price_fair": 88.33,
            "eps_avg_yearly": 2.6,
            "eps_latest_yearly": 1,
            "eps_growth_yearly": 23.94
        },
        "20161": {
            "year_quarter": 20161,
            "year": 2016,
            "quarter": 1,
            "eps": 0.38,
            "eps_growth_year": 8.57,
            "eps_4q": 2.3,
            "eps_4q_growth_year": -3.62,
            "roe": 1.61,
            "roe_4q": 9.92,
            "gross_profit": 268243,
            "gross_margin": 16.56,
            "gross_margin_4q_avg": 17,
            "net_income": 115618,
            "revenue": 1619408,
            "common_shares": 3050000,
            "book_valuer_per_share": 23.67,
            "book_valuer_per_share_4q_avg": 23.25,
            "equity": 7218768,
            "current_ratio": 291.98,
            "debt_ratio": 25.05,
            "inventory_turnover_ratio": 1.05,
            "account_receivable_turnover_ratio": 1.19,
            "reinvestment_rate": -83.06,
            "research_to_sale_ratio": 0,
            "price_fair": 89.69,
            "eps_avg_yearly": 2.56,
            "eps_latest_yearly": 1.52,
            "eps_growth_yearly": 33.82
        },
        "20162": {
            "year_quarter": 20162,
            "year": 2016,
            "quarter": 2,
            "eps": 0.49,
            "eps_growth_year": -42.35,
            "eps_4q": 1.94,
            "eps_4q_growth_year": -25.43,
            "roe": 2.14,
            "roe_4q": 8.36,
            "gross_profit": 323082,
            "gross_margin": 17.08,
            "gross_margin_4q_avg": 16.7,
            "net_income": 150415,
            "revenue": 1891077,
            "common_shares": 3050000,
            "book_valuer_per_share": 22.39,
            "book_valuer_per_share_4q_avg": 23.26,
            "equity": 6830089,
            "current_ratio": 222.27,
            "debt_ratio": 31.55,
            "inventory_turnover_ratio": 1.22,
            "account_receivable_turnover_ratio": 1.24,
            "reinvestment_rate": -88.59,
            "research_to_sale_ratio": 0,
            "price_fair": 87.5,
            "eps_avg_yearly": 2.5,
            "eps_latest_yearly": 1.96,
            "eps_growth_yearly": 31.79
        },
        "20163": {
            "year_quarter": 20163,
            "year": 2016,
            "quarter": 3,
            "eps": 0.55,
            "eps_growth_year": -32.1,
            "eps_4q": 1.67,
            "eps_4q_growth_year": -34.14,
            "roe": 2.46,
            "roe_4q": 7.27,
            "gross_profit": 338076,
            "gross_margin": 17.01,
            "gross_margin_4q_avg": 15.97,
            "net_income": 168549,
            "revenue": 1986990,
            "common_shares": 3050000,
            "book_valuer_per_share": 22.59,
            "book_valuer_per_share_4q_avg": 23.02,
            "equity": 6891465,
            "current_ratio": 267.58,
            "debt_ratio": 27.08,
            "inventory_turnover_ratio": 1.3,
            "account_receivable_turnover_ratio": 1.21,
            "reinvestment_rate": -92.9,
            "research_to_sale_ratio": 0,
            "price_fair": 84.61,
            "eps_avg_yearly": 2.42,
            "eps_latest_yearly": 2.2,
            "eps_growth_yearly": 30.12
        },
        "20164": {
            "year_quarter": 20164,
            "year": 2016,
            "quarter": 4,
            "eps": 0.5,
            "eps_growth_year": 101.56,
            "eps_4q": 1.93,
            "eps_4q_growth_year": -14.91,
            "roe": 2.2,
            "roe_4q": 8.41,
            "gross_profit": 219469,
            "gross_margin": 13.82,
            "gross_margin_4q_avg": 16.12,
            "net_income": 152549,
            "revenue": 1588523,
            "common_shares": 3050000,
            "book_valuer_per_share": 22.92,
            "book_valuer_per_share_4q_avg": 22.89,
            "equity": 6989559,
            "current_ratio": 266.7,
            "debt_ratio": 27.19,
            "inventory_turnover_ratio": 1.09,
            "account_receivable_turnover_ratio": 1.05,
            "reinvestment_rate": -98.82,
            "research_to_sale_ratio": 0,
            "price_fair": 84.18,
            "eps_avg_yearly": 2.41,
            "eps_latest_yearly": 2,
            "eps_growth_yearly": 37.23
        },
        "20171": {
            "year_quarter": 20171,
            "year": 2017,
            "quarter": 1,
            "eps": 0.51,
            "eps_growth_year": 34.21,
            "eps_4q": 2.06,
            "eps_4q_growth_year": -10.43,
            "roe": 2.23,
            "roe_4q": 9.03,
            "gross_profit": 273636,
            "gross_margin": 15.64,
            "gross_margin_4q_avg": 15.89,
            "net_income": 155456,
            "revenue": 1749424,
            "common_shares": 3050000,
            "book_valuer_per_share": 22.74,
            "book_valuer_per_share_4q_avg": 22.66,
            "equity": 6936983,
            "current_ratio": 258.9,
            "debt_ratio": 28.76,
            "inventory_turnover_ratio": 1.12,
            "account_receivable_turnover_ratio": 1.23,
            "reinvestment_rate": 20.91,
            "research_to_sale_ratio": null,
            "price_fair": 83.3,
            "eps_avg_yearly": 2.38,
            "eps_latest_yearly": 2.04,
            "eps_growth_yearly": 35
        },
        "20172": {
            "year_quarter": 20172,
            "year": 2017,
            "quarter": 2,
            "eps": 0.45,
            "eps_growth_year": -8.16,
            "eps_4q": 2.01,
            "eps_4q_growth_year": 4.07,
            "roe": 2.02,
            "roe_4q": 8.91,
            "gross_profit": 273122,
            "gross_margin": 14.6,
            "gross_margin_4q_avg": 15.27,
            "net_income": 137749,
            "revenue": 1870486,
            "common_shares": 3050000,
            "book_valuer_per_share": 21.93,
            "book_valuer_per_share_4q_avg": 22.55,
            "equity": 6688468,
            "current_ratio": 228.35,
            "debt_ratio": 32.72,
            "inventory_turnover_ratio": 1.06,
            "account_receivable_turnover_ratio": 1.17,
            "reinvestment_rate": 17.82,
            "research_to_sale_ratio": null,
            "price_fair": 80.59,
            "eps_avg_yearly": 2.3,
            "eps_latest_yearly": 1.8,
            "eps_growth_yearly": 25.91
        },
        "20173": {
            "year_quarter": 20173,
            "year": 2017,
            "quarter": 3,
            "eps": 0.57,
            "eps_growth_year": 3.64,
            "eps_4q": 2.03,
            "eps_4q_growth_year": 21.47,
            "roe": 2.56,
            "roe_4q": 9.010000000000002,
            "gross_profit": 308608,
            "gross_margin": 14.96,
            "gross_margin_4q_avg": 14.76,
            "net_income": 174062,
            "revenue": 2063138,
            "common_shares": 3050000,
            "book_valuer_per_share": 22.67,
            "book_valuer_per_share_4q_avg": 22.57,
            "equity": 6912828,
            "current_ratio": 280.07,
            "debt_ratio": 27.34,
            "inventory_turnover_ratio": 1.09,
            "account_receivable_turnover_ratio": 1.12,
            "reinvestment_rate": 19.47,
            "research_to_sale_ratio": null,
            "price_fair": 77.44,
            "eps_avg_yearly": 2.21,
            "eps_latest_yearly": 2.28,
            "eps_growth_yearly": 26.99
        },
        "20174": {
            "year_quarter": 20174,
            "year": 2017,
            "quarter": 4,
            "eps": 0.39,
            "eps_growth_year": -21.24,
            "eps_4q": 1.93,
            "eps_4q_growth_year": 0.05,
            "roe": 1.73,
            "roe_4q": 8.540000000000001,
            "gross_profit": 153044,
            "gross_margin": 10.5,
            "gross_margin_4q_avg": 13.93,
            "net_income": 120153,
            "revenue": 1457295,
            "common_shares": 3050000,
            "book_valuer_per_share": 22.86,
            "book_valuer_per_share_4q_avg": 22.55,
            "equity": 6971388,
            "current_ratio": 302.93,
            "debt_ratio": 25.33,
            "inventory_turnover_ratio": 0.83,
            "account_receivable_turnover_ratio": 0.86,
            "reinvestment_rate": 15.66,
            "research_to_sale_ratio": null,
            "price_fair": 75.86,
            "eps_avg_yearly": 2.17,
            "eps_latest_yearly": 1.56,
            "eps_growth_yearly": 28.77
        },
        "20181": {
            "year_quarter": 20181,
            "year": 2018,
            "quarter": 1,
            "eps": 0.28,
            "eps_growth_year": -45.1,
            "eps_4q": 1.7,
            "eps_4q_growth_year": -17.46,
            "roe": 1.14,
            "roe_4q": 7.449999999999999,
            "gross_profit": 196549,
            "gross_margin": 11.63,
            "gross_margin_4q_avg": 12.92,
            "net_income": 82152,
            "revenue": 1689638,
            "common_shares": 3050000,
            "book_valuer_per_share": 23.34,
            "book_valuer_per_share_4q_avg": 22.7,
            "equity": 7451932,
            "current_ratio": 321.8,
            "debt_ratio": 23.41,
            "inventory_turnover_ratio": 0.96,
            "account_receivable_turnover_ratio": 1.12,
            "reinvestment_rate": 22.15,
            "research_to_sale_ratio": null,
            "price_fair": 70.46,
            "eps_avg_yearly": 2.11,
            "eps_latest_yearly": 1.12,
            "eps_growth_yearly": 23.47
        },
        "20182": {
            "year_quarter": 20182,
            "year": 2018,
            "quarter": 2,
            "eps": 0.45,
            "eps_growth_year": 0,
            "eps_4q": 1.69,
            "eps_4q_growth_year": -15.99,
            "roe": 1.88,
            "roe_4q": 7.3100000000000005,
            "gross_profit": 303115,
            "gross_margin": 15.05,
            "gross_margin_4q_avg": 13.04,
            "net_income": 136268,
            "revenue": 2014431,
            "common_shares": 3050000,
            "book_valuer_per_share": 21.97,
            "book_valuer_per_share_4q_avg": 22.71,
            "equity": 7030829,
            "current_ratio": 236.89,
            "debt_ratio": 30.97,
            "inventory_turnover_ratio": 1.08,
            "account_receivable_turnover_ratio": 1.14,
            "reinvestment_rate": 20.89,
            "research_to_sale_ratio": null,
            "price_fair": 72.01,
            "eps_avg_yearly": 2.06,
            "eps_latest_yearly": 1.8,
            "eps_growth_yearly": 33.46
        },
        "20183": {
            "year_quarter": 20183,
            "year": 2018,
            "quarter": 3,
            "eps": 0.48,
            "eps_growth_year": -15.79,
            "eps_4q": 1.61,
            "eps_4q_growth_year": -21.02,
            "roe": 2.07,
            "roe_4q": 6.82,
            "gross_profit": 312106,
            "gross_margin": 14.95,
            "gross_margin_4q_avg": 13.03,
            "net_income": 145859,
            "revenue": 2087892,
            "common_shares": 3050000,
            "book_valuer_per_share": 22.08,
            "book_valuer_per_share_4q_avg": 22.56,
            "equity": 7052015,
            "current_ratio": 268.31,
            "debt_ratio": 27.92,
            "inventory_turnover_ratio": 1.11,
            "account_receivable_turnover_ratio": 1.07,
            "reinvestment_rate": 15.1,
            "research_to_sale_ratio": null,
            "price_fair": 68.6,
            "eps_avg_yearly": 1.96,
            "eps_latest_yearly": 1.92,
            "eps_growth_yearly": 26.14
        },
        "20184": {
            "year_quarter": 20184,
            "year": 2018,
            "quarter": 4,
            "eps": 0.26,
            "eps_growth_year": -34.52,
            "eps_4q": 1.47,
            "eps_4q_growth_year": -23.72,
            "roe": 1.06,
            "roe_4q": 6.1499999999999995,
            "gross_profit": 118664,
            "gross_margin": 8.85,
            "gross_margin_4q_avg": 12.62,
            "net_income": 75476,
            "revenue": 1340632,
            "common_shares": 3050000,
            "book_valuer_per_share": 22.41,
            "book_valuer_per_share_4q_avg": 22.45,
            "equity": 7152093,
            "current_ratio": 290.6,
            "debt_ratio": 25.21,
            "inventory_turnover_ratio": 0.72,
            "account_receivable_turnover_ratio": 0.85,
            "reinvestment_rate": 13.26,
            "research_to_sale_ratio": null,
            "price_fair": 65.21,
            "eps_avg_yearly": 1.89,
            "eps_latest_yearly": 1.04,
            "eps_growth_yearly": 24.46
        },
        "20191": {
            "year_quarter": 20191,
            "year": 2019,
            "quarter": 1,
            "eps": 0.25,
            "eps_growth_year": -10.71,
            "eps_4q": 1.44,
            "eps_4q_growth_year": -15.34,
            "roe": 1,
            "roe_4q": 6.01,
            "gross_profit": 217192,
            "gross_margin": 11.15,
            "gross_margin_4q_avg": 12.5,
            "net_income": 72123,
            "revenue": 1947533,
            "common_shares": 3050000,
            "book_valuer_per_share": 22.97,
            "book_valuer_per_share_4q_avg": 22.36,
            "equity": 7325168,
            "current_ratio": 294.07,
            "debt_ratio": 25.45,
            "inventory_turnover_ratio": 1,
            "account_receivable_turnover_ratio": 1.35,
            "reinvestment_rate": 13.51,
            "research_to_sale_ratio": null,
            "price_fair": 65.36,
            "eps_avg_yearly": 1.87,
            "eps_latest_yearly": 1,
            "eps_growth_yearly": 31.98
        },
        "20192": {
            "year_quarter": 20192,
            "year": 2019,
            "quarter": 2,
            "eps": 0.46,
            "eps_growth_year": 2.22,
            "eps_4q": 1.45,
            "eps_4q_growth_year": -14.48,
            "roe": 1.92,
            "roe_4q": 6.05,
            "gross_profit": 314057,
            "gross_margin": 14.26,
            "gross_margin_4q_avg": 12.3,
            "net_income": 138939,
            "revenue": 2202203,
            "common_shares": 3050000,
            "book_valuer_per_share": 22.28,
            "book_valuer_per_share_4q_avg": 22.44,
            "equity": 7109956,
            "current_ratio": 242.41,
            "debt_ratio": 30.96,
            "inventory_turnover_ratio": 1.1,
            "account_receivable_turnover_ratio": 1.21,
            "reinvestment_rate": 13.13,
            "research_to_sale_ratio": null,
            "price_fair": 48.27,
            "eps_avg_yearly": 1.77,
            "eps_latest_yearly": 1.84,
            "eps_growth_yearly": 17.27
        },
        "20193": {
            "year_quarter": 20193,
            "year": 2019,
            "quarter": 3,
            "eps": 0.56,
            "eps_growth_year": 16.67,
            "eps_4q": 1.52,
            "eps_4q_growth_year": -5.05,
            "roe": 2.35,
            "roe_4q": 6.33,
            "gross_profit": 336553,
            "gross_margin": 15.35,
            "gross_margin_4q_avg": 12.4,
            "net_income": 167498,
            "revenue": 2192055,
            "common_shares": 3050000,
            "book_valuer_per_share": 22.42,
            "book_valuer_per_share_4q_avg": 22.52,
            "equity": 7140215,
            "current_ratio": 261.46,
            "debt_ratio": 29.74,
            "inventory_turnover_ratio": 1.04,
            "account_receivable_turnover_ratio": 1.13,
            "reinvestment_rate": 2.83,
            "research_to_sale_ratio": null,
            "price_fair": 57.85,
            "eps_avg_yearly": 1.71,
            "eps_latest_yearly": 2.24,
            "eps_growth_yearly": 23.88
        },
        "20194": {
            "year_quarter": 20194,
            "year": 2019,
            "quarter": 4,
            "eps": 0.3,
            "eps_growth_year": 15.89,
            "eps_4q": 1.57,
            "eps_4q_growth_year": 6.53,
            "roe": 1.21,
            "roe_4q": 6.48,
            "gross_profit": 211836,
            "gross_margin": 12.32,
            "gross_margin_4q_avg": 13.27,
            "net_income": 87121,
            "revenue": 1719037,
            "common_shares": 3050000,
            "book_valuer_per_share": 22.66,
            "book_valuer_per_share_4q_avg": 22.58,
            "equity": 7206088,
            "current_ratio": 302.86,
            "debt_ratio": 26.23,
            "inventory_turnover_ratio": 0.84,
            "account_receivable_turnover_ratio": 1.03,
            "reinvestment_rate": 2.57,
            "research_to_sale_ratio": null,
            "price_fair": 60.2,
            "eps_avg_yearly": 1.72,
            "eps_latest_yearly": 1.2,
            "eps_growth_yearly": 29.56
        },
        "20201": {
            "year_quarter": 20201,
            "year": 2020,
            "quarter": 1,
            "eps": 0.21,
            "eps_growth_year": -16,
            "eps_4q": 1.53,
            "eps_4q_growth_year": 6.48,
            "roe": 0.86,
            "roe_4q": 6.34,
            "gross_profit": 167083,
            "gross_margin": 12.05,
            "gross_margin_4q_avg": 13.5,
            "net_income": 62235,
            "revenue": 1386130,
            "common_shares": 3050000,
            "book_valuer_per_share": 22.66,
            "book_valuer_per_share_4q_avg": 22.51,
            "equity": 7199617,
            "current_ratio": 323.33,
            "debt_ratio": 25.11,
            "inventory_turnover_ratio": 0.69,
            "account_receivable_turnover_ratio": 1.05,
            "reinvestment_rate": -42.57,
            "research_to_sale_ratio": null,
            "price_fair": 31.97,
            "eps_avg_yearly": 1.68,
            "eps_latest_yearly": 0.84,
            "eps_growth_yearly": 9.06
        },
        "20202": {
            "year_quarter": 20202,
            "year": 2020,
            "quarter": 2,
            "eps": 0.61,
            "eps_growth_year": 32.61,
            "eps_4q": 1.68,
            "eps_4q_growth_year": 15.9,
            "roe": 2.58,
            "roe_4q": 7,
            "gross_profit": 359651,
            "gross_margin": 16.84,
            "gross_margin_4q_avg": 14.14,
            "net_income": 183474,
            "revenue": 2136004,
            "common_shares": 3050000,
            "book_valuer_per_share": 22.15,
            "book_valuer_per_share_4q_avg": 22.47,
            "equity": 7038849,
            "current_ratio": 261.87,
            "debt_ratio": 30.95,
            "inventory_turnover_ratio": 1.03,
            "account_receivable_turnover_ratio": 1.4,
            "reinvestment_rate": -48.35,
            "research_to_sale_ratio": null,
            "price_fair": 59.76,
            "eps_avg_yearly": 1.71,
            "eps_latest_yearly": 2.44,
            "eps_growth_yearly": 49.44
        },
        "20203": {
            "year_quarter": 20203,
            "year": 2020,
            "quarter": 3,
            "eps": 0.79,
            "eps_growth_year": 41.07,
            "eps_4q": 1.91,
            "eps_4q_growth_year": 25.07,
            "roe": 3.32,
            "roe_4q": 7.970000000000001,
            "gross_profit": 413436,
            "gross_margin": 18.43,
            "gross_margin_4q_avg": 14.91,
            "net_income": 239402,
            "revenue": 2243235,
            "common_shares": 3050000,
            "book_valuer_per_share": 23.23,
            "book_valuer_per_share_4q_avg": 22.68,
            "equity": 7370668,
            "current_ratio": 306.99,
            "debt_ratio": 27.36,
            "inventory_turnover_ratio": 1.1,
            "account_receivable_turnover_ratio": 1.23,
            "reinvestment_rate": -48.26,
            "research_to_sale_ratio": null,
            "price_fair": 61.86,
            "eps_avg_yearly": 1.77,
            "eps_latest_yearly": 3.16,
            "eps_growth_yearly": 53.76
        },
        "20204": {
            "year_quarter": 20204,
            "year": 2020,
            "quarter": 4,
            "eps": 0.23,
            "eps_growth_year": -24.12,
            "eps_4q": 1.83,
            "eps_4q_growth_year": 17.18,
            "roe": 0.91,
            "roe_4q": 7.67,
            "gross_profit": 175652,
            "gross_margin": 11.77,
            "gross_margin_4q_avg": 14.77,
            "net_income": 67911,
            "revenue": 1492264,
            "common_shares": 3050000,
            "book_valuer_per_share": 23.84,
            "book_valuer_per_share_4q_avg": 22.97,
            "equity": 7563232,
            "current_ratio": 328.07,
            "debt_ratio": 26.18,
            "inventory_turnover_ratio": 0.82,
            "account_receivable_turnover_ratio": 0.96,
            "reinvestment_rate": -54.1,
            "research_to_sale_ratio": null,
            "price_fair": 59.5,
            "eps_avg_yearly": 1.7,
            "eps_latest_yearly": 0.92,
            "eps_growth_yearly": 38.31
        },
        "20211": {
            "year_quarter": 20211,
            "year": 2021,
            "quarter": 1,
            "eps": 0.4,
            "eps_growth_year": 90.48,
            "eps_4q": 2.02,
            "eps_4q_growth_year": 32.12,
            "roe": 1.57,
            "roe_4q": 8.379999999999999,
            "gross_profit": 263685,
            "gross_margin": 14.31,
            "gross_margin_4q_avg": 15.34,
            "net_income": 119405,
            "revenue": 1843119,
            "common_shares": 3050000,
            "book_valuer_per_share": 24.23,
            "book_valuer_per_share_4q_avg": 23.36,
            "equity": 7678599,
            "current_ratio": 322.08,
            "debt_ratio": 26.99,
            "inventory_turnover_ratio": 0.95,
            "account_receivable_turnover_ratio": 1.3,
            "reinvestment_rate": -51.41,
            "research_to_sale_ratio": null,
            "price_fair": 58.54,
            "eps_avg_yearly": 1.67,
            "eps_latest_yearly": 1.6,
            "eps_growth_yearly": 56.29
        },
        "20212": {
            "year_quarter": 20212,
            "year": 2021,
            "quarter": 2,
            "eps": 0.58,
            "eps_growth_year": -4.92,
            "eps_4q": 1.99,
            "eps_4q_growth_year": 18.87,
            "roe": 2.25,
            "roe_4q": 8.05,
            "gross_profit": 358882,
            "gross_margin": 14.8,
            "gross_margin_4q_avg": 14.83,
            "net_income": 174666,
            "revenue": 2424711,
            "common_shares": 3050000,
            "book_valuer_per_share": 24.79,
            "book_valuer_per_share_4q_avg": 24.02,
            "equity": 7846179,
            "current_ratio": 302.04,
            "debt_ratio": 29.14,
            "inventory_turnover_ratio": 1.18,
            "account_receivable_turnover_ratio": 1.45,
            "reinvestment_rate": -53.53,
            "research_to_sale_ratio": null,
            "price_fair": 59.68,
            "eps_avg_yearly": 1.71,
            "eps_latest_yearly": 2.32,
            "eps_growth_yearly": 70.48
        },
        "20213": {
            "year_quarter": 20213,
            "year": 2021,
            "quarter": 3,
            "eps": 0.74,
            "eps_growth_year": -6.33,
            "eps_4q": 1.94,
            "eps_4q_growth_year": 1.97,
            "roe": 2.89,
            "roe_4q": 7.620000000000001,
            "gross_profit": 424021,
            "gross_margin": 16.61,
            "gross_margin_4q_avg": 14.37,
            "net_income": 222937,
            "revenue": 2552254,
            "common_shares": 3050000,
            "book_valuer_per_share": 24.02,
            "book_valuer_per_share_4q_avg": 24.22,
            "equity": 7606650,
            "current_ratio": 279.64,
            "debt_ratio": 31.44,
            "inventory_turnover_ratio": 1.14,
            "account_receivable_turnover_ratio": 1.4,
            "reinvestment_rate": -53.4,
            "research_to_sale_ratio": null,
            "price_fair": 61.16,
            "eps_avg_yearly": 1.75,
            "eps_latest_yearly": 2.96,
            "eps_growth_yearly": 70.71
        },
        "20214": {
            "year_quarter": 20214,
            "year": 2021,
            "quarter": 4,
            "eps": 0.26,
            "eps_growth_year": 13.08,
            "eps_4q": 1.97,
            "eps_4q_growth_year": 7.6,
            "roe": 0.98,
            "roe_4q": 7.69,
            "gross_profit": 229155,
            "gross_margin": 12.35,
            "gross_margin_4q_avg": 14.52,
            "net_income": 74820,
            "revenue": 1855401,
            "common_shares": 3050000,
            "book_valuer_per_share": 24.46,
            "book_valuer_per_share_4q_avg": 24.38,
            "equity": 7739934,
            "current_ratio": 321.48,
            "debt_ratio": 27.95,
            "inventory_turnover_ratio": 0.81,
            "account_receivable_turnover_ratio": 1.15,
            "reinvestment_rate": -53.15,
            "research_to_sale_ratio": null,
            "price_fair": 60.03,
            "eps_avg_yearly": 1.72,
            "eps_latest_yearly": 1.04,
            "eps_growth_yearly": 62.38
        },
        "20221": {
            "year_quarter": 20221,
            "year": 2022,
            "quarter": 1,
            "eps": 0.35,
            "eps_growth_year": -12.5,
            "eps_4q": 1.92,
            "eps_4q_growth_year": -5.02,
            "roe": 1.31,
            "roe_4q": 7.43,
            "gross_profit": 222187,
            "gross_margin": 11.56,
            "gross_margin_4q_avg": 13.83,
            "net_income": 103099,
            "revenue": 1921548,
            "common_shares": 3050000,
            "book_valuer_per_share": 25.3,
            "book_valuer_per_share_4q_avg": 24.64,
            "equity": 8004379,
            "current_ratio": 323.06,
            "debt_ratio": 28.06,
            "inventory_turnover_ratio": 0.76,
            "account_receivable_turnover_ratio": 1.3,
            "reinvestment_rate": -58.95,
            "research_to_sale_ratio": null,
            "price_fair": 60.64,
            "eps_avg_yearly": 1.73,
            "eps_latest_yearly": 1.4,
            "eps_growth_yearly": 78.09
        },
        "20222": {
            "year_quarter": 20222,
            "year": 2022,
            "quarter": 2,
            "eps": 0.43,
            "eps_growth_year": -25.86,
            "eps_4q": 1.77,
            "eps_4q_growth_year": -11.04,
            "roe": 1.66,
            "roe_4q": 6.84,
            "gross_profit": 298769,
            "gross_margin": 12.76,
            "gross_margin_4q_avg": 13.32,
            "net_income": 129550,
            "revenue": 2341494,
            "common_shares": 3050000,
            "book_valuer_per_share": 23.89,
            "book_valuer_per_share_4q_avg": 24.42,
            "equity": 7567648,
            "current_ratio": 278.98,
            "debt_ratio": 31.82,
            "inventory_turnover_ratio": 0.85,
            "account_receivable_turnover_ratio": 1.32,
            "reinvestment_rate": -56.03,
            "research_to_sale_ratio": null,
            "price_fair": 60.46,
            "eps_avg_yearly": 1.73,
            "eps_latest_yearly": 1.72,
            "eps_growth_yearly": 68.63
        },
        "20223": {
            "year_quarter": 20223,
            "year": 2022,
            "quarter": 3,
            "eps": 0.53,
            "eps_growth_year": -28.38,
            "eps_4q": 1.56,
            "eps_4q_growth_year": -19.63,
            "roe": 2.08,
            "roe_4q": 6.030000000000001,
            "gross_profit": 297276,
            "gross_margin": 10.75,
            "gross_margin_4q_avg": 11.86,
            "net_income": 159084,
            "revenue": 2764239,
            "common_shares": 3050000,
            "book_valuer_per_share": 24.46,
            "book_valuer_per_share_4q_avg": 24.53,
            "equity": 7742121,
            "current_ratio": 310.49,
            "debt_ratio": 29.2,
            "inventory_turnover_ratio": 1.12,
            "account_receivable_turnover_ratio": 1.33,
            "reinvestment_rate": -57.42,
            "research_to_sale_ratio": null,
            "price_fair": 60.9,
            "eps_avg_yearly": 1.74,
            "eps_latest_yearly": 2.12,
            "eps_growth_yearly": 72.77
        },
        "20224": {
            "year_quarter": 20224,
            "year": 2022,
            "quarter": 4,
            "eps": 0.25,
            "eps_growth_year": -4.05,
            "eps_4q": 1.55,
            "eps_4q_growth_year": -21.36,
            "roe": 0.95,
            "roe_4q": 6,
            "gross_profit": 187561,
            "gross_margin": 10.73,
            "gross_margin_4q_avg": 11.45,
            "net_income": 73555,
            "revenue": 1747417,
            "common_shares": 3050000,
            "book_valuer_per_share": 24.54,
            "book_valuer_per_share_4q_avg": 24.55,
            "equity": 7760791,
            "current_ratio": 298.95,
            "debt_ratio": 29.82,
            "inventory_turnover_ratio": 0.75,
            "account_receivable_turnover_ratio": 0.95,
            "reinvestment_rate": -56.25,
            "research_to_sale_ratio": null,
            "price_fair": 60.81,
            "eps_avg_yearly": 1.74,
            "eps_latest_yearly": 1,
            "eps_growth_yearly": 71.02
        },
        "20231": {
            "year_quarter": 20231,
            "year": 2023,
            "quarter": 1,
            "eps": 0.25,
            "eps_growth_year": -28.57,
            "eps_4q": 1.46,
            "eps_4q_growth_year": -24.03,
            "roe": 0.96,
            "roe_4q": 5.65,
            "gross_profit": 184763,
            "gross_margin": 9.52,
            "gross_margin_4q_avg": 10.94,
            "net_income": 75281,
            "revenue": 1941021,
            "common_shares": 3050000,
            "book_valuer_per_share": 24.95,
            "book_valuer_per_share_4q_avg": 24.46,
            "equity": 7886029,
            "current_ratio": 299.82,
            "debt_ratio": 29.99,
            "inventory_turnover_ratio": 0.82,
            "account_receivable_turnover_ratio": 1.25,
            "reinvestment_rate": -55.39,
            "research_to_sale_ratio": null,
            "price_fair": 60.81,
            "eps_avg_yearly": 1.74,
            "eps_latest_yearly": 1,
            "eps_growth_yearly": 71.99
        }
    },
    "months": {
        "2001-06": {
            "month": "2001-06",
            "price": "9.04",
            "revenue": 138556
        },
        "2001-07": {
            "month": "2001-07",
            "price": "7.38",
            "revenue": 177015
        },
        "2001-08": {
            "month": "2001-08",
            "price": "7.54",
            "revenue": 201080
        },
        "2001-09": {
            "month": "2001-09",
            "price": "7.43",
            "revenue": 128106
        },
        "2001-10": {
            "month": "2001-10",
            "price": "7.31",
            "revenue": 112344
        },
        "2001-11": {
            "month": "2001-11",
            "price": "7.38",
            "revenue": 96458
        },
        "2001-12": {
            "month": "2001-12",
            "price": "7.95",
            "revenue": 90365
        },
        "2002-01": {
            "month": "2002-01",
            "price": "8.30",
            "revenue": 127174
        },
        "2002-02": {
            "month": "2002-02",
            "price": "8.47",
            "revenue": 112176
        },
        "2002-03": {
            "month": "2002-03",
            "price": "9.34",
            "revenue": 151136
        },
        "2002-04": {
            "month": "2002-04",
            "price": "11.28",
            "revenue": 199064
        },
        "2002-05": {
            "month": "2002-05",
            "price": "11.91",
            "revenue": 185964
        },
        "2002-06": {
            "month": "2002-06",
            "price": "13.64",
            "revenue": 164827
        },
        "2002-07": {
            "month": "2002-07",
            "price": "13.83",
            "revenue": 188683
        },
        "2002-08": {
            "month": "2002-08",
            "price": "13.86",
            "revenue": 221045
        },
        "2002-09": {
            "month": "2002-09",
            "price": "12.54",
            "revenue": 186313
        },
        "2002-10": {
            "month": "2002-10",
            "price": "13.36",
            "revenue": 122051
        },
        "2002-11": {
            "month": "2002-11",
            "price": "15.03",
            "revenue": 94847
        },
        "2002-12": {
            "month": "2002-12",
            "price": "15.45",
            "revenue": 131486
        },
        "2003-01": {
            "month": "2003-01",
            "price": "17.59",
            "revenue": 150996
        },
        "2003-02": {
            "month": "2003-02",
            "price": "16.62",
            "revenue": 95207
        },
        "2003-03": {
            "month": "2003-03",
            "price": "16.52",
            "revenue": 182729
        },
        "2003-04": {
            "month": "2003-04",
            "price": "16.91",
            "revenue": 136645
        },
        "2003-05": {
            "month": "2003-05",
            "price": "14.80",
            "revenue": 188107
        },
        "2003-06": {
            "month": "2003-06",
            "price": "15.73",
            "revenue": 170525
        },
        "2003-07": {
            "month": "2003-07",
            "price": "15.47",
            "revenue": 249637
        },
        "2003-08": {
            "month": "2003-08",
            "price": "15.30",
            "revenue": 285220
        },
        "2003-09": {
            "month": "2003-09",
            "price": "15.12",
            "revenue": 177213
        },
        "2003-10": {
            "month": "2003-10",
            "price": "15.41",
            "revenue": 148899
        },
        "2003-11": {
            "month": "2003-11",
            "price": "17.28",
            "revenue": 145274
        },
        "2003-12": {
            "month": "2003-12",
            "price": "17.42",
            "revenue": 108573
        },
        "2004-01": {
            "month": "2004-01",
            "price": "17.67",
            "revenue": 116942
        },
        "2004-02": {
            "month": "2004-02",
            "price": "19.20",
            "revenue": 167024
        },
        "2004-03": {
            "month": "2004-03",
            "price": "21.03",
            "revenue": 209725
        },
        "2004-04": {
            "month": "2004-04",
            "price": "22.03",
            "revenue": 189036
        },
        "2004-05": {
            "month": "2004-05",
            "price": "19.36",
            "revenue": 221179
        },
        "2004-06": {
            "month": "2004-06",
            "price": "19.31",
            "revenue": 234559
        },
        "2004-07": {
            "month": "2004-07",
            "price": "19.85",
            "revenue": 221050
        },
        "2004-08": {
            "month": "2004-08",
            "price": "18.60",
            "revenue": 285687
        },
        "2004-09": {
            "month": "2004-09",
            "price": "19.24",
            "revenue": 242900
        },
        "2004-10": {
            "month": "2004-10",
            "price": "19.98",
            "revenue": 150629
        },
        "2004-11": {
            "month": "2004-11",
            "price": "20.22",
            "revenue": 168015
        },
        "2004-12": {
            "month": "2004-12",
            "price": "20.84",
            "revenue": 151208
        },
        "2005-01": {
            "month": "2005-01",
            "price": "20.67",
            "revenue": 145256
        },
        "2005-02": {
            "month": "2005-02",
            "price": "20.08",
            "revenue": 110678
        },
        "2005-03": {
            "month": "2005-03",
            "price": "19.36",
            "revenue": 172191
        },
        "2005-04": {
            "month": "2005-04",
            "price": "16.84",
            "revenue": 169139
        },
        "2005-05": {
            "month": "2005-05",
            "price": "15.20",
            "revenue": 231917
        },
        "2005-06": {
            "month": "2005-06",
            "price": "15.73",
            "revenue": 226043
        },
        "2005-07": {
            "month": "2005-07",
            "price": "15.24",
            "revenue": 285868
        },
        "2005-08": {
            "month": "2005-08",
            "price": "14.12",
            "revenue": 308505
        },
        "2005-09": {
            "month": "2005-09",
            "price": "13.77",
            "revenue": 243537
        },
        "2005-10": {
            "month": "2005-10",
            "price": "13.57",
            "revenue": 170035
        },
        "2005-11": {
            "month": "2005-11",
            "price": "13.45",
            "revenue": 181415
        },
        "2005-12": {
            "month": "2005-12",
            "price": "13.36",
            "revenue": 130948
        },
        "2006-01": {
            "month": "2006-01",
            "price": "13.45",
            "revenue": 337772
        },
        "2006-02": {
            "month": "2006-02",
            "price": "13.61",
            "revenue": 300366
        },
        "2006-03": {
            "month": "2006-03",
            "price": "13.81",
            "revenue": 397202
        },
        "2006-04": {
            "month": "2006-04",
            "price": "14.93",
            "revenue": 361028
        },
        "2006-05": {
            "month": "2006-05",
            "price": "16.22",
            "revenue": 402448
        },
        "2006-06": {
            "month": "2006-06",
            "price": "16.23",
            "revenue": 455319
        },
        "2006-07": {
            "month": "2006-07",
            "price": "15.51",
            "revenue": 516731
        },
        "2006-08": {
            "month": "2006-08",
            "price": "14.65",
            "revenue": 506729
        },
        "2006-09": {
            "month": "2006-09",
            "price": "14.67",
            "revenue": 385576
        },
        "2006-10": {
            "month": "2006-10",
            "price": "15.90",
            "revenue": 300535
        },
        "2006-11": {
            "month": "2006-11",
            "price": "15.87",
            "revenue": 315193
        },
        "2006-12": {
            "month": "2006-12",
            "price": "17.45",
            "revenue": 324391
        },
        "2007-01": {
            "month": "2007-01",
            "price": "18.55",
            "revenue": 331224
        },
        "2007-02": {
            "month": "2007-02",
            "price": "19.15",
            "revenue": 294491
        },
        "2007-03": {
            "month": "2007-03",
            "price": "17.89",
            "revenue": 387437
        },
        "2007-04": {
            "month": "2007-04",
            "price": "18.45",
            "revenue": 412017
        },
        "2007-05": {
            "month": "2007-05",
            "price": "17.04",
            "revenue": 453050
        },
        "2007-06": {
            "month": "2007-06",
            "price": "17.06",
            "revenue": 416035
        },
        "2007-07": {
            "month": "2007-07",
            "price": "17.78",
            "revenue": 526469
        },
        "2007-08": {
            "month": "2007-08",
            "price": "16.75",
            "revenue": 569166
        },
        "2007-09": {
            "month": "2007-09",
            "price": "17.03",
            "revenue": 410647
        },
        "2007-10": {
            "month": "2007-10",
            "price": "17.10",
            "revenue": 363356
        },
        "2007-11": {
            "month": "2007-11",
            "price": "15.91",
            "revenue": 294561
        },
        "2007-12": {
            "month": "2007-12",
            "price": "14.71",
            "revenue": 313992
        },
        "2008-01": {
            "month": "2008-01",
            "price": "14.22",
            "revenue": 432339
        },
        "2008-02": {
            "month": "2008-02",
            "price": "14.17",
            "revenue": 306874
        },
        "2008-03": {
            "month": "2008-03",
            "price": "14.92",
            "revenue": 386900
        },
        "2008-04": {
            "month": "2008-04",
            "price": "15.75",
            "revenue": 499424
        },
        "2008-05": {
            "month": "2008-05",
            "price": "16.51",
            "revenue": 542458
        },
        "2008-06": {
            "month": "2008-06",
            "price": "16.75",
            "revenue": 458890
        },
        "2008-07": {
            "month": "2008-07",
            "price": "14.72",
            "revenue": 549900
        },
        "2008-08": {
            "month": "2008-08",
            "price": "14.19",
            "revenue": 513618
        },
        "2008-09": {
            "month": "2008-09",
            "price": "12.28",
            "revenue": 425152
        },
        "2008-10": {
            "month": "2008-10",
            "price": "11.27",
            "revenue": 353935
        },
        "2008-11": {
            "month": "2008-11",
            "price": "12.36",
            "revenue": 284020
        },
        "2008-12": {
            "month": "2008-12",
            "price": "12.38",
            "revenue": 363263
        },
        "2009-01": {
            "month": "2009-01",
            "price": "12.37",
            "revenue": 406453
        },
        "2009-02": {
            "month": "2009-02",
            "price": "12.18",
            "revenue": 391812
        },
        "2009-03": {
            "month": "2009-03",
            "price": "14.74",
            "revenue": 430141
        },
        "2009-04": {
            "month": "2009-04",
            "price": "17.51",
            "revenue": 489079
        },
        "2009-05": {
            "month": "2009-05",
            "price": "19.70",
            "revenue": 478592
        },
        "2009-06": {
            "month": "2009-06",
            "price": "23.06",
            "revenue": 586954
        },
        "2009-07": {
            "month": "2009-07",
            "price": "21.76",
            "revenue": 594733
        },
        "2009-08": {
            "month": "2009-08",
            "price": "19.84",
            "revenue": 536840
        },
        "2009-09": {
            "month": "2009-09",
            "price": "20.44",
            "revenue": 498553
        },
        "2009-10": {
            "month": "2009-10",
            "price": "20.95",
            "revenue": 329922
        },
        "2009-11": {
            "month": "2009-11",
            "price": "20.12",
            "revenue": 313355
        },
        "2009-12": {
            "month": "2009-12",
            "price": "20.32",
            "revenue": 443648
        },
        "2010-01": {
            "month": "2010-01",
            "price": "21.31",
            "revenue": 478282
        },
        "2010-02": {
            "month": "2010-02",
            "price": "19.33",
            "revenue": 341683
        },
        "2010-03": {
            "month": "2010-03",
            "price": "22.08",
            "revenue": 496823
        },
        "2010-04": {
            "month": "2010-04",
            "price": "24.73",
            "revenue": 522587
        },
        "2010-05": {
            "month": "2010-05",
            "price": "21.83",
            "revenue": 557052
        },
        "2010-06": {
            "month": "2010-06",
            "price": "23.48",
            "revenue": 538932
        },
        "2010-07": {
            "month": "2010-07",
            "price": "23.96",
            "revenue": 689495
        },
        "2010-08": {
            "month": "2010-08",
            "price": "30.18",
            "revenue": 733910
        },
        "2010-09": {
            "month": "2010-09",
            "price": "32.01",
            "revenue": 580660
        },
        "2010-10": {
            "month": "2010-10",
            "price": "31.73",
            "revenue": 336673
        },
        "2010-11": {
            "month": "2010-11",
            "price": "28.38",
            "revenue": 420231
        },
        "2010-12": {
            "month": "2010-12",
            "price": "28.45",
            "revenue": 488583
        },
        "2011-01": {
            "month": "2011-01",
            "price": "29.35",
            "revenue": 544461
        },
        "2011-02": {
            "month": "2011-02",
            "price": "33.42",
            "revenue": 416184
        },
        "2011-03": {
            "month": "2011-03",
            "price": "32.73",
            "revenue": 566564
        },
        "2011-04": {
            "month": "2011-04",
            "price": "36.56",
            "revenue": 654352
        },
        "2011-05": {
            "month": "2011-05",
            "price": "36.81",
            "revenue": 711743
        },
        "2011-06": {
            "month": "2011-06",
            "price": "35.45",
            "revenue": 710069
        },
        "2011-07": {
            "month": "2011-07",
            "price": "40.00",
            "revenue": 775016
        },
        "2011-08": {
            "month": "2011-08",
            "price": "39.42",
            "revenue": 733164
        },
        "2011-09": {
            "month": "2011-09",
            "price": "34.54",
            "revenue": 681774
        },
        "2011-10": {
            "month": "2011-10",
            "price": "32.08",
            "revenue": 539921
        },
        "2011-11": {
            "month": "2011-11",
            "price": "32.36",
            "revenue": 587625
        },
        "2011-12": {
            "month": "2011-12",
            "price": "31.25",
            "revenue": 789449
        },
        "2012-01": {
            "month": "2012-01",
            "price": "30.98",
            "revenue": 619722
        },
        "2012-02": {
            "month": "2012-02",
            "price": "35.38",
            "revenue": 683050
        },
        "2012-03": {
            "month": "2012-03",
            "price": "38.91",
            "revenue": 658071
        },
        "2012-04": {
            "month": "2012-04",
            "price": "38.74",
            "revenue": 695756
        },
        "2012-05": {
            "month": "2012-05",
            "price": "36.29",
            "revenue": 777267
        },
        "2012-06": {
            "month": "2012-06",
            "price": "34.66",
            "revenue": 803082
        },
        "2012-07": {
            "month": "2012-07",
            "price": "35.69",
            "revenue": 894085
        },
        "2012-08": {
            "month": "2012-08",
            "price": "34.18",
            "revenue": 902054
        },
        "2012-09": {
            "month": "2012-09",
            "price": "33.32",
            "revenue": 754112
        },
        "2012-10": {
            "month": "2012-10",
            "price": "32.60",
            "revenue": 624000
        },
        "2012-11": {
            "month": "2012-11",
            "price": "32.19",
            "revenue": 518692
        },
        "2012-12": {
            "month": "2012-12",
            "price": "33.35",
            "revenue": 604815
        },
        "2013-01": {
            "month": "2013-01",
            "price": "33.95",
            "revenue": 728638
        },
        "2013-02": {
            "month": "2013-02",
            "price": "34.78",
            "revenue": 500062
        },
        "2013-03": {
            "month": "2013-03",
            "price": "34.63",
            "revenue": 689620
        },
        "2013-04": {
            "month": "2013-04",
            "price": "34.45",
            "revenue": 687501
        },
        "2013-05": {
            "month": "2013-05",
            "price": "36.28",
            "revenue": 805980
        },
        "2013-06": {
            "month": "2013-06",
            "price": "34.55",
            "revenue": 785653
        },
        "2013-07": {
            "month": "2013-07",
            "price": "33.50",
            "revenue": 870473
        },
        "2013-08": {
            "month": "2013-08",
            "price": "32.79",
            "revenue": 775932
        },
        "2013-09": {
            "month": "2013-09",
            "price": "33.42",
            "revenue": 680978
        },
        "2013-10": {
            "month": "2013-10",
            "price": "33.68",
            "revenue": 586975
        },
        "2013-11": {
            "month": "2013-11",
            "price": "34.51",
            "revenue": 506127
        },
        "2013-12": {
            "month": "2013-12",
            "price": "35.02",
            "revenue": 703581
        },
        "2014-01": {
            "month": "2014-01",
            "price": "38.13",
            "revenue": 693837
        },
        "2014-02": {
            "month": "2014-02",
            "price": "37.68",
            "revenue": 551505
        },
        "2014-03": {
            "month": "2014-03",
            "price": "37.67",
            "revenue": 732808
        },
        "2014-04": {
            "month": "2014-04",
            "price": "39.62",
            "revenue": 659761
        },
        "2014-05": {
            "month": "2014-05",
            "price": "38.03",
            "revenue": 740929
        },
        "2014-06": {
            "month": "2014-06",
            "price": "36.47",
            "revenue": 814421
        },
        "2014-07": {
            "month": "2014-07",
            "price": "35.68",
            "revenue": 769371
        },
        "2014-08": {
            "month": "2014-08",
            "price": "33.33",
            "revenue": 685111
        },
        "2014-09": {
            "month": "2014-09",
            "price": "32.52",
            "revenue": 729270
        },
        "2014-10": {
            "month": "2014-10",
            "price": "29.55",
            "revenue": 582428
        },
        "2014-11": {
            "month": "2014-11",
            "price": "29.53",
            "revenue": 464663
        },
        "2014-12": {
            "month": "2014-12",
            "price": "31.26",
            "revenue": 617295
        },
        "2015-01": {
            "month": "2015-01",
            "price": "30.56",
            "revenue": 740614
        },
        "2015-02": {
            "month": "2015-02",
            "price": "31.33",
            "revenue": 522872
        },
        "2015-03": {
            "month": "2015-03",
            "price": "32.26",
            "revenue": 631063
        },
        "2015-04": {
            "month": "2015-04",
            "price": "33.23",
            "revenue": 697334
        },
        "2015-05": {
            "month": "2015-05",
            "price": "31.54",
            "revenue": 818024
        },
        "2015-06": {
            "month": "2015-06",
            "price": "30.30",
            "revenue": 810786
        },
        "2015-07": {
            "month": "2015-07",
            "price": "29.75",
            "revenue": 796936
        },
        "2015-08": {
            "month": "2015-08",
            "price": "27.11",
            "revenue": 810856
        },
        "2015-09": {
            "month": "2015-09",
            "price": "27.90",
            "revenue": 647951
        },
        "2015-10": {
            "month": "2015-10",
            "price": "28.89",
            "revenue": 460127
        },
        "2015-11": {
            "month": "2015-11",
            "price": "28.97",
            "revenue": 422038
        },
        "2015-12": {
            "month": "2015-12",
            "price": "27.93",
            "revenue": 595798
        },
        "2016-01": {
            "month": "2016-01",
            "price": "27.75",
            "revenue": 645742
        },
        "2016-02": {
            "month": "2016-02",
            "price": "28.22",
            "revenue": 439637
        },
        "2016-03": {
            "month": "2016-03",
            "price": "28.38",
            "revenue": 534029
        },
        "2016-04": {
            "month": "2016-04",
            "price": "27.48",
            "revenue": 555664
        },
        "2016-05": {
            "month": "2016-05",
            "price": "26.24",
            "revenue": 637716
        },
        "2016-06": {
            "month": "2016-06",
            "price": "26.13",
            "revenue": 697697
        },
        "2016-07": {
            "month": "2016-07",
            "price": "26.22",
            "revenue": 733646
        },
        "2016-08": {
            "month": "2016-08",
            "price": "24.42",
            "revenue": 694361
        },
        "2016-09": {
            "month": "2016-09",
            "price": "23.49",
            "revenue": 558983
        },
        "2016-10": {
            "month": "2016-10",
            "price": "22.77",
            "revenue": 457150
        },
        "2016-11": {
            "month": "2016-11",
            "price": "23.09",
            "revenue": 510307
        },
        "2016-12": {
            "month": "2016-12",
            "price": "23.50",
            "revenue": 621066
        },
        "2017-01": {
            "month": "2017-01",
            "price": "24.36",
            "revenue": 586897
        },
        "2017-02": {
            "month": "2017-02",
            "price": "24.77",
            "revenue": 551843
        },
        "2017-03": {
            "month": "2017-03",
            "price": "25.54",
            "revenue": 610684
        },
        "2017-04": {
            "month": "2017-04",
            "price": "26.12",
            "revenue": 573826
        },
        "2017-05": {
            "month": "2017-05",
            "price": "26.50",
            "revenue": 627965
        },
        "2017-06": {
            "month": "2017-06",
            "price": "27.39",
            "revenue": 668695
        },
        "2017-07": {
            "month": "2017-07",
            "price": "27.40",
            "revenue": 669904
        },
        "2017-08": {
            "month": "2017-08",
            "price": "25.10",
            "revenue": 726356
        },
        "2017-09": {
            "month": "2017-09",
            "price": "25.05",
            "revenue": 666878
        },
        "2017-10": {
            "month": "2017-10",
            "price": "25.28",
            "revenue": 432004
        },
        "2017-11": {
            "month": "2017-11",
            "price": "25.30",
            "revenue": 407292
        },
        "2017-12": {
            "month": "2017-12",
            "price": "24.97",
            "revenue": 617999
        },
        "2018-01": {
            "month": "2018-01",
            "price": "25.38",
            "revenue": 618460
        },
        "2018-02": {
            "month": "2018-02",
            "price": "25.06",
            "revenue": 482900
        },
        "2018-03": {
            "month": "2018-03",
            "price": "25.92",
            "revenue": 588278
        },
        "2018-04": {
            "month": "2018-04",
            "price": "26.99",
            "revenue": 650100
        },
        "2018-05": {
            "month": "2018-05",
            "price": "26.57",
            "revenue": 662043
        },
        "2018-06": {
            "month": "2018-06",
            "price": "26.52",
            "revenue": 702288
        },
        "2018-07": {
            "month": "2018-07",
            "price": "26.62",
            "revenue": 762530
        },
        "2018-08": {
            "month": "2018-08",
            "price": "25.82",
            "revenue": 716844
        },
        "2018-09": {
            "month": "2018-09",
            "price": "25.68",
            "revenue": 608518
        },
        "2018-10": {
            "month": "2018-10",
            "price": "25.04",
            "revenue": 455524
        },
        "2018-11": {
            "month": "2018-11",
            "price": "24.77",
            "revenue": 403779
        },
        "2018-12": {
            "month": "2018-12",
            "price": "24.33",
            "revenue": 481329
        },
        "2019-01": {
            "month": "2019-01",
            "price": "24.38",
            "revenue": 731224
        },
        "2019-02": {
            "month": "2019-02",
            "price": "25.10",
            "revenue": 530368
        },
        "2019-03": {
            "month": "2019-03",
            "price": "24.99",
            "revenue": 685941
        },
        "2019-04": {
            "month": "2019-04",
            "price": "25.27",
            "revenue": 653645
        },
        "2019-05": {
            "month": "2019-05",
            "price": "24.86",
            "revenue": 724147
        },
        "2019-06": {
            "month": "2019-06",
            "price": "24.81",
            "revenue": 824411
        },
        "2019-07": {
            "month": "2019-07",
            "price": "24.96",
            "revenue": 846173
        },
        "2019-08": {
            "month": "2019-08",
            "price": "24.01",
            "revenue": 671161
        },
        "2019-09": {
            "month": "2019-09",
            "price": "23.98",
            "revenue": 674721
        },
        "2019-10": {
            "month": "2019-10",
            "price": "23.71",
            "revenue": 540548
        },
        "2019-11": {
            "month": "2019-11",
            "price": "23.91",
            "revenue": 503301
        },
        "2019-12": {
            "month": "2019-12",
            "price": "24.19",
            "revenue": 675188
        },
        "2020-01": {
            "month": "2020-01",
            "price": "24.52",
            "revenue": 393347
        },
        "2020-02": {
            "month": "2020-02",
            "price": "23.64",
            "revenue": 456638
        },
        "2020-03": {
            "month": "2020-03",
            "price": "20.59",
            "revenue": 536145
        },
        "2020-04": {
            "month": "2020-04",
            "price": "20.18",
            "revenue": 699312
        },
        "2020-05": {
            "month": "2020-05",
            "price": "21.18",
            "revenue": 672915
        },
        "2020-06": {
            "month": "2020-06",
            "price": "21.69",
            "revenue": 763777
        },
        "2020-07": {
            "month": "2020-07",
            "price": "21.58",
            "revenue": 820067
        },
        "2020-08": {
            "month": "2020-08",
            "price": "21.15",
            "revenue": 722463
        },
        "2020-09": {
            "month": "2020-09",
            "price": "21.61",
            "revenue": 700705
        },
        "2020-10": {
            "month": "2020-10",
            "price": "21.52",
            "revenue": 471387
        },
        "2020-11": {
            "month": "2020-11",
            "price": "22.71",
            "revenue": 461504
        },
        "2020-12": {
            "month": "2020-12",
            "price": "22.95",
            "revenue": 559373
        },
        "2021-01": {
            "month": "2021-01",
            "price": "22.71",
            "revenue": 578265
        },
        "2021-02": {
            "month": "2021-02",
            "price": "22.63",
            "revenue": 543473
        },
        "2021-03": {
            "month": "2021-03",
            "price": "24.20",
            "revenue": 721381
        },
        "2021-04": {
            "month": "2021-04",
            "price": "26.70",
            "revenue": 772482
        },
        "2021-05": {
            "month": "2021-05",
            "price": "26.04",
            "revenue": 827316
        },
        "2021-06": {
            "month": "2021-06",
            "price": "27.03",
            "revenue": 824913
        },
        "2021-07": {
            "month": "2021-07",
            "price": "28.82",
            "revenue": 914833
        },
        "2021-08": {
            "month": "2021-08",
            "price": "27.01",
            "revenue": 802320
        },
        "2021-09": {
            "month": "2021-09",
            "price": "26.82",
            "revenue": 835101
        },
        "2021-10": {
            "month": "2021-10",
            "price": "25.73",
            "revenue": 611248
        },
        "2021-11": {
            "month": "2021-11",
            "price": "26.10",
            "revenue": 551339
        },
        "2021-12": {
            "month": "2021-12",
            "price": "26.21",
            "revenue": 692814
        },
        "2022-01": {
            "month": "2022-01",
            "price": "26.19",
            "revenue": 650539
        },
        "2022-02": {
            "month": "2022-02",
            "price": "26.64",
            "revenue": 571818
        },
        "2022-03": {
            "month": "2022-03",
            "price": "26.85",
            "revenue": 699191
        },
        "2022-04": {
            "month": "2022-04",
            "price": "26.65",
            "revenue": 713792
        },
        "2022-05": {
            "month": "2022-05",
            "price": "25.91",
            "revenue": 785247
        },
        "2022-06": {
            "month": "2022-06",
            "price": "25.84",
            "revenue": 842455
        },
        "2022-07": {
            "month": "2022-07",
            "price": "25.63",
            "revenue": 941787
        },
        "2022-08": {
            "month": "2022-08",
            "price": "25.22",
            "revenue": 977558
        },
        "2022-09": {
            "month": "2022-09",
            "price": "25.12",
            "revenue": 844894
        },
        "2022-10": {
            "month": "2022-10",
            "price": "24.43",
            "revenue": 572274
        },
        "2022-11": {
            "month": "2022-11",
            "price": "24.28",
            "revenue": 537695
        },
        "2022-12": {
            "month": "2022-12",
            "price": "24.45",
            "revenue": 637448
        },
        "2023-01": {
            "month": "2023-01",
            "price": "24.33",
            "revenue": 574155
        },
        "2023-02": {
            "month": "2023-02",
            "price": "24.50",
            "revenue": 725647
        },
        "2023-03": {
            "month": "2023-03",
            "price": "25.05",
            "revenue": 641219
        },
        "2023-04": {
            "month": "2023-04",
            "price": "25.23",
            "revenue": 817837
        }
    }
}
