{
    "summary": {
        "stock_name": "欣巴巴",
        "stock_id": "9906",
        "category": "建材營造",
        "main_business": "委託營造廠商興建商業大樓及國民住宅出租、出售業務<br>室內裝潢設計施工承包業務<br>其他",
        "website_url": "http://www.hsinbaba.com.tw",
        "ceo": "張宏圖",
        "pe_ratio": 10,
        "report_year_from": 2001,
        "report_year_to": 2023,
        "age": 23,
        "eps_negative_percentage": 48,
        "eps_growth_avg": {
            "last_all": -17.84,
            "last_2y": 45,
            "last_4y": 45,
            "last_8y": 19.04,
            "last_12y": 8.21,
            "last_16y": -9.63,
            "last_20y": -17.84,
            "at_2006_last_3y": -100,
            "at_2007_last_3y": -100,
            "at_2008_last_3y": -61.94,
            "at_2009_last_3y": -80.97,
            "at_2010_last_3y": -80.97,
            "at_2011_last_3y": -63.82,
            "at_2012_last_3y": -9.84,
            "at_2013_last_3y": -9.84,
            "at_2014_last_3y": -9.84,
            "at_2015_last_3y": 0,
            "at_2016_last_3y": -45.24,
            "at_2017_last_3y": 52.59,
            "at_2018_last_3y": 1.73,
            "at_2019_last_3y": 1.73,
            "at_2020_last_3y": -2.17,
            "at_2021_last_3y": -100,
            "at_2022_last_3y": 62.1,
            "at_2023_last_3y": 45,
            "at_2024_last_3y": 45,
            "at_2006_last_all": -100,
            "at_2007_last_all": -100,
            "at_2008_last_all": -80.97,
            "at_2009_last_all": -87.31,
            "at_2010_last_all": -87.31,
            "at_2011_last_all": -72.87,
            "at_2012_last_all": -38.29,
            "at_2013_last_all": -48.58,
            "at_2014_last_all": -48.58,
            "at_2015_last_all": -48.58,
            "at_2016_last_all": -40.28,
            "at_2017_last_all": -23.29,
            "at_2018_last_all": -31.81,
            "at_2019_last_all": -31.81,
            "at_2020_last_all": -31.81,
            "at_2021_last_all": -31.81,
            "at_2022_last_all": -22.42,
            "at_2023_last_all": -17.84,
            "at_2024_last_all": -17.84
        },
        "latest_eps": 6.53,
        "latest_price": 66,
        "latest_roe": 37.94,
        "latest_gross_margin": 41.46,
        "latest_equity": 1529732,
        "latest_revenue": 463148,
        "latest_gross_profit": 192006,
        "latest_net_income": 102545,
        "latest_debt_ratio": 83.24,
        "latest_current_ratio": 130.68,
        "latest_account_receivable_turnover_ratio": 460.39,
        "latest_inventory_turnover_ratio": 0.03,
        "latest_reinvestment_rate": 0.09,
        "latest_research_to_sale_ratio": null
    },
    "eps_dividends": {
        "1990": {
            "cash": 0,
            "stock": 2.5,
            "eps": 0
        },
        "1991": {
            "cash": 0,
            "stock": 2.5,
            "eps": 0
        },
        "1992": {
            "cash": 0,
            "stock": 2,
            "eps": 0
        },
        "1993": {
            "cash": 0,
            "stock": 2,
            "eps": 0
        },
        "1994": {
            "cash": 0,
            "stock": 1.4,
            "eps": 0
        },
        "1995": {
            "cash": 0.3,
            "stock": 0.7,
            "eps": 0
        },
        "2001": {
            "cash": 0,
            "stock": 0,
            "eps": -1.82
        },
        "2002": {
            "cash": 0,
            "stock": 0,
            "eps": -6.42
        },
        "2003": {
            "cash": 0,
            "stock": 0,
            "eps": 1.91
        },
        "2004": {
            "cash": 0,
            "stock": 0,
            "eps": -4
        },
        "2005": {
            "cash": 0,
            "stock": 0,
            "eps": -1.18
        },
        "2006": {
            "cash": 0,
            "stock": 0,
            "eps": -2.52
        },
        "2007": {
            "cash": 0,
            "stock": 0,
            "eps": 2.47
        },
        "2008": {
            "cash": 0,
            "stock": 0,
            "eps": 0.94
        },
        "2009": {
            "cash": 0,
            "stock": 0,
            "eps": -0.83
        },
        "2010": {
            "cash": 0,
            "stock": 0,
            "eps": 6.3
        },
        "2011": {
            "cash": 0,
            "stock": 0.34,
            "eps": 4.44
        },
        "2012": {
            "cash": 0,
            "stock": 0,
            "eps": 14.28
        },
        "2013": {
            "cash": 0,
            "stock": 12.57,
            "eps": -0.06
        },
        "2014": {
            "cash": 0,
            "stock": 0,
            "eps": -0.82
        },
        "2015": {
            "cash": 0,
            "stock": 0,
            "eps": 0.63
        },
        "2016": {
            "cash": 0,
            "stock": 0,
            "eps": 0.69
        },
        "2017": {
            "cash": 0,
            "stock": 0.65,
            "eps": 1.35
        },
        "2018": {
            "cash": 0,
            "stock": 1.18,
            "eps": -0.37
        },
        "2019": {
            "cash": 0,
            "stock": 0,
            "eps": -0.97
        },
        "2020": {
            "cash": 0,
            "stock": 0,
            "eps": -1.07
        },
        "2021": {
            "cash": 0,
            "stock": 0,
            "eps": 3.14
        },
        "2022": {
            "cash": 0.66,
            "stock": 0,
            "eps": 5.09
        },
        "2023": {
            "cash": 4.57,
            "stock": 0,
            "eps": 6.51
        }
    },
    "dividends": {
        "1990-03-30": {
            "cash": 0,
            "stock": 2.5
        },
        "1991-03-26": {
            "cash": 0,
            "stock": 2.5
        },
        "1992-05-15": {
            "cash": 0,
            "stock": 2
        },
        "1993-05-28": {
            "cash": 0,
            "stock": 2
        },
        "1994-04-20": {
            "cash": 0,
            "stock": 1.4
        },
        "1995-06-06": {
            "cash": 0.3,
            "stock": 0.7
        },
        "2011-01-01": {
            "cash": 0,
            "stock": 0.34
        },
        "2013-05-07": {
            "cash": 0,
            "stock": 12.57
        },
        "2017-03-28": {
            "cash": 0,
            "stock": 0.65
        },
        "2018-03-26": {
            "cash": 0,
            "stock": 1.18
        },
        "2022-09-30": {
            "cash": 0.66,
            "stock": 0
        },
        "2023-09-26": {
            "cash": 4.57,
            "stock": 0
        }
    },
    "prices": {
        "200101": "1.55",
        "200102": "2.07",
        "200103": "1.93",
        "200104": "1.72",
        "200105": "1.23",
        "200106": "1.07",
        "200107": "0.98",
        "200108": "1.05",
        "200109": "0.91",
        "200110": "0.84",
        "200111": "0.54",
        "200112": "0.51",
        "200201": "0.68",
        "200202": "0.69",
        "200203": "0.73",
        "200204": "1.08",
        "200205": "0.97",
        "200206": "1.02",
        "200207": "1.36",
        "200208": "1.42",
        "200209": "1.24",
        "200210": "1.20",
        "200211": "1.32",
        "200212": "1.10",
        "200301": "1.55",
        "200302": "1.84",
        "200303": "1.58",
        "200304": "4.12",
        "200305": "3.83",
        "200306": "3.84",
        "200307": "2.48",
        "200308": "2.04",
        "200309": "4.05",
        "200310": "6.66",
        "200311": "7.78",
        "200312": "7.02",
        "200401": "7.68",
        "200402": "8.55",
        "200403": "7.68",
        "200404": "7.34",
        "200405": "6.04",
        "200406": "4.26",
        "200407": "3.31",
        "200408": "2.75",
        "200409": "2.40",
        "200410": "2.52",
        "200411": "2.26",
        "200412": "2.19",
        "200501": "2.31",
        "200502": "2.14",
        "200503": "2.18",
        "200504": "2.10",
        "200505": "1.29",
        "200506": "1.08",
        "200507": "1.25",
        "200508": "0.93",
        "200509": "0.61",
        "200510": "0.64",
        "200511": "1.42",
        "200512": "1.27",
        "200601": "1.16",
        "200602": "1.02",
        "200603": "1.18",
        "200604": "1.26",
        "200605": "1.40",
        "200606": "1.21",
        "200607": "0.93",
        "200608": "0.79",
        "200609": "0.72",
        "200610": "0.96",
        "200611": "0.88",
        "200612": "1.14",
        "200701": "1.24",
        "200702": "1.23",
        "200703": "1.22",
        "200704": "1.16",
        "200705": "1.28",
        "200706": "1.26",
        "200707": "1.30",
        "200708": "1.54",
        "200709": "2.00",
        "200710": "1.79",
        "200711": "1.58",
        "200712": "1.43",
        "200801": "1.41",
        "200802": "1.44",
        "200803": "1.32",
        "200804": "1.24",
        "200805": "1.86",
        "200806": "1.87",
        "200807": "1.43",
        "200808": "1.50",
        "200809": "1.25",
        "200810": "1.06",
        "200811": "1.13",
        "200812": "1.27",
        "200901": "1.32",
        "200902": "1.16",
        "200903": "1.35",
        "200904": "1.16",
        "200905": "1.25",
        "200906": "1.36",
        "200907": "1.05",
        "200908": "0.95",
        "200909": "1.00",
        "200910": "1.11",
        "200911": "1.52",
        "200912": "1.36",
        "201001": "1.40",
        "201002": "1.36",
        "201003": "1.45",
        "201004": "1.38",
        "201005": "1.23",
        "201006": "1.29",
        "201007": "1.25",
        "201008": "1.20",
        "201009": "1.31",
        "201010": "1.23",
        "201011": "1.26",
        "201012": "1.56",
        "201101": "1.50",
        "201102": "1.66",
        "201103": "1.42",
        "201104": "8.82",
        "201105": "9.16",
        "201106": "10.07",
        "201107": "10.21",
        "201108": "13.69",
        "201109": "14.16",
        "201110": "14.73",
        "201111": "14.57",
        "201112": "13.98",
        "201201": "14.61",
        "201202": "14.70",
        "201203": "15.24",
        "201204": "24.21",
        "201205": "26.21",
        "201206": "28.48",
        "201207": "30.05",
        "201208": "34.51",
        "201209": "49.64",
        "201210": "42.55",
        "201211": "38.97",
        "201212": "39.94",
        "201301": "39.92",
        "201302": "39.45",
        "201303": "40.88",
        "201304": "49.35",
        "201305": "84.80",
        "201306": "116.37",
        "201307": "105.74",
        "201308": "80.31",
        "201309": "46.80",
        "201310": "42.88",
        "201311": "40.28",
        "201312": "41.15",
        "201401": "40.55",
        "201402": "39.24",
        "201403": "37.20",
        "201404": "38.72",
        "201405": "35.79",
        "201406": "31.24",
        "201407": "32.00",
        "201408": "31.43",
        "201409": "32.37",
        "201410": "33.14",
        "201411": "32.49",
        "201412": "32.15",
        "201501": "38.40",
        "201502": "40.27",
        "201503": "41.41",
        "201504": "45.37",
        "201505": "38.95",
        "201506": "27.87",
        "201507": "25.33",
        "201508": "23.79",
        "201509": "20.26",
        "201510": "20.54",
        "201511": "16.92",
        "201512": "13.54",
        "201601": "10.12",
        "201602": "9.65",
        "201603": "13.79",
        "201604": "20.57",
        "201605": "15.80",
        "201606": "22.64",
        "201607": "21.50",
        "201608": "19.94",
        "201609": "17.67",
        "201610": "17.08",
        "201611": "17.81",
        "201612": "20.24",
        "201701": "19.95",
        "201702": "19.67",
        "201703": "19.69",
        "201704": "19.26",
        "201705": "18.41",
        "201706": "20.01",
        "201707": "19.56",
        "201708": "18.19",
        "201709": "18.42",
        "201710": "18.43",
        "201711": "17.24",
        "201712": "15.56",
        "201801": "15.86",
        "201802": "14.12",
        "201803": "14.72",
        "201804": "14.63",
        "201805": "14.29",
        "201806": "13.92",
        "201807": "13.16",
        "201808": "12.32",
        "201809": "12.47",
        "201810": "10.12",
        "201811": "9.49",
        "201812": "11.97",
        "201901": "11.04",
        "201902": "11.84",
        "201903": "12.24",
        "201904": "12.56",
        "201905": "12.19",
        "201906": "12.27",
        "201907": "16.53",
        "201908": "16.83",
        "201909": "16.77",
        "201910": "15.69",
        "201911": "16.71",
        "201912": "18.33",
        "202001": "22.29",
        "202002": "21.06",
        "202003": "18.10",
        "202004": "18.86",
        "202005": "21.72",
        "202006": "24.37",
        "202007": "42.39",
        "202008": "41.92",
        "202009": "45.99",
        "202010": "40.42",
        "202011": "38.91",
        "202012": "39.43",
        "202101": "39.50",
        "202102": "41.01",
        "202103": "49.07",
        "202104": "48.49",
        "202105": "44.22",
        "202106": "48.03",
        "202107": "53.48",
        "202108": "51.49",
        "202109": "51.27",
        "202110": "50.59",
        "202111": "54.88",
        "202112": "64.14",
        "202201": "59.61",
        "202202": "55.01",
        "202203": "53.63",
        "202204": "58.55",
        "202205": "56.57",
        "202206": "54.63",
        "202207": "49.93",
        "202208": "48.60",
        "202209": "47.60",
        "202210": "45.14",
        "202211": "44.89",
        "202212": "44.70",
        "202301": "47.36",
        "202302": "48.08",
        "202303": "52.20",
        "202304": "50.58",
        "202305": "49.76",
        "202306": "57.08",
        "202307": "58.50",
        "202308": "57.49",
        "202309": "51.36",
        "202310": "50.42",
        "202311": "52.77",
        "202312": "54.24"
    },
    "quarters": {
        "20011": {
            "year_quarter": 20011,
            "year": 2001,
            "quarter": 1,
            "eps": -0.31,
            "eps_growth_year": null,
            "eps_4q": -1.43,
            "eps_4q_growth_year": null,
            "roe": -5.32,
            "roe_4q": -5.32,
            "gross_profit": -22261,
            "gross_margin": -6.83,
            "gross_margin_4q_avg": -6.83,
            "net_income": -91283,
            "net_income_4q": null,
            "revenue": 326142,
            "revenue_4q": null,
            "common_shares": 2908385,
            "book_valuer_per_share": 5.45,
            "book_valuer_per_share_4q_avg": 5.45,
            "equity": 1584450,
            "current_ratio": 64.7,
            "debt_ratio": 59.94,
            "inventory_turnover_ratio": 0.91,
            "account_receivable_turnover_ratio": null,
            "reinvestment_rate": null,
            "research_to_sale_ratio": null,
            "price_fair": 0,
            "eps_avg_yearly": 0,
            "eps_latest_yearly": 0,
            "eps_growth_yearly": 0
        },
        "20012": {
            "year_quarter": 20012,
            "year": 2001,
            "quarter": 2,
            "eps": -0.31,
            "eps_growth_year": null,
            "eps_4q": -1.27,
            "eps_4q_growth_year": null,
            "roe": -5.81,
            "roe_4q": -11.129999999999999,
            "gross_profit": 34000,
            "gross_margin": 8.01,
            "gross_margin_4q_avg": 0.59,
            "net_income": -90131,
            "net_income_4q": null,
            "revenue": 424239,
            "revenue_4q": null,
            "common_shares": 2908385,
            "book_valuer_per_share": 5.23,
            "book_valuer_per_share_4q_avg": 5.34,
            "equity": 1520154,
            "current_ratio": 47.79,
            "debt_ratio": 59.73,
            "inventory_turnover_ratio": 1.91,
            "account_receivable_turnover_ratio": null,
            "reinvestment_rate": null,
            "research_to_sale_ratio": null,
            "price_fair": 0,
            "eps_avg_yearly": 0,
            "eps_latest_yearly": 0,
            "eps_growth_yearly": 0
        },
        "20013": {
            "year_quarter": 20013,
            "year": 2001,
            "quarter": 3,
            "eps": -0.38,
            "eps_growth_year": null,
            "eps_4q": -1.44,
            "eps_4q_growth_year": null,
            "roe": -7.69,
            "roe_4q": -18.82,
            "gross_profit": 19525,
            "gross_margin": 5.11,
            "gross_margin_4q_avg": 2.1,
            "net_income": -111801,
            "net_income_4q": null,
            "revenue": 382408,
            "revenue_4q": null,
            "common_shares": 2908385,
            "book_valuer_per_share": 4.77,
            "book_valuer_per_share_4q_avg": 5.15,
            "equity": 1386488,
            "current_ratio": 38.26,
            "debt_ratio": 61.37,
            "inventory_turnover_ratio": 1.79,
            "account_receivable_turnover_ratio": null,
            "reinvestment_rate": null,
            "research_to_sale_ratio": null,
            "price_fair": 0,
            "eps_avg_yearly": 0,
            "eps_latest_yearly": 0,
            "eps_growth_yearly": 0
        },
        "20014": {
            "year_quarter": 20014,
            "year": 2001,
            "quarter": 4,
            "eps": -0.82,
            "eps_growth_year": null,
            "eps_4q": -1.7,
            "eps_4q_growth_year": null,
            "roe": -17.79,
            "roe_4q": -36.61,
            "gross_profit": 10328,
            "gross_margin": 5.07,
            "gross_margin_4q_avg": 2.84,
            "net_income": -239892,
            "net_income_4q": null,
            "revenue": 203613,
            "revenue_4q": null,
            "common_shares": 2908385,
            "book_valuer_per_share": 3.96,
            "book_valuer_per_share_4q_avg": 4.85,
            "equity": 1310774,
            "current_ratio": 71.38,
            "debt_ratio": 72.78,
            "inventory_turnover_ratio": 0.6,
            "account_receivable_turnover_ratio": null,
            "reinvestment_rate": null,
            "research_to_sale_ratio": null,
            "price_fair": 0,
            "eps_avg_yearly": 0,
            "eps_latest_yearly": 0,
            "eps_growth_yearly": 0
        },
        "20021": {
            "year_quarter": 20021,
            "year": 2002,
            "quarter": 1,
            "eps": -0.21,
            "eps_growth_year": null,
            "eps_4q": -1.74,
            "eps_4q_growth_year": null,
            "roe": -5.05,
            "roe_4q": -36.34,
            "gross_profit": -18142,
            "gross_margin": -6.14,
            "gross_margin_4q_avg": 3.01,
            "net_income": -60500,
            "net_income_4q": null,
            "revenue": 295523,
            "revenue_4q": null,
            "common_shares": 2908385,
            "book_valuer_per_share": 3.73,
            "book_valuer_per_share_4q_avg": 4.42,
            "equity": 1086132,
            "current_ratio": 41.8,
            "debt_ratio": 65.79,
            "inventory_turnover_ratio": 1.13,
            "account_receivable_turnover_ratio": null,
            "reinvestment_rate": null,
            "research_to_sale_ratio": null,
            "price_fair": 0,
            "eps_avg_yearly": 0,
            "eps_latest_yearly": 0,
            "eps_growth_yearly": 0
        },
        "20022": {
            "year_quarter": 20022,
            "year": 2002,
            "quarter": 2,
            "eps": -0.31,
            "eps_growth_year": null,
            "eps_4q": -1.72,
            "eps_4q_growth_year": null,
            "roe": -8.43,
            "roe_4q": -38.96,
            "gross_profit": 33716,
            "gross_margin": 11.15,
            "gross_margin_4q_avg": 3.8,
            "net_income": -88067,
            "net_income_4q": null,
            "revenue": 302430,
            "revenue_4q": null,
            "common_shares": 2908385,
            "book_valuer_per_share": 3.45,
            "book_valuer_per_share_4q_avg": 3.98,
            "equity": 1004002,
            "current_ratio": 53.72,
            "debt_ratio": 66.93,
            "inventory_turnover_ratio": 2.2,
            "account_receivable_turnover_ratio": null,
            "reinvestment_rate": null,
            "research_to_sale_ratio": null,
            "price_fair": 0,
            "eps_avg_yearly": 0,
            "eps_latest_yearly": 0,
            "eps_growth_yearly": 0
        },
        "20023": {
            "year_quarter": 20023,
            "year": 2002,
            "quarter": 3,
            "eps": 0.01,
            "eps_growth_year": null,
            "eps_4q": -1.33,
            "eps_4q_growth_year": null,
            "roe": 0.23,
            "roe_4q": -31.04,
            "gross_profit": 60769,
            "gross_margin": 14.57,
            "gross_margin_4q_avg": 6.16,
            "net_income": 2267,
            "net_income_4q": null,
            "revenue": 417009,
            "revenue_4q": null,
            "common_shares": 2908385,
            "book_valuer_per_share": 3.47,
            "book_valuer_per_share_4q_avg": 3.65,
            "equity": 1008981,
            "current_ratio": 54.52,
            "debt_ratio": 66.57,
            "inventory_turnover_ratio": 2.79,
            "account_receivable_turnover_ratio": null,
            "reinvestment_rate": null,
            "research_to_sale_ratio": null,
            "price_fair": 0,
            "eps_avg_yearly": 0,
            "eps_latest_yearly": 0,
            "eps_growth_yearly": 0
        },
        "20024": {
            "year_quarter": 20024,
            "year": 2002,
            "quarter": 4,
            "eps": -5.91,
            "eps_growth_year": null,
            "eps_4q": -7.36,
            "eps_4q_growth_year": null,
            "roe": -64.69,
            "roe_4q": -77.93999999999998,
            "gross_profit": 16407,
            "gross_margin": 7.71,
            "gross_margin_4q_avg": 6.82,
            "net_income": -549615,
            "net_income_4q": null,
            "revenue": 212750,
            "revenue_4q": null,
            "common_shares": 930000,
            "book_valuer_per_share": 5.05,
            "book_valuer_per_share_4q_avg": 3.93,
            "equity": 690366,
            "current_ratio": 73.8,
            "debt_ratio": 82.51,
            "inventory_turnover_ratio": 0.7,
            "account_receivable_turnover_ratio": null,
            "reinvestment_rate": null,
            "research_to_sale_ratio": null,
            "price_fair": 0,
            "eps_avg_yearly": 0,
            "eps_latest_yearly": 0,
            "eps_growth_yearly": 0
        },
        "20031": {
            "year_quarter": 20031,
            "year": 2003,
            "quarter": 1,
            "eps": -0.18,
            "eps_growth_year": null,
            "eps_4q": -6.89,
            "eps_4q_growth_year": null,
            "roe": -2.98,
            "roe_4q": -75.87,
            "gross_profit": 18946,
            "gross_margin": 6,
            "gross_margin_4q_avg": 9.86,
            "net_income": -17040,
            "net_income_4q": null,
            "revenue": 315834,
            "revenue_4q": null,
            "common_shares": 930000,
            "book_valuer_per_share": 4.87,
            "book_valuer_per_share_4q_avg": 4.21,
            "equity": 452711,
            "current_ratio": 41.08,
            "debt_ratio": 81.71,
            "inventory_turnover_ratio": 1.03,
            "account_receivable_turnover_ratio": null,
            "reinvestment_rate": null,
            "research_to_sale_ratio": null,
            "price_fair": 0,
            "eps_avg_yearly": 0,
            "eps_latest_yearly": 0,
            "eps_growth_yearly": 0
        },
        "20032": {
            "year_quarter": 20032,
            "year": 2003,
            "quarter": 2,
            "eps": 2.18,
            "eps_growth_year": null,
            "eps_4q": -3.89,
            "eps_4q_growth_year": null,
            "roe": 34.9,
            "roe_4q": -32.54,
            "gross_profit": 24521,
            "gross_margin": 8.28,
            "gross_margin_4q_avg": 9.14,
            "net_income": 202541,
            "net_income_4q": null,
            "revenue": 296047,
            "revenue_4q": null,
            "common_shares": 930000,
            "book_valuer_per_share": 7.61,
            "book_valuer_per_share_4q_avg": 5.25,
            "equity": 708036,
            "current_ratio": 38.1,
            "debt_ratio": 74.4,
            "inventory_turnover_ratio": 1.69,
            "account_receivable_turnover_ratio": null,
            "reinvestment_rate": null,
            "research_to_sale_ratio": null,
            "price_fair": 0,
            "eps_avg_yearly": 0,
            "eps_latest_yearly": 0,
            "eps_growth_yearly": 0
        },
        "20033": {
            "year_quarter": 20033,
            "year": 2003,
            "quarter": 3,
            "eps": 0.01,
            "eps_growth_year": 0,
            "eps_4q": -3.91,
            "eps_4q_growth_year": null,
            "roe": 0.12,
            "roe_4q": -32.65,
            "gross_profit": 26316,
            "gross_margin": 7.77,
            "gross_margin_4q_avg": 7.44,
            "net_income": 830,
            "net_income_4q": null,
            "revenue": 338770,
            "revenue_4q": null,
            "common_shares": 930000,
            "book_valuer_per_share": 7.63,
            "book_valuer_per_share_4q_avg": 6.29,
            "equity": 709898,
            "current_ratio": 32.25,
            "debt_ratio": 73.4,
            "inventory_turnover_ratio": 2.06,
            "account_receivable_turnover_ratio": null,
            "reinvestment_rate": null,
            "research_to_sale_ratio": null,
            "price_fair": 0.12,
            "eps_avg_yearly": 0.04,
            "eps_latest_yearly": 0.04,
            "eps_growth_yearly": -398.17
        },
        "20034": {
            "year_quarter": 20034,
            "year": 2003,
            "quarter": 4,
            "eps": -0.1,
            "eps_growth_year": null,
            "eps_4q": 1.55,
            "eps_4q_growth_year": null,
            "roe": -1.27,
            "roe_4q": 30.77,
            "gross_profit": 6134,
            "gross_margin": 3.35,
            "gross_margin_4q_avg": 6.35,
            "net_income": -9676,
            "net_income_4q": null,
            "revenue": 183038,
            "revenue_4q": null,
            "common_shares": 930000,
            "book_valuer_per_share": 7.46,
            "book_valuer_per_share_4q_avg": 6.89,
            "equity": 811322,
            "current_ratio": 75.45,
            "debt_ratio": 79.58,
            "inventory_turnover_ratio": 0.6,
            "account_receivable_turnover_ratio": null,
            "reinvestment_rate": null,
            "research_to_sale_ratio": null,
            "price_fair": 0.12,
            "eps_avg_yearly": 0.04,
            "eps_latest_yearly": 0.04,
            "eps_growth_yearly": -398.17
        },
        "20041": {
            "year_quarter": 20041,
            "year": 2004,
            "quarter": 1,
            "eps": -0.67,
            "eps_growth_year": null,
            "eps_4q": 1.41,
            "eps_4q_growth_year": null,
            "roe": -8.69,
            "roe_4q": 25.06,
            "gross_profit": -9164,
            "gross_margin": -6.06,
            "gross_margin_4q_avg": 3.34,
            "net_income": -62285,
            "net_income_4q": null,
            "revenue": 151152,
            "revenue_4q": null,
            "common_shares": 930000,
            "book_valuer_per_share": 6.69,
            "book_valuer_per_share_4q_avg": 7.35,
            "equity": 622564,
            "current_ratio": 47.71,
            "debt_ratio": 76.19,
            "inventory_turnover_ratio": 0.59,
            "account_receivable_turnover_ratio": null,
            "reinvestment_rate": null,
            "research_to_sale_ratio": null,
            "price_fair": 0.12,
            "eps_avg_yearly": 0.04,
            "eps_latest_yearly": 0.04,
            "eps_growth_yearly": -398.17
        },
        "20042": {
            "year_quarter": 20042,
            "year": 2004,
            "quarter": 2,
            "eps": -0.71,
            "eps_growth_year": -132.57,
            "eps_4q": -1.47,
            "eps_4q_growth_year": null,
            "roe": -11.01,
            "roe_4q": -20.849999999999998,
            "gross_profit": -19992,
            "gross_margin": -11.58,
            "gross_margin_4q_avg": -1.63,
            "net_income": -65917,
            "net_income_4q": null,
            "revenue": 172618,
            "revenue_4q": null,
            "common_shares": 930000,
            "book_valuer_per_share": 6.18,
            "book_valuer_per_share_4q_avg": 6.99,
            "equity": 574412,
            "current_ratio": 43.97,
            "debt_ratio": 78.07,
            "inventory_turnover_ratio": 2.14,
            "account_receivable_turnover_ratio": null,
            "reinvestment_rate": null,
            "research_to_sale_ratio": null,
            "price_fair": 0.12,
            "eps_avg_yearly": 0.04,
            "eps_latest_yearly": 0.04,
            "eps_growth_yearly": -398.17
        },
        "20043": {
            "year_quarter": 20043,
            "year": 2004,
            "quarter": 3,
            "eps": -1.07,
            "eps_growth_year": -10800,
            "eps_4q": -2.56,
            "eps_4q_growth_year": null,
            "roe": -19.06,
            "roe_4q": -40.03,
            "gross_profit": 13058,
            "gross_margin": 26.84,
            "gross_margin_4q_avg": 3.14,
            "net_income": -99971,
            "net_income_4q": null,
            "revenue": 48655,
            "revenue_4q": null,
            "common_shares": 930000,
            "book_valuer_per_share": 5.1,
            "book_valuer_per_share_4q_avg": 6.36,
            "equity": 474414,
            "current_ratio": 29.14,
            "debt_ratio": 81.07,
            "inventory_turnover_ratio": 0.45,
            "account_receivable_turnover_ratio": null,
            "reinvestment_rate": null,
            "research_to_sale_ratio": null,
            "price_fair": 0.12,
            "eps_avg_yearly": 0.04,
            "eps_latest_yearly": 0.04,
            "eps_growth_yearly": -398.17
        },
        "20044": {
            "year_quarter": 20044,
            "year": 2004,
            "quarter": 4,
            "eps": -1.55,
            "eps_growth_year": null,
            "eps_4q": -3.52,
            "eps_4q_growth_year": -326.92,
            "roe": -32.34,
            "roe_4q": -71.10000000000001,
            "gross_profit": 2169,
            "gross_margin": 2.32,
            "gross_margin_4q_avg": 2.88,
            "net_income": -143934,
            "net_income_4q": null,
            "revenue": 93398,
            "revenue_4q": null,
            "common_shares": 930000,
            "book_valuer_per_share": 3.57,
            "book_valuer_per_share_4q_avg": 5.39,
            "equity": 415764,
            "current_ratio": 67.82,
            "debt_ratio": 88.6,
            "inventory_turnover_ratio": 0.5,
            "account_receivable_turnover_ratio": null,
            "reinvestment_rate": null,
            "research_to_sale_ratio": null,
            "price_fair": 0.12,
            "eps_avg_yearly": 0.04,
            "eps_latest_yearly": 0.04,
            "eps_growth_yearly": -398.17
        },
        "20051": {
            "year_quarter": 20051,
            "year": 2005,
            "quarter": 1,
            "eps": -0.85,
            "eps_growth_year": null,
            "eps_4q": -4.2,
            "eps_4q_growth_year": -396.86,
            "roe": -21.74,
            "roe_4q": -84.15,
            "gross_profit": -12411,
            "gross_margin": -26.47,
            "gross_margin_4q_avg": -2.22,
            "net_income": -78698,
            "net_income_4q": null,
            "revenue": 46882,
            "revenue_4q": null,
            "common_shares": 930000,
            "book_valuer_per_share": 3.31,
            "book_valuer_per_share_4q_avg": 4.54,
            "equity": 308281,
            "current_ratio": 26.69,
            "debt_ratio": 86.86,
            "inventory_turnover_ratio": 0.35,
            "account_receivable_turnover_ratio": null,
            "reinvestment_rate": null,
            "research_to_sale_ratio": null,
            "price_fair": 0.12,
            "eps_avg_yearly": 0.04,
            "eps_latest_yearly": 0.04,
            "eps_growth_yearly": -398.17
        },
        "20052": {
            "year_quarter": 20052,
            "year": 2005,
            "quarter": 2,
            "eps": -2.45,
            "eps_growth_year": null,
            "eps_4q": -5.92,
            "eps_4q_growth_year": null,
            "roe": -117.68,
            "roe_4q": -190.82000000000002,
            "gross_profit": 16831,
            "gross_margin": 7.89,
            "gross_margin_4q_avg": 2.65,
            "net_income": -228289,
            "net_income_4q": null,
            "revenue": 213362,
            "revenue_4q": null,
            "common_shares": 930000,
            "book_valuer_per_share": 0.86,
            "book_valuer_per_share_4q_avg": 3.21,
            "equity": 79687,
            "current_ratio": 30.05,
            "debt_ratio": 96.34,
            "inventory_turnover_ratio": 4.64,
            "account_receivable_turnover_ratio": null,
            "reinvestment_rate": null,
            "research_to_sale_ratio": null,
            "price_fair": 0.12,
            "eps_avg_yearly": 0.04,
            "eps_latest_yearly": 0.04,
            "eps_growth_yearly": -398.17
        },
        "20053": {
            "year_quarter": 20053,
            "year": 2005,
            "quarter": 3,
            "eps": 0.16,
            "eps_growth_year": null,
            "eps_4q": -4.67,
            "eps_4q_growth_year": null,
            "roe": 16.24,
            "roe_4q": -155.52,
            "gross_profit": 27688,
            "gross_margin": 10.41,
            "gross_margin_4q_avg": -1.46,
            "net_income": 14930,
            "net_income_4q": null,
            "revenue": 266005,
            "revenue_4q": null,
            "common_shares": 930000,
            "book_valuer_per_share": 1.12,
            "book_valuer_per_share_4q_avg": 2.22,
            "equity": 104194,
            "current_ratio": 31.85,
            "debt_ratio": 95.25,
            "inventory_turnover_ratio": 5.03,
            "account_receivable_turnover_ratio": null,
            "reinvestment_rate": null,
            "research_to_sale_ratio": null,
            "price_fair": 0.12,
            "eps_avg_yearly": 0.04,
            "eps_latest_yearly": 0.04,
            "eps_growth_yearly": -398.17
        },
        "20054": {
            "year_quarter": 20054,
            "year": 2005,
            "quarter": 4,
            "eps": 1.96,
            "eps_growth_year": null,
            "eps_4q": -1.17,
            "eps_4q_growth_year": null,
            "roe": 58.95,
            "roe_4q": -64.23,
            "gross_profit": -811,
            "gross_margin": -0.76,
            "gross_margin_4q_avg": -2.23,
            "net_income": 182625,
            "net_income_4q": null,
            "revenue": 106514,
            "revenue_4q": null,
            "common_shares": 930000,
            "book_valuer_per_share": 3.12,
            "book_valuer_per_share_4q_avg": 2.1,
            "equity": 515373,
            "current_ratio": 64.75,
            "debt_ratio": 83.82,
            "inventory_turnover_ratio": 0.81,
            "account_receivable_turnover_ratio": null,
            "reinvestment_rate": null,
            "research_to_sale_ratio": null,
            "price_fair": 137.9,
            "eps_avg_yearly": 3.94,
            "eps_latest_yearly": 7.84,
            "eps_growth_yearly": 2050.92
        },
        "20061": {
            "year_quarter": 20061,
            "year": 2006,
            "quarter": 1,
            "eps": -0.69,
            "eps_growth_year": null,
            "eps_4q": -1.02,
            "eps_4q_growth_year": null,
            "roe": -17.35,
            "roe_4q": -59.84,
            "gross_profit": -2314,
            "gross_margin": -3.21,
            "gross_margin_4q_avg": 3.58,
            "net_income": -64242,
            "net_income_4q": null,
            "revenue": 72121,
            "revenue_4q": null,
            "common_shares": 930000,
            "book_valuer_per_share": 2.42,
            "book_valuer_per_share_4q_avg": 1.88,
            "equity": 224969,
            "current_ratio": 20.02,
            "debt_ratio": 90.39,
            "inventory_turnover_ratio": 0.59,
            "account_receivable_turnover_ratio": null,
            "reinvestment_rate": null,
            "research_to_sale_ratio": null,
            "price_fair": 137.9,
            "eps_avg_yearly": 3.94,
            "eps_latest_yearly": 7.84,
            "eps_growth_yearly": 2050.92
        },
        "20062": {
            "year_quarter": 20062,
            "year": 2006,
            "quarter": 2,
            "eps": -0.53,
            "eps_growth_year": null,
            "eps_4q": 0.9,
            "eps_4q_growth_year": null,
            "roe": -24.67,
            "roe_4q": 33.17,
            "gross_profit": 8737,
            "gross_margin": 6.79,
            "gross_margin_4q_avg": 3.31,
            "net_income": -49499,
            "net_income_4q": null,
            "revenue": 128581,
            "revenue_4q": null,
            "common_shares": 930000,
            "book_valuer_per_share": 1.9,
            "book_valuer_per_share_4q_avg": 2.14,
            "equity": 176369,
            "current_ratio": 19.72,
            "debt_ratio": 92.38,
            "inventory_turnover_ratio": 4,
            "account_receivable_turnover_ratio": null,
            "reinvestment_rate": null,
            "research_to_sale_ratio": null,
            "price_fair": 137.9,
            "eps_avg_yearly": 3.94,
            "eps_latest_yearly": 7.84,
            "eps_growth_yearly": 2050.92
        },
        "20063": {
            "year_quarter": 20063,
            "year": 2006,
            "quarter": 3,
            "eps": -0.46,
            "eps_growth_year": -387.5,
            "eps_4q": 0.29,
            "eps_4q_growth_year": null,
            "roe": -26.33,
            "roe_4q": -9.399999999999991,
            "gross_profit": -222,
            "gross_margin": -0.15,
            "gross_margin_4q_avg": 0.67,
            "net_income": -42372,
            "net_income_4q": null,
            "revenue": 146394,
            "revenue_4q": null,
            "common_shares": 930000,
            "book_valuer_per_share": 1.56,
            "book_valuer_per_share_4q_avg": 2.25,
            "equity": 145469,
            "current_ratio": 20.71,
            "debt_ratio": 93.71,
            "inventory_turnover_ratio": 5.23,
            "account_receivable_turnover_ratio": null,
            "reinvestment_rate": null,
            "research_to_sale_ratio": null,
            "price_fair": 137.9,
            "eps_avg_yearly": 3.94,
            "eps_latest_yearly": 7.84,
            "eps_growth_yearly": 2050.92
        },
        "20064": {
            "year_quarter": 20064,
            "year": 2006,
            "quarter": 4,
            "eps": -0.84,
            "eps_growth_year": -142.86,
            "eps_4q": -2.51,
            "eps_4q_growth_year": null,
            "roe": -35.29,
            "roe_4q": -103.63999999999999,
            "gross_profit": 10186,
            "gross_margin": 11.15,
            "gross_margin_4q_avg": 3.65,
            "net_income": -77872,
            "net_income_4q": null,
            "revenue": 91319,
            "revenue_4q": null,
            "common_shares": 930000,
            "book_valuer_per_share": 0.71,
            "book_valuer_per_share_4q_avg": 1.65,
            "equity": 295886,
            "current_ratio": 59.1,
            "debt_ratio": 90.34,
            "inventory_turnover_ratio": 0.6,
            "account_receivable_turnover_ratio": null,
            "reinvestment_rate": null,
            "research_to_sale_ratio": null,
            "price_fair": 137.9,
            "eps_avg_yearly": 3.94,
            "eps_latest_yearly": 7.84,
            "eps_growth_yearly": 2050.92
        },
        "20071": {
            "year_quarter": 20071,
            "year": 2007,
            "quarter": 1,
            "eps": -0.35,
            "eps_growth_year": null,
            "eps_4q": -2.19,
            "eps_4q_growth_year": null,
            "roe": -19.33,
            "roe_4q": -105.61999999999999,
            "gross_profit": 13236,
            "gross_margin": 16.31,
            "gross_margin_4q_avg": 8.53,
            "net_income": -32347,
            "net_income_4q": null,
            "revenue": 81149,
            "revenue_4q": null,
            "common_shares": 930000,
            "book_valuer_per_share": 0.42,
            "book_valuer_per_share_4q_avg": 1.15,
            "equity": 38719,
            "current_ratio": 41.33,
            "debt_ratio": 98.23,
            "inventory_turnover_ratio": 0.53,
            "account_receivable_turnover_ratio": null,
            "reinvestment_rate": null,
            "research_to_sale_ratio": null,
            "price_fair": 137.9,
            "eps_avg_yearly": 3.94,
            "eps_latest_yearly": 7.84,
            "eps_growth_yearly": 2050.92
        },
        "20072": {
            "year_quarter": 20072,
            "year": 2007,
            "quarter": 2,
            "eps": 3.41,
            "eps_growth_year": null,
            "eps_4q": 1.77,
            "eps_4q_growth_year": 96.51,
            "roe": 457.72,
            "roe_4q": 376.77000000000004,
            "gross_profit": -1962,
            "gross_margin": -1.48,
            "gross_margin_4q_avg": 6.46,
            "net_income": 317464,
            "net_income_4q": null,
            "revenue": 132487,
            "revenue_4q": null,
            "common_shares": 930000,
            "book_valuer_per_share": 1.08,
            "book_valuer_per_share_4q_avg": 0.94,
            "equity": 99995,
            "current_ratio": 19.27,
            "debt_ratio": 94.6,
            "inventory_turnover_ratio": 8.86,
            "account_receivable_turnover_ratio": null,
            "reinvestment_rate": null,
            "research_to_sale_ratio": null,
            "price_fair": 137.9,
            "eps_avg_yearly": 3.94,
            "eps_latest_yearly": 7.84,
            "eps_growth_yearly": 2050.92
        },
        "20073": {
            "year_quarter": 20073,
            "year": 2007,
            "quarter": 3,
            "eps": -0.17,
            "eps_growth_year": null,
            "eps_4q": 2.05,
            "eps_4q_growth_year": 620.39,
            "roe": -17.34,
            "roe_4q": 385.76000000000005,
            "gross_profit": 5842,
            "gross_margin": 5.33,
            "gross_margin_4q_avg": 7.83,
            "net_income": -16255,
            "net_income_4q": null,
            "revenue": 109511,
            "revenue_4q": null,
            "common_shares": 930000,
            "book_valuer_per_share": 0.94,
            "book_valuer_per_share_4q_avg": 0.79,
            "equity": 87486,
            "current_ratio": 15.06,
            "debt_ratio": 95.11,
            "inventory_turnover_ratio": 3.19,
            "account_receivable_turnover_ratio": null,
            "reinvestment_rate": null,
            "research_to_sale_ratio": null,
            "price_fair": 274.4,
            "eps_avg_yearly": 7.84,
            "eps_latest_yearly": 7.84,
            "eps_growth_yearly": 4500
        },
        "20074": {
            "year_quarter": 20074,
            "year": 2007,
            "quarter": 4,
            "eps": -0.42,
            "eps_growth_year": null,
            "eps_4q": 2.71,
            "eps_4q_growth_year": null,
            "roe": -21.38,
            "roe_4q": 399.67,
            "gross_profit": -10827,
            "gross_margin": -15.41,
            "gross_margin_4q_avg": 1.19,
            "net_income": -39301,
            "net_income_4q": null,
            "revenue": 70272,
            "revenue_4q": null,
            "common_shares": 930000,
            "book_valuer_per_share": 0.61,
            "book_valuer_per_share_4q_avg": 0.76,
            "equity": 280119,
            "current_ratio": 66.51,
            "debt_ratio": 90.33,
            "inventory_turnover_ratio": 0.42,
            "account_receivable_turnover_ratio": null,
            "reinvestment_rate": null,
            "research_to_sale_ratio": null,
            "price_fair": 274.4,
            "eps_avg_yearly": 7.84,
            "eps_latest_yearly": 7.84,
            "eps_growth_yearly": 4500
        },
        "20081": {
            "year_quarter": 20081,
            "year": 2008,
            "quarter": 1,
            "eps": 1.2,
            "eps_growth_year": null,
            "eps_4q": 3.65,
            "eps_4q_growth_year": null,
            "roe": 36.6,
            "roe_4q": 455.6,
            "gross_profit": 54496,
            "gross_margin": 9.12,
            "gross_margin_4q_avg": -0.61,
            "net_income": 122729,
            "net_income_4q": null,
            "revenue": 597267,
            "revenue_4q": null,
            "common_shares": 930000,
            "book_valuer_per_share": 1.74,
            "book_valuer_per_share_4q_avg": 1.09,
            "equity": 390585,
            "current_ratio": 83.95,
            "debt_ratio": 86.4,
            "inventory_turnover_ratio": 1.5,
            "account_receivable_turnover_ratio": null,
            "reinvestment_rate": null,
            "research_to_sale_ratio": null,
            "price_fair": 274.4,
            "eps_avg_yearly": 7.84,
            "eps_latest_yearly": 7.84,
            "eps_growth_yearly": 4500
        },
        "20082": {
            "year_quarter": 20082,
            "year": 2008,
            "quarter": 2,
            "eps": -0.48,
            "eps_growth_year": -114.08,
            "eps_4q": 0.13,
            "eps_4q_growth_year": -92.88,
            "roe": -8.17,
            "roe_4q": -10.29,
            "gross_profit": 66484,
            "gross_margin": 13.22,
            "gross_margin_4q_avg": 3.07,
            "net_income": -31183,
            "net_income_4q": null,
            "revenue": 502734,
            "revenue_4q": null,
            "common_shares": 930000,
            "book_valuer_per_share": 1.36,
            "book_valuer_per_share_4q_avg": 1.16,
            "equity": 373199,
            "current_ratio": 88.67,
            "debt_ratio": 87.3,
            "inventory_turnover_ratio": 1.11,
            "account_receivable_turnover_ratio": null,
            "reinvestment_rate": null,
            "research_to_sale_ratio": null,
            "price_fair": 274.4,
            "eps_avg_yearly": 7.84,
            "eps_latest_yearly": 7.84,
            "eps_growth_yearly": 4500
        },
        "20083": {
            "year_quarter": 20083,
            "year": 2008,
            "quarter": 3,
            "eps": -0.21,
            "eps_growth_year": null,
            "eps_4q": 0.09,
            "eps_4q_growth_year": -95.71,
            "roe": -4.14,
            "roe_4q": 2.9100000000000037,
            "gross_profit": 34254,
            "gross_margin": 6.72,
            "gross_margin_4q_avg": 3.41,
            "net_income": -15973,
            "net_income_4q": null,
            "revenue": 509581,
            "revenue_4q": null,
            "common_shares": 930000,
            "book_valuer_per_share": 1.42,
            "book_valuer_per_share_4q_avg": 1.28,
            "equity": 398950,
            "current_ratio": 85.8,
            "debt_ratio": 86.11,
            "inventory_turnover_ratio": 1.08,
            "account_receivable_turnover_ratio": null,
            "reinvestment_rate": null,
            "research_to_sale_ratio": null,
            "price_fair": 274.4,
            "eps_avg_yearly": 7.84,
            "eps_latest_yearly": 7.84,
            "eps_growth_yearly": 4500
        },
        "20084": {
            "year_quarter": 20084,
            "year": 2008,
            "quarter": 4,
            "eps": 0.43,
            "eps_growth_year": null,
            "eps_4q": 3.17,
            "eps_4q_growth_year": 16.73,
            "roe": 2.92,
            "roe_4q": 27.21,
            "gross_profit": 35724,
            "gross_margin": 7.4,
            "gross_margin_4q_avg": 9.12,
            "net_income": 11948,
            "net_income_4q": null,
            "revenue": 482603,
            "revenue_4q": null,
            "common_shares": 930000,
            "book_valuer_per_share": 1.9,
            "book_valuer_per_share_4q_avg": 1.61,
            "equity": 418163,
            "current_ratio": 80.73,
            "debt_ratio": 85.11,
            "inventory_turnover_ratio": 0.98,
            "account_receivable_turnover_ratio": 3.76,
            "reinvestment_rate": null,
            "research_to_sale_ratio": null,
            "price_fair": 274.4,
            "eps_avg_yearly": 7.84,
            "eps_latest_yearly": 7.84,
            "eps_growth_yearly": 4500
        },
        "20091": {
            "year_quarter": 20091,
            "year": 2009,
            "quarter": 1,
            "eps": -0.13,
            "eps_growth_year": -110.83,
            "eps_4q": -0.38,
            "eps_4q_growth_year": -110.45,
            "roe": -4.15,
            "roe_4q": -13.54,
            "gross_profit": 330,
            "gross_margin": 0.07,
            "gross_margin_4q_avg": 6.85,
            "net_income": -17409,
            "net_income_4q": null,
            "revenue": 465259,
            "revenue_4q": null,
            "common_shares": 930000,
            "book_valuer_per_share": 1.91,
            "book_valuer_per_share_4q_avg": 1.65,
            "equity": 420626,
            "current_ratio": 84.59,
            "debt_ratio": 86.73,
            "inventory_turnover_ratio": 1.06,
            "account_receivable_turnover_ratio": 1.71,
            "reinvestment_rate": -1416.74,
            "research_to_sale_ratio": null,
            "price_fair": 274.4,
            "eps_avg_yearly": 7.84,
            "eps_latest_yearly": 7.84,
            "eps_growth_yearly": 4500
        },
        "20092": {
            "year_quarter": 20092,
            "year": 2009,
            "quarter": 2,
            "eps": -0.03,
            "eps_growth_year": null,
            "eps_4q": 0.06,
            "eps_4q_growth_year": -49.88,
            "roe": -0.32,
            "roe_4q": -5.69,
            "gross_profit": 41137,
            "gross_margin": 8.8,
            "gross_margin_4q_avg": 5.75,
            "net_income": -1300,
            "net_income_4q": null,
            "revenue": 467680,
            "revenue_4q": null,
            "common_shares": 930000,
            "book_valuer_per_share": 1.74,
            "book_valuer_per_share_4q_avg": 1.74,
            "equity": 399051,
            "current_ratio": 76.13,
            "debt_ratio": 84.88,
            "inventory_turnover_ratio": 0.94,
            "account_receivable_turnover_ratio": 1.7,
            "reinvestment_rate": -189.3,
            "research_to_sale_ratio": null,
            "price_fair": 274.4,
            "eps_avg_yearly": 7.84,
            "eps_latest_yearly": 7.84,
            "eps_growth_yearly": 4500
        },
        "20093": {
            "year_quarter": 20093,
            "year": 2009,
            "quarter": 3,
            "eps": -0.36,
            "eps_growth_year": null,
            "eps_4q": -0.09,
            "eps_4q_growth_year": -199.72,
            "roe": -14.42,
            "roe_4q": -15.97,
            "gross_profit": 11750,
            "gross_margin": 2.22,
            "gross_margin_4q_avg": 4.62,
            "net_income": -52963,
            "net_income_4q": null,
            "revenue": 529180,
            "revenue_4q": null,
            "common_shares": 930000,
            "book_valuer_per_share": 1.31,
            "book_valuer_per_share_4q_avg": 1.72,
            "equity": 335576,
            "current_ratio": 74.89,
            "debt_ratio": 87.02,
            "inventory_turnover_ratio": 1.17,
            "account_receivable_turnover_ratio": 2.02,
            "reinvestment_rate": -261.43,
            "research_to_sale_ratio": null,
            "price_fair": 274.4,
            "eps_avg_yearly": 7.84,
            "eps_latest_yearly": 7.84,
            "eps_growth_yearly": 4500
        },
        "20094": {
            "year_quarter": 20094,
            "year": 2009,
            "quarter": 4,
            "eps": -0.31,
            "eps_growth_year": -172.09,
            "eps_4q": -0.83,
            "eps_4q_growth_year": -126.28,
            "roe": -6.97,
            "roe_4q": -25.86,
            "gross_profit": 100135,
            "gross_margin": 10.53,
            "gross_margin_4q_avg": 5.41,
            "net_income": -22462,
            "net_income_4q": null,
            "revenue": 951284,
            "revenue_4q": null,
            "common_shares": 930000,
            "book_valuer_per_share": 0.97,
            "book_valuer_per_share_4q_avg": 1.48,
            "equity": 308879,
            "current_ratio": 78.89,
            "debt_ratio": 88.89,
            "inventory_turnover_ratio": 1.73,
            "account_receivable_turnover_ratio": 5.85,
            "reinvestment_rate": -7106.07,
            "research_to_sale_ratio": null,
            "price_fair": 0,
            "eps_avg_yearly": 0,
            "eps_latest_yearly": 0,
            "eps_growth_yearly": 0
        },
        "20101": {
            "year_quarter": 20101,
            "year": 2010,
            "quarter": 1,
            "eps": -0.17,
            "eps_growth_year": null,
            "eps_4q": -0.87,
            "eps_4q_growth_year": null,
            "roe": -3.11,
            "roe_4q": -24.82,
            "gross_profit": 68271,
            "gross_margin": 11.93,
            "gross_margin_4q_avg": 8.37,
            "net_income": -9414,
            "net_income_4q": null,
            "revenue": 572316,
            "revenue_4q": null,
            "common_shares": 930000,
            "book_valuer_per_share": 0.78,
            "book_valuer_per_share_4q_avg": 1.2,
            "equity": 296019,
            "current_ratio": 79.37,
            "debt_ratio": 89.08,
            "inventory_turnover_ratio": 0.96,
            "account_receivable_turnover_ratio": 1.67,
            "reinvestment_rate": -246.01,
            "research_to_sale_ratio": null,
            "price_fair": 0,
            "eps_avg_yearly": 0,
            "eps_latest_yearly": 0,
            "eps_growth_yearly": 0
        },
        "20102": {
            "year_quarter": 20102,
            "year": 2010,
            "quarter": 2,
            "eps": 0.24,
            "eps_growth_year": null,
            "eps_4q": -0.59,
            "eps_4q_growth_year": -1038.77,
            "roe": 11.92,
            "roe_4q": -12.579999999999998,
            "gross_profit": 74209,
            "gross_margin": 14.22,
            "gross_margin_4q_avg": 9.73,
            "net_income": 38229,
            "net_income_4q": null,
            "revenue": 521838,
            "revenue_4q": null,
            "common_shares": 930000,
            "book_valuer_per_share": 1.1,
            "book_valuer_per_share_4q_avg": 1.04,
            "equity": 345266,
            "current_ratio": 82.1,
            "debt_ratio": 86.83,
            "inventory_turnover_ratio": 0.83,
            "account_receivable_turnover_ratio": 1.53,
            "reinvestment_rate": -122.21,
            "research_to_sale_ratio": null,
            "price_fair": 0,
            "eps_avg_yearly": 0,
            "eps_latest_yearly": 0,
            "eps_growth_yearly": 0
        },
        "20103": {
            "year_quarter": 20103,
            "year": 2010,
            "quarter": 3,
            "eps": -0.15,
            "eps_growth_year": null,
            "eps_4q": -0.38,
            "eps_4q_growth_year": null,
            "roe": -1.3,
            "roe_4q": 0.54,
            "gross_profit": 72462,
            "gross_margin": 12.49,
            "gross_margin_4q_avg": 12.29,
            "net_income": -4399,
            "net_income_4q": null,
            "revenue": 580357,
            "revenue_4q": null,
            "common_shares": 930000,
            "book_valuer_per_share": 0.91,
            "book_valuer_per_share_4q_avg": 0.94,
            "equity": 333014,
            "current_ratio": 82.4,
            "debt_ratio": 86.96,
            "inventory_turnover_ratio": 0.83,
            "account_receivable_turnover_ratio": 1.82,
            "reinvestment_rate": -92.71,
            "research_to_sale_ratio": null,
            "price_fair": 0,
            "eps_avg_yearly": 0,
            "eps_latest_yearly": 0,
            "eps_growth_yearly": 0
        },
        "20104": {
            "year_quarter": 20104,
            "year": 2010,
            "quarter": 4,
            "eps": 6.38,
            "eps_growth_year": null,
            "eps_4q": 6.03,
            "eps_4q_growth_year": null,
            "roe": 34.6,
            "roe_4q": 42.11000000000001,
            "gross_profit": 67157,
            "gross_margin": 9.9,
            "gross_margin_4q_avg": 12.14,
            "net_income": 132659,
            "net_income_4q": null,
            "revenue": 678385,
            "revenue_4q": null,
            "common_shares": 180000,
            "book_valuer_per_share": 10.07,
            "book_valuer_per_share_4q_avg": 3.22,
            "equity": 433894,
            "current_ratio": 89.6,
            "debt_ratio": 82.43,
            "inventory_turnover_ratio": 1.04,
            "account_receivable_turnover_ratio": 1.93,
            "reinvestment_rate": -241.39,
            "research_to_sale_ratio": null,
            "price_fair": 0,
            "eps_avg_yearly": 0,
            "eps_latest_yearly": 0,
            "eps_growth_yearly": 0
        },
        "20111": {
            "year_quarter": 20111,
            "year": 2011,
            "quarter": 1,
            "eps": -0.71,
            "eps_growth_year": null,
            "eps_4q": 6.17,
            "eps_4q_growth_year": null,
            "roe": -2.41,
            "roe_4q": 42.809999999999995,
            "gross_profit": 61454,
            "gross_margin": 10.59,
            "gross_margin_4q_avg": 11.8,
            "net_income": -10453,
            "net_income_4q": null,
            "revenue": 580102,
            "revenue_4q": null,
            "common_shares": 180000,
            "book_valuer_per_share": 9.67,
            "book_valuer_per_share_4q_avg": 5.44,
            "equity": 432819,
            "current_ratio": 95.88,
            "debt_ratio": 82.99,
            "inventory_turnover_ratio": 0.96,
            "account_receivable_turnover_ratio": 1.35,
            "reinvestment_rate": -68.61,
            "research_to_sale_ratio": null,
            "price_fair": 0,
            "eps_avg_yearly": 0,
            "eps_latest_yearly": 0,
            "eps_growth_yearly": 0
        },
        "20112": {
            "year_quarter": 20112,
            "year": 2011,
            "quarter": 2,
            "eps": 0.88,
            "eps_growth_year": 259.28,
            "eps_4q": 3.82,
            "eps_4q_growth_year": null,
            "roe": 12.05,
            "roe_4q": 42.940000000000005,
            "gross_profit": 125688,
            "gross_margin": 22.8,
            "gross_margin_4q_avg": 13.95,
            "net_income": 62884,
            "net_income_4q": null,
            "revenue": 551174,
            "revenue_4q": null,
            "common_shares": 300000,
            "book_valuer_per_share": 10.6,
            "book_valuer_per_share_4q_avg": 7.81,
            "equity": 610674,
            "current_ratio": 96.42,
            "debt_ratio": 78,
            "inventory_turnover_ratio": 0.68,
            "account_receivable_turnover_ratio": 1.32,
            "reinvestment_rate": -119.2,
            "research_to_sale_ratio": null,
            "price_fair": 0,
            "eps_avg_yearly": 0,
            "eps_latest_yearly": 0,
            "eps_growth_yearly": 0
        },
        "20113": {
            "year_quarter": 20113,
            "year": 2011,
            "quarter": 3,
            "eps": 0.55,
            "eps_growth_year": null,
            "eps_4q": 4.83,
            "eps_4q_growth_year": null,
            "roe": 6.08,
            "roe_4q": 50.32000000000001,
            "gross_profit": 118605,
            "gross_margin": 16.72,
            "gross_margin_4q_avg": 15,
            "net_income": 40045,
            "net_income_4q": null,
            "revenue": 709543,
            "revenue_4q": null,
            "common_shares": 300000,
            "book_valuer_per_share": 12.35,
            "book_valuer_per_share_4q_avg": 10.67,
            "equity": 707588,
            "current_ratio": 103.72,
            "debt_ratio": 76.78,
            "inventory_turnover_ratio": 0.79,
            "account_receivable_turnover_ratio": 1.6,
            "reinvestment_rate": -5.23,
            "research_to_sale_ratio": null,
            "price_fair": 6.6,
            "eps_avg_yearly": 2.2,
            "eps_latest_yearly": 2.2,
            "eps_growth_yearly": -150
        },
        "20114": {
            "year_quarter": 20114,
            "year": 2011,
            "quarter": 4,
            "eps": 3.72,
            "eps_growth_year": -41.67,
            "eps_4q": 4.72,
            "eps_4q_growth_year": -21.67,
            "roe": 14.46,
            "roe_4q": 30.180000000000003,
            "gross_profit": 76727,
            "gross_margin": 8.38,
            "gross_margin_4q_avg": 14.62,
            "net_income": 108795,
            "net_income_4q": null,
            "revenue": 915450,
            "revenue_4q": null,
            "common_shares": 300000,
            "book_valuer_per_share": 15.33,
            "book_valuer_per_share_4q_avg": 11.99,
            "equity": 797135,
            "current_ratio": 108.55,
            "debt_ratio": 68.76,
            "inventory_turnover_ratio": 1.09,
            "account_receivable_turnover_ratio": 1.41,
            "reinvestment_rate": -237.19,
            "research_to_sale_ratio": null,
            "price_fair": 298.9,
            "eps_avg_yearly": 8.54,
            "eps_latest_yearly": 14.88,
            "eps_growth_yearly": 1077.73
        },
        "20121": {
            "year_quarter": 20121,
            "year": 2012,
            "quarter": 1,
            "eps": 0.13,
            "eps_growth_year": null,
            "eps_4q": 5.28,
            "eps_4q_growth_year": -14.41,
            "roe": 0.88,
            "roe_4q": 33.47,
            "gross_profit": 4455,
            "gross_margin": 16.1,
            "gross_margin_4q_avg": 16,
            "net_income": 6959,
            "net_income_4q": null,
            "revenue": 27663,
            "revenue_4q": null,
            "common_shares": 300000,
            "book_valuer_per_share": 15.12,
            "book_valuer_per_share_4q_avg": 13.35,
            "equity": 788008,
            "current_ratio": 131.53,
            "debt_ratio": 73.66,
            "inventory_turnover_ratio": 0.06,
            "account_receivable_turnover_ratio": 0.07,
            "reinvestment_rate": -853.1,
            "research_to_sale_ratio": null,
            "price_fair": 205.33,
            "eps_avg_yearly": 5.87,
            "eps_latest_yearly": 0.52,
            "eps_growth_yearly": 589.81
        },
        "20122": {
            "year_quarter": 20122,
            "year": 2012,
            "quarter": 2,
            "eps": 13.88,
            "eps_growth_year": 1480.82,
            "eps_4q": 18.14,
            "eps_4q_growth_year": 374.58,
            "roe": 47.22,
            "roe_4q": 68.64,
            "gross_profit": 2494,
            "gross_margin": 11.39,
            "gross_margin_4q_avg": 13.15,
            "net_income": 430659,
            "net_income_4q": null,
            "revenue": 21893,
            "revenue_4q": null,
            "common_shares": 300000,
            "book_valuer_per_share": 25.36,
            "book_valuer_per_share_4q_avg": 17.04,
            "equity": 1036195,
            "current_ratio": 217.34,
            "debt_ratio": 20.19,
            "inventory_turnover_ratio": 1.13,
            "account_receivable_turnover_ratio": 0.19,
            "reinvestment_rate": 61.52,
            "research_to_sale_ratio": null,
            "price_fair": 639.8,
            "eps_avg_yearly": 18.28,
            "eps_latest_yearly": 55.52,
            "eps_growth_yearly": 11019.28
        },
        "20123": {
            "year_quarter": 20123,
            "year": 2012,
            "quarter": 3,
            "eps": 0.44,
            "eps_growth_year": -19.33,
            "eps_4q": 18.05,
            "eps_4q_growth_year": 273.86,
            "roe": 3.43,
            "roe_4q": 65.99000000000001,
            "gross_profit": 108305,
            "gross_margin": 27.56,
            "gross_margin_4q_avg": 15.86,
            "net_income": 36051,
            "net_income_4q": null,
            "revenue": 393025,
            "revenue_4q": null,
            "common_shares": 300000,
            "book_valuer_per_share": 25.7,
            "book_valuer_per_share_4q_avg": 20.38,
            "equity": 1066089,
            "current_ratio": 220.47,
            "debt_ratio": 21.6,
            "inventory_turnover_ratio": 8.58,
            "account_receivable_turnover_ratio": 2.08,
            "reinvestment_rate": 54.44,
            "research_to_sale_ratio": null,
            "price_fair": 524.16,
            "eps_avg_yearly": 14.98,
            "eps_latest_yearly": 1.76,
            "eps_growth_yearly": 8737.96
        },
        "20124": {
            "year_quarter": 20124,
            "year": 2012,
            "quarter": 4,
            "eps": -0.17,
            "eps_growth_year": -104.69,
            "eps_4q": 14.28,
            "eps_4q_growth_year": 202.39,
            "roe": 2.07,
            "roe_4q": 53.6,
            "gross_profit": -105980,
            "gross_margin": 28.42,
            "gross_margin_4q_avg": 20.87,
            "net_income": 18980,
            "net_income_4q": null,
            "revenue": -372967,
            "revenue_4q": null,
            "common_shares": 310200,
            "book_valuer_per_share": 24.68,
            "book_valuer_per_share_4q_avg": 22.72,
            "equity": 765592,
            "current_ratio": 275.12,
            "debt_ratio": 60.91,
            "inventory_turnover_ratio": -13.81,
            "account_receivable_turnover_ratio": -3.53,
            "reinvestment_rate": 21.24,
            "research_to_sale_ratio": null,
            "price_fair": 524.16,
            "eps_avg_yearly": 14.98,
            "eps_latest_yearly": 1.76,
            "eps_growth_yearly": 8737.96
        },
        "20131": {
            "year_quarter": 20131,
            "year": 2013,
            "quarter": 1,
            "eps": 0.06,
            "eps_growth_year": -53.85,
            "eps_4q": 14.21,
            "eps_4q_growth_year": 169.15,
            "roe": 0.25,
            "roe_4q": 52.97,
            "gross_profit": 201,
            "gross_margin": 13.8,
            "gross_margin_4q_avg": 20.29,
            "net_income": 1899,
            "net_income_4q": null,
            "revenue": 1457,
            "revenue_4q": null,
            "common_shares": 310200,
            "book_valuer_per_share": 24.66,
            "book_valuer_per_share_4q_avg": 25.1,
            "equity": 764818,
            "current_ratio": 374.91,
            "debt_ratio": 56.21,
            "inventory_turnover_ratio": 0,
            "account_receivable_turnover_ratio": 0.16,
            "reinvestment_rate": -88.53,
            "research_to_sale_ratio": null,
            "price_fair": 524.16,
            "eps_avg_yearly": 14.98,
            "eps_latest_yearly": 1.76,
            "eps_growth_yearly": 8737.96
        },
        "20132": {
            "year_quarter": 20132,
            "year": 2013,
            "quarter": 2,
            "eps": -0.37,
            "eps_growth_year": -102.67,
            "eps_4q": -0.02,
            "eps_4q_growth_year": -100.11,
            "roe": -1.53,
            "roe_4q": 4.22,
            "gross_profit": 169,
            "gross_margin": 14.06,
            "gross_margin_4q_avg": 20.96,
            "net_income": -11625,
            "net_income_4q": null,
            "revenue": 1202,
            "revenue_4q": null,
            "common_shares": 310200,
            "book_valuer_per_share": 24.29,
            "book_valuer_per_share_4q_avg": 24.83,
            "equity": 753367,
            "current_ratio": 319.25,
            "debt_ratio": 60.75,
            "inventory_turnover_ratio": 0,
            "account_receivable_turnover_ratio": 0.16,
            "reinvestment_rate": -85.04,
            "research_to_sale_ratio": null,
            "price_fair": 524.16,
            "eps_avg_yearly": 14.98,
            "eps_latest_yearly": 1.76,
            "eps_growth_yearly": 8737.96
        },
        "20133": {
            "year_quarter": 20133,
            "year": 2013,
            "quarter": 3,
            "eps": -0.04,
            "eps_growth_year": -109.02,
            "eps_4q": -0.26,
            "eps_4q_growth_year": -101.45,
            "roe": -0.42,
            "roe_4q": 0.3699999999999999,
            "gross_profit": 43387,
            "gross_margin": 12.4,
            "gross_margin_4q_avg": 17.17,
            "net_income": -3147,
            "net_income_4q": null,
            "revenue": 349769,
            "revenue_4q": null,
            "common_shares": 700000,
            "book_valuer_per_share": 10.85,
            "book_valuer_per_share_4q_avg": 21.12,
            "equity": 759588,
            "current_ratio": 233.68,
            "debt_ratio": 78.31,
            "inventory_turnover_ratio": 0.19,
            "account_receivable_turnover_ratio": 10.4,
            "reinvestment_rate": -76.7,
            "research_to_sale_ratio": null,
            "price_fair": 524.16,
            "eps_avg_yearly": 14.98,
            "eps_latest_yearly": 1.76,
            "eps_growth_yearly": 8737.96
        },
        "20134": {
            "year_quarter": 20134,
            "year": 2013,
            "quarter": 4,
            "eps": 0.29,
            "eps_growth_year": null,
            "eps_4q": 0.11,
            "eps_4q_growth_year": -99.23,
            "roe": 2.67,
            "roe_4q": 0.97,
            "gross_profit": 87967,
            "gross_margin": 13.6,
            "gross_margin_4q_avg": 13.47,
            "net_income": 20582,
            "net_income_4q": null,
            "revenue": 647038,
            "revenue_4q": null,
            "common_shares": 700000,
            "book_valuer_per_share": 11.15,
            "book_valuer_per_share_4q_avg": 17.74,
            "equity": 780170,
            "current_ratio": 265.76,
            "debt_ratio": 73.91,
            "inventory_turnover_ratio": 0.27,
            "account_receivable_turnover_ratio": 21.41,
            "reinvestment_rate": -123.1,
            "research_to_sale_ratio": null,
            "price_fair": 524.16,
            "eps_avg_yearly": 14.98,
            "eps_latest_yearly": 1.76,
            "eps_growth_yearly": 8737.96
        },
        "20141": {
            "year_quarter": 20141,
            "year": 2014,
            "quarter": 1,
            "eps": -0.17,
            "eps_growth_year": -383.33,
            "eps_4q": -0.08,
            "eps_4q_growth_year": -100.59,
            "roe": -1.51,
            "roe_4q": -0.79,
            "gross_profit": 3341,
            "gross_margin": 27.8,
            "gross_margin_4q_avg": 16.97,
            "net_income": -11673,
            "net_income_4q": null,
            "revenue": 12019,
            "revenue_4q": null,
            "common_shares": 700000,
            "book_valuer_per_share": 10.98,
            "book_valuer_per_share_4q_avg": 14.32,
            "equity": 768497,
            "current_ratio": 264.03,
            "debt_ratio": 75.07,
            "inventory_turnover_ratio": 0,
            "account_receivable_turnover_ratio": 14.58,
            "reinvestment_rate": -120.37,
            "research_to_sale_ratio": null,
            "price_fair": 524.16,
            "eps_avg_yearly": 14.98,
            "eps_latest_yearly": 1.76,
            "eps_growth_yearly": 8737.96
        },
        "20142": {
            "year_quarter": 20142,
            "year": 2014,
            "quarter": 2,
            "eps": -0.24,
            "eps_growth_year": null,
            "eps_4q": -0.16,
            "eps_4q_growth_year": null,
            "roe": -2.22,
            "roe_4q": -1.4800000000000004,
            "gross_profit": 448,
            "gross_margin": 4.43,
            "gross_margin_4q_avg": 14.56,
            "net_income": -16880,
            "net_income_4q": null,
            "revenue": 10114,
            "revenue_4q": null,
            "common_shares": 700000,
            "book_valuer_per_share": 10.74,
            "book_valuer_per_share_4q_avg": 10.93,
            "equity": 751617,
            "current_ratio": 247,
            "debt_ratio": 76.89,
            "inventory_turnover_ratio": 0,
            "account_receivable_turnover_ratio": 1.84,
            "reinvestment_rate": -121.77,
            "research_to_sale_ratio": null,
            "price_fair": 524.16,
            "eps_avg_yearly": 14.98,
            "eps_latest_yearly": 1.76,
            "eps_growth_yearly": 8737.96
        },
        "20143": {
            "year_quarter": 20143,
            "year": 2014,
            "quarter": 3,
            "eps": -0.21,
            "eps_growth_year": null,
            "eps_4q": -0.33,
            "eps_4q_growth_year": null,
            "roe": -2,
            "roe_4q": -3.0600000000000005,
            "gross_profit": 0,
            "gross_margin": null,
            "gross_margin_4q_avg": 11.46,
            "net_income": -14917,
            "net_income_4q": null,
            "revenue": 0,
            "revenue_4q": null,
            "common_shares": 700000,
            "book_valuer_per_share": 10.52,
            "book_valuer_per_share_4q_avg": 10.85,
            "equity": 736700,
            "current_ratio": 243.84,
            "debt_ratio": 78.21,
            "inventory_turnover_ratio": 0,
            "account_receivable_turnover_ratio": 0,
            "reinvestment_rate": -131.97,
            "research_to_sale_ratio": null,
            "price_fair": 524.16,
            "eps_avg_yearly": 14.98,
            "eps_latest_yearly": 1.76,
            "eps_growth_yearly": 8737.96
        },
        "20144": {
            "year_quarter": 20144,
            "year": 2014,
            "quarter": 4,
            "eps": -0.2,
            "eps_growth_year": -169.46,
            "eps_4q": -0.83,
            "eps_4q_growth_year": -849.33,
            "roe": -1.96,
            "roe_4q": -7.6899999999999995,
            "gross_profit": 5258,
            "gross_margin": 52580,
            "gross_margin_4q_avg": 13153.06,
            "net_income": -14296,
            "net_income_4q": null,
            "revenue": 10,
            "revenue_4q": null,
            "common_shares": 700000,
            "book_valuer_per_share": 10.32,
            "book_valuer_per_share_4q_avg": 10.64,
            "equity": 722404,
            "current_ratio": 257,
            "debt_ratio": 79.27,
            "inventory_turnover_ratio": -0,
            "account_receivable_turnover_ratio": 0.33,
            "reinvestment_rate": -152.48,
            "research_to_sale_ratio": null,
            "price_fair": 524.16,
            "eps_avg_yearly": 14.98,
            "eps_latest_yearly": 1.76,
            "eps_growth_yearly": 8737.96
        },
        "20151": {
            "year_quarter": 20151,
            "year": 2015,
            "quarter": 1,
            "eps": 0.22,
            "eps_growth_year": null,
            "eps_4q": -0.44,
            "eps_4q_growth_year": null,
            "roe": 2.1,
            "roe_4q": -4.08,
            "gross_profit": 50910,
            "gross_margin": 15.88,
            "gross_margin_4q_avg": 13150.08,
            "net_income": 15309,
            "net_income_4q": null,
            "revenue": 320509,
            "revenue_4q": null,
            "common_shares": 700000,
            "book_valuer_per_share": 10.54,
            "book_valuer_per_share_4q_avg": 10.53,
            "equity": 737713,
            "current_ratio": 274.95,
            "debt_ratio": 78.79,
            "inventory_turnover_ratio": 0.1,
            "account_receivable_turnover_ratio": 208.8,
            "reinvestment_rate": -129.91,
            "research_to_sale_ratio": 0,
            "price_fair": 524.16,
            "eps_avg_yearly": 14.98,
            "eps_latest_yearly": 1.76,
            "eps_growth_yearly": 8737.96
        },
        "20152": {
            "year_quarter": 20152,
            "year": 2015,
            "quarter": 2,
            "eps": 0.42,
            "eps_growth_year": null,
            "eps_4q": 0.22,
            "eps_4q_growth_year": null,
            "roe": 3.91,
            "roe_4q": 2.05,
            "gross_profit": 60138,
            "gross_margin": 26.49,
            "gross_margin_4q_avg": 13155.59,
            "net_income": 29395,
            "net_income_4q": null,
            "revenue": 227010,
            "revenue_4q": null,
            "common_shares": 700000,
            "book_valuer_per_share": 10.96,
            "book_valuer_per_share_4q_avg": 10.59,
            "equity": 767108,
            "current_ratio": 323.89,
            "debt_ratio": 77.39,
            "inventory_turnover_ratio": 0.06,
            "account_receivable_turnover_ratio": 144.22,
            "reinvestment_rate": -150.09,
            "research_to_sale_ratio": null,
            "price_fair": 446.6,
            "eps_avg_yearly": 12.76,
            "eps_latest_yearly": 1.68,
            "eps_growth_yearly": 7342.24
        },
        "20153": {
            "year_quarter": 20153,
            "year": 2015,
            "quarter": 3,
            "eps": -0.16,
            "eps_growth_year": null,
            "eps_4q": 0.28,
            "eps_4q_growth_year": null,
            "roe": -1.44,
            "roe_4q": 2.6100000000000003,
            "gross_profit": 10773,
            "gross_margin": 18.9,
            "gross_margin_4q_avg": 13160.32,
            "net_income": -10992,
            "net_income_4q": null,
            "revenue": 56993,
            "revenue_4q": null,
            "common_shares": 700000,
            "book_valuer_per_share": 10.8,
            "book_valuer_per_share_4q_avg": 10.66,
            "equity": 756116,
            "current_ratio": 418.37,
            "debt_ratio": 76.38,
            "inventory_turnover_ratio": 0.02,
            "account_receivable_turnover_ratio": 10.08,
            "reinvestment_rate": -170.84,
            "research_to_sale_ratio": null,
            "price_fair": 520.52,
            "eps_avg_yearly": 14.87,
            "eps_latest_yearly": 1.68,
            "eps_growth_yearly": 8840.69
        },
        "20154": {
            "year_quarter": 20154,
            "year": 2015,
            "quarter": 4,
            "eps": 0.15,
            "eps_growth_year": null,
            "eps_4q": 0.63,
            "eps_4q_growth_year": null,
            "roe": 1.38,
            "roe_4q": 5.95,
            "gross_profit": 35345,
            "gross_margin": 21.42,
            "gross_margin_4q_avg": 20.67,
            "net_income": 10484,
            "net_income_4q": null,
            "revenue": 165042,
            "revenue_4q": null,
            "common_shares": 700000,
            "book_valuer_per_share": 10.95,
            "book_valuer_per_share_4q_avg": 10.81,
            "equity": 766600,
            "current_ratio": 340.99,
            "debt_ratio": 76.5,
            "inventory_turnover_ratio": 0.05,
            "account_receivable_turnover_ratio": 7.93,
            "reinvestment_rate": -211.11,
            "research_to_sale_ratio": null,
            "price_fair": 520.45,
            "eps_avg_yearly": 14.87,
            "eps_latest_yearly": 1.68,
            "eps_growth_yearly": 10474.5
        },
        "20161": {
            "year_quarter": 20161,
            "year": 2016,
            "quarter": 1,
            "eps": -0.17,
            "eps_growth_year": -177.27,
            "eps_4q": 0.24,
            "eps_4q_growth_year": null,
            "roe": -1.59,
            "roe_4q": 2.26,
            "gross_profit": 15049,
            "gross_margin": 21.3,
            "gross_margin_4q_avg": 22.03,
            "net_income": -12056,
            "net_income_4q": null,
            "revenue": 70650,
            "revenue_4q": null,
            "common_shares": 700000,
            "book_valuer_per_share": 10.78,
            "book_valuer_per_share_4q_avg": 10.87,
            "equity": 754544,
            "current_ratio": 133.48,
            "debt_ratio": 78.81,
            "inventory_turnover_ratio": 0.02,
            "account_receivable_turnover_ratio": 4.61,
            "reinvestment_rate": -20.76,
            "research_to_sale_ratio": null,
            "price_fair": 687.87,
            "eps_avg_yearly": 19.65,
            "eps_latest_yearly": 1.68,
            "eps_growth_yearly": 14094.67
        },
        "20162": {
            "year_quarter": 20162,
            "year": 2016,
            "quarter": 2,
            "eps": 0.41,
            "eps_growth_year": -2.38,
            "eps_4q": 0.24,
            "eps_4q_growth_year": 6.42,
            "roe": 3.78,
            "roe_4q": 2.1299999999999994,
            "gross_profit": 72500,
            "gross_margin": 22.52,
            "gross_margin_4q_avg": 21.04,
            "net_income": 29049,
            "net_income_4q": null,
            "revenue": 321908,
            "revenue_4q": null,
            "common_shares": 700000,
            "book_valuer_per_share": 11.19,
            "book_valuer_per_share_4q_avg": 10.93,
            "equity": 783593,
            "current_ratio": 141.46,
            "debt_ratio": 75.15,
            "inventory_turnover_ratio": 0.09,
            "account_receivable_turnover_ratio": 1168.45,
            "reinvestment_rate": -5102.89,
            "research_to_sale_ratio": null,
            "price_fair": 5.16,
            "eps_avg_yearly": 1.72,
            "eps_latest_yearly": 1.68,
            "eps_growth_yearly": -11.84
        },
        "20163": {
            "year_quarter": 20163,
            "year": 2016,
            "quarter": 3,
            "eps": 0.42,
            "eps_growth_year": null,
            "eps_4q": 0.81,
            "eps_4q_growth_year": 191.85,
            "roe": 3.66,
            "roe_4q": 7.2299999999999995,
            "gross_profit": 66263,
            "gross_margin": 25.46,
            "gross_margin_4q_avg": 22.68,
            "net_income": 29188,
            "net_income_4q": null,
            "revenue": 260259,
            "revenue_4q": null,
            "common_shares": 700000,
            "book_valuer_per_share": 11.61,
            "book_valuer_per_share_4q_avg": 11.13,
            "equity": 812781,
            "current_ratio": 149.29,
            "debt_ratio": 71.94,
            "inventory_turnover_ratio": 0.07,
            "account_receivable_turnover_ratio": 1251.25,
            "reinvestment_rate": -2839.12,
            "research_to_sale_ratio": null,
            "price_fair": 58.8,
            "eps_avg_yearly": 1.68,
            "eps_latest_yearly": 1.68,
            "eps_growth_yearly": 186.7
        },
        "20164": {
            "year_quarter": 20164,
            "year": 2016,
            "quarter": 4,
            "eps": 0.03,
            "eps_growth_year": -77.8,
            "eps_4q": 0.69,
            "eps_4q_growth_year": 9.76,
            "roe": 0.29,
            "roe_4q": 6.140000000000001,
            "gross_profit": 51514,
            "gross_margin": 24.55,
            "gross_margin_4q_avg": 23.46,
            "net_income": 2327,
            "net_income_4q": null,
            "revenue": 209813,
            "revenue_4q": null,
            "common_shares": 700000,
            "book_valuer_per_share": 11.64,
            "book_valuer_per_share_4q_avg": 11.31,
            "equity": 815110,
            "current_ratio": 154.05,
            "debt_ratio": 71.08,
            "inventory_turnover_ratio": 0.06,
            "account_receivable_turnover_ratio": 922.25,
            "reinvestment_rate": -1811.98,
            "research_to_sale_ratio": null,
            "price_fair": 11.6,
            "eps_avg_yearly": 1.16,
            "eps_latest_yearly": 0.12,
            "eps_growth_yearly": 0.65
        },
        "20171": {
            "year_quarter": 20171,
            "year": 2017,
            "quarter": 1,
            "eps": 0.06,
            "eps_growth_year": null,
            "eps_4q": 0.93,
            "eps_4q_growth_year": 286.22,
            "roe": 0.54,
            "roe_4q": 8.27,
            "gross_profit": 29166,
            "gross_margin": 20.36,
            "gross_margin_4q_avg": 23.22,
            "net_income": 4441,
            "net_income_4q": null,
            "revenue": 143282,
            "revenue_4q": null,
            "common_shares": 700000,
            "book_valuer_per_share": 11.71,
            "book_valuer_per_share_4q_avg": 11.54,
            "equity": 819549,
            "current_ratio": 152.81,
            "debt_ratio": 70.43,
            "inventory_turnover_ratio": 0.04,
            "account_receivable_turnover_ratio": 102.09,
            "reinvestment_rate": -200.31,
            "research_to_sale_ratio": null,
            "price_fair": 32.55,
            "eps_avg_yearly": 0.93,
            "eps_latest_yearly": 0.24,
            "eps_growth_yearly": 100.49
        },
        "20172": {
            "year_quarter": 20172,
            "year": 2017,
            "quarter": 2,
            "eps": 0.28,
            "eps_growth_year": -31.71,
            "eps_4q": 0.74,
            "eps_4q_growth_year": 215.15,
            "roe": 2.34,
            "roe_4q": 6.83,
            "gross_profit": 52723,
            "gross_margin": 24.42,
            "gross_margin_4q_avg": 23.7,
            "net_income": 19385,
            "net_income_4q": null,
            "revenue": 215880,
            "revenue_4q": null,
            "common_shares": 700000,
            "book_valuer_per_share": 11.98,
            "book_valuer_per_share_4q_avg": 11.74,
            "equity": 838934,
            "current_ratio": 146.23,
            "debt_ratio": 67.62,
            "inventory_turnover_ratio": 0.07,
            "account_receivable_turnover_ratio": 172.43,
            "reinvestment_rate": -117.91,
            "research_to_sale_ratio": null,
            "price_fair": 33.88,
            "eps_avg_yearly": 0.97,
            "eps_latest_yearly": 1.12,
            "eps_growth_yearly": 373.73
        },
        "20173": {
            "year_quarter": 20173,
            "year": 2017,
            "quarter": 3,
            "eps": 0.25,
            "eps_growth_year": -40.48,
            "eps_4q": 0.58,
            "eps_4q_growth_year": -28.12,
            "roe": 2.03,
            "roe_4q": 5.199999999999999,
            "gross_profit": 55712,
            "gross_margin": 22.68,
            "gross_margin_4q_avg": 23,
            "net_income": 17236,
            "net_income_4q": null,
            "revenue": 245596,
            "revenue_4q": null,
            "common_shares": 700000,
            "book_valuer_per_share": 12.23,
            "book_valuer_per_share_4q_avg": 11.89,
            "equity": 856170,
            "current_ratio": 151.53,
            "debt_ratio": 65.24,
            "inventory_turnover_ratio": 0.08,
            "account_receivable_turnover_ratio": 3961.23,
            "reinvestment_rate": -93.06,
            "research_to_sale_ratio": null,
            "price_fair": 34.07,
            "eps_avg_yearly": 0.97,
            "eps_latest_yearly": 1,
            "eps_growth_yearly": 304.3
        },
        "20174": {
            "year_quarter": 20174,
            "year": 2017,
            "quarter": 4,
            "eps": 0.76,
            "eps_growth_year": 2177.95,
            "eps_4q": 1.31,
            "eps_4q_growth_year": 88.74,
            "roe": 6.38,
            "roe_4q": 11.29,
            "gross_profit": 96778,
            "gross_margin": 25.15,
            "gross_margin_4q_avg": 23.15,
            "net_income": 56466,
            "net_income_4q": null,
            "revenue": 384746,
            "revenue_4q": null,
            "common_shares": 745664,
            "book_valuer_per_share": 12.24,
            "book_valuer_per_share_4q_avg": 12.04,
            "equity": 912636,
            "current_ratio": 150.95,
            "debt_ratio": 65.58,
            "inventory_turnover_ratio": 0.13,
            "account_receivable_turnover_ratio": 7694.92,
            "reinvestment_rate": -68.34,
            "research_to_sale_ratio": null,
            "price_fair": 44.4,
            "eps_avg_yearly": 1.27,
            "eps_latest_yearly": 3.04,
            "eps_growth_yearly": 377.4
        },
        "20181": {
            "year_quarter": 20181,
            "year": 2018,
            "quarter": 1,
            "eps": 0.04,
            "eps_growth_year": -33.33,
            "eps_4q": 1.29,
            "eps_4q_growth_year": 38.78,
            "roe": 0.33,
            "roe_4q": 11.08,
            "gross_profit": 32066,
            "gross_margin": 23.81,
            "gross_margin_4q_avg": 24.02,
            "net_income": 3009,
            "net_income_4q": null,
            "revenue": 134671,
            "revenue_4q": null,
            "common_shares": 745664,
            "book_valuer_per_share": 12.28,
            "book_valuer_per_share_4q_avg": 12.18,
            "equity": 915645,
            "current_ratio": 202.54,
            "debt_ratio": 75.39,
            "inventory_turnover_ratio": 0.04,
            "account_receivable_turnover_ratio": 2693.42,
            "reinvestment_rate": -61.33,
            "research_to_sale_ratio": null,
            "price_fair": 39.55,
            "eps_avg_yearly": 1.13,
            "eps_latest_yearly": 0.16,
            "eps_growth_yearly": 282.85
        },
        "20182": {
            "year_quarter": 20182,
            "year": 2018,
            "quarter": 2,
            "eps": -0.14,
            "eps_growth_year": -150,
            "eps_4q": 0.8,
            "eps_4q_growth_year": 7.55,
            "roe": -1.12,
            "roe_4q": 7.619999999999999,
            "gross_profit": 17446,
            "gross_margin": 19.82,
            "gross_margin_4q_avg": 22.87,
            "net_income": -10183,
            "net_income_4q": null,
            "revenue": 88025,
            "revenue_4q": null,
            "common_shares": 745664,
            "book_valuer_per_share": 12.14,
            "book_valuer_per_share_4q_avg": 12.22,
            "equity": 905462,
            "current_ratio": 296,
            "debt_ratio": 82.56,
            "inventory_turnover_ratio": 0.02,
            "account_receivable_turnover_ratio": null,
            "reinvestment_rate": -58.51,
            "research_to_sale_ratio": null,
            "price_fair": 39.55,
            "eps_avg_yearly": 1.13,
            "eps_latest_yearly": 0.16,
            "eps_growth_yearly": 282.85
        },
        "20183": {
            "year_quarter": 20183,
            "year": 2018,
            "quarter": 3,
            "eps": -0.09,
            "eps_growth_year": -136,
            "eps_4q": 0.5,
            "eps_4q_growth_year": -14.32,
            "roe": -0.86,
            "roe_4q": 4.73,
            "gross_profit": 17638,
            "gross_margin": 35.34,
            "gross_margin_4q_avg": 26.03,
            "net_income": -7742,
            "net_income_4q": null,
            "revenue": 49911,
            "revenue_4q": null,
            "common_shares": 833439,
            "book_valuer_per_share": 10.77,
            "book_valuer_per_share_4q_avg": 11.86,
            "equity": 897720,
            "current_ratio": 297.24,
            "debt_ratio": 84.18,
            "inventory_turnover_ratio": 0.01,
            "account_receivable_turnover_ratio": null,
            "reinvestment_rate": -4.92,
            "research_to_sale_ratio": null,
            "price_fair": 39.55,
            "eps_avg_yearly": 1.13,
            "eps_latest_yearly": 0.16,
            "eps_growth_yearly": 282.85
        },
        "20184": {
            "year_quarter": 20184,
            "year": 2018,
            "quarter": 4,
            "eps": -0.18,
            "eps_growth_year": -124.27,
            "eps_4q": -0.36,
            "eps_4q_growth_year": -127.73,
            "roe": -1.72,
            "roe_4q": -3.37,
            "gross_profit": 5543,
            "gross_margin": 21.5,
            "gross_margin_4q_avg": 25.12,
            "net_income": -15317,
            "net_income_4q": null,
            "revenue": 25777,
            "revenue_4q": null,
            "common_shares": 833439,
            "book_valuer_per_share": 10.59,
            "book_valuer_per_share_4q_avg": 11.45,
            "equity": 882403,
            "current_ratio": 271.59,
            "debt_ratio": 84.74,
            "inventory_turnover_ratio": 0,
            "account_receivable_turnover_ratio": 16.37,
            "reinvestment_rate": -4.79,
            "research_to_sale_ratio": null,
            "price_fair": 39.55,
            "eps_avg_yearly": 1.13,
            "eps_latest_yearly": 0.16,
            "eps_growth_yearly": 282.85
        },
        "20191": {
            "year_quarter": 20191,
            "year": 2019,
            "quarter": 1,
            "eps": -0.25,
            "eps_growth_year": -725,
            "eps_4q": -0.65,
            "eps_4q_growth_year": -150.47,
            "roe": -2.41,
            "roe_4q": -6.11,
            "gross_profit": 21,
            "gross_margin": 61.76,
            "gross_margin_4q_avg": 34.61,
            "net_income": -20972,
            "net_income_4q": null,
            "revenue": 34,
            "revenue_4q": null,
            "common_shares": 833439,
            "book_valuer_per_share": 10.34,
            "book_valuer_per_share_4q_avg": 10.96,
            "equity": 861431,
            "current_ratio": 268.53,
            "debt_ratio": 85.81,
            "inventory_turnover_ratio": 0,
            "account_receivable_turnover_ratio": 0.01,
            "reinvestment_rate": -5.89,
            "research_to_sale_ratio": null,
            "price_fair": 39.55,
            "eps_avg_yearly": 1.13,
            "eps_latest_yearly": 0.16,
            "eps_growth_yearly": 282.85
        },
        "20192": {
            "year_quarter": 20192,
            "year": 2019,
            "quarter": 2,
            "eps": -0.32,
            "eps_growth_year": null,
            "eps_4q": -0.85,
            "eps_4q_growth_year": -206.7,
            "roe": -3.18,
            "roe_4q": -8.17,
            "gross_profit": 20,
            "gross_margin": 60.61,
            "gross_margin_4q_avg": 44.8,
            "net_income": -26957,
            "net_income_4q": null,
            "revenue": 33,
            "revenue_4q": null,
            "common_shares": 833439,
            "book_valuer_per_share": 10.01,
            "book_valuer_per_share_4q_avg": 10.43,
            "equity": 834474,
            "current_ratio": 248.57,
            "debt_ratio": 86.61,
            "inventory_turnover_ratio": 0,
            "account_receivable_turnover_ratio": 0.02,
            "reinvestment_rate": -9.69,
            "research_to_sale_ratio": null,
            "price_fair": 36.8,
            "eps_avg_yearly": 1.05,
            "eps_latest_yearly": 0.16,
            "eps_growth_yearly": 271.31
        },
        "20193": {
            "year_quarter": 20193,
            "year": 2019,
            "quarter": 3,
            "eps": -0.19,
            "eps_growth_year": null,
            "eps_4q": -0.95,
            "eps_4q_growth_year": -290.85,
            "roe": -1.94,
            "roe_4q": -9.25,
            "gross_profit": 3399,
            "gross_margin": 20.26,
            "gross_margin_4q_avg": 41.03,
            "net_income": -16051,
            "net_income_4q": null,
            "revenue": 16776,
            "revenue_4q": null,
            "common_shares": 833439,
            "book_valuer_per_share": 9.82,
            "book_valuer_per_share_4q_avg": 10.19,
            "equity": 818423,
            "current_ratio": 236.99,
            "debt_ratio": 87.24,
            "inventory_turnover_ratio": 0,
            "account_receivable_turnover_ratio": 7.99,
            "reinvestment_rate": -9.4,
            "research_to_sale_ratio": null,
            "price_fair": 36.8,
            "eps_avg_yearly": 1.05,
            "eps_latest_yearly": 0.16,
            "eps_growth_yearly": 271.31
        },
        "20194": {
            "year_quarter": 20194,
            "year": 2019,
            "quarter": 4,
            "eps": -0.21,
            "eps_growth_year": null,
            "eps_4q": -0.98,
            "eps_4q_growth_year": null,
            "roe": -2.17,
            "roe_4q": -9.7,
            "gross_profit": 18,
            "gross_margin": 56.25,
            "gross_margin_4q_avg": 49.72,
            "net_income": -17600,
            "net_income_4q": null,
            "revenue": 32,
            "revenue_4q": null,
            "common_shares": 833439,
            "book_valuer_per_share": 9.61,
            "book_valuer_per_share_4q_avg": 9.95,
            "equity": 800823,
            "current_ratio": 222.35,
            "debt_ratio": 88.01,
            "inventory_turnover_ratio": 0,
            "account_receivable_turnover_ratio": 0.02,
            "reinvestment_rate": -15.37,
            "research_to_sale_ratio": null,
            "price_fair": 36.8,
            "eps_avg_yearly": 1.05,
            "eps_latest_yearly": 0.16,
            "eps_growth_yearly": 271.31
        },
        "20201": {
            "year_quarter": 20201,
            "year": 2020,
            "quarter": 1,
            "eps": -0.21,
            "eps_growth_year": null,
            "eps_4q": -0.94,
            "eps_4q_growth_year": null,
            "roe": -2.22,
            "roe_4q": -9.51,
            "gross_profit": 1988,
            "gross_margin": 22.9,
            "gross_margin_4q_avg": 40.01,
            "net_income": -17563,
            "net_income_4q": null,
            "revenue": 8682,
            "revenue_4q": null,
            "common_shares": 833439,
            "book_valuer_per_share": 9.4,
            "book_valuer_per_share_4q_avg": 9.71,
            "equity": 783260,
            "current_ratio": 162.19,
            "debt_ratio": 88.72,
            "inventory_turnover_ratio": 0,
            "account_receivable_turnover_ratio": 5.51,
            "reinvestment_rate": -15.88,
            "research_to_sale_ratio": null,
            "price_fair": 36.8,
            "eps_avg_yearly": 1.05,
            "eps_latest_yearly": 0.16,
            "eps_growth_yearly": 271.31
        },
        "20202": {
            "year_quarter": 20202,
            "year": 2020,
            "quarter": 2,
            "eps": -0.2,
            "eps_growth_year": null,
            "eps_4q": -0.81,
            "eps_4q_growth_year": null,
            "roe": -2.11,
            "roe_4q": -8.44,
            "gross_profit": 9841,
            "gross_margin": 33.62,
            "gross_margin_4q_avg": 33.26,
            "net_income": -16349,
            "net_income_4q": null,
            "revenue": 29275,
            "revenue_4q": null,
            "common_shares": 833439,
            "book_valuer_per_share": 9.2,
            "book_valuer_per_share_4q_avg": 9.51,
            "equity": 766911,
            "current_ratio": 123.71,
            "debt_ratio": 89.58,
            "inventory_turnover_ratio": 0,
            "account_receivable_turnover_ratio": 27.88,
            "reinvestment_rate": null,
            "research_to_sale_ratio": null,
            "price_fair": 36.8,
            "eps_avg_yearly": 1.05,
            "eps_latest_yearly": 0.16,
            "eps_growth_yearly": 271.31
        },
        "20203": {
            "year_quarter": 20203,
            "year": 2020,
            "quarter": 3,
            "eps": -0.2,
            "eps_growth_year": null,
            "eps_4q": -0.82,
            "eps_4q_growth_year": null,
            "roe": -2.21,
            "roe_4q": -8.71,
            "gross_profit": 16790,
            "gross_margin": 27.1,
            "gross_margin_4q_avg": 34.97,
            "net_income": -16742,
            "net_income_4q": null,
            "revenue": 61955,
            "revenue_4q": null,
            "common_shares": 833439,
            "book_valuer_per_share": 9,
            "book_valuer_per_share_4q_avg": 9.3,
            "equity": 750169,
            "current_ratio": 123,
            "debt_ratio": 90.66,
            "inventory_turnover_ratio": 0.01,
            "account_receivable_turnover_ratio": 59,
            "reinvestment_rate": null,
            "research_to_sale_ratio": null,
            "price_fair": 33.13,
            "eps_avg_yearly": 0.95,
            "eps_latest_yearly": 0.16,
            "eps_growth_yearly": 314.91
        },
        "20204": {
            "year_quarter": 20204,
            "year": 2020,
            "quarter": 4,
            "eps": -0.46,
            "eps_growth_year": null,
            "eps_4q": -1.07,
            "eps_4q_growth_year": null,
            "roe": -5.24,
            "roe_4q": -11.780000000000001,
            "gross_profit": 13134,
            "gross_margin": 19.34,
            "gross_margin_4q_avg": 25.74,
            "net_income": -38340,
            "net_income_4q": null,
            "revenue": 67916,
            "revenue_4q": null,
            "common_shares": 833439,
            "book_valuer_per_share": 8.54,
            "book_valuer_per_share_4q_avg": 9.04,
            "equity": 711829,
            "current_ratio": 140.8,
            "debt_ratio": 92.39,
            "inventory_turnover_ratio": 0.01,
            "account_receivable_turnover_ratio": 64.68,
            "reinvestment_rate": null,
            "research_to_sale_ratio": null,
            "price_fair": 38.92,
            "eps_avg_yearly": 1.11,
            "eps_latest_yearly": 0.16,
            "eps_growth_yearly": 452.17
        },
        "20211": {
            "year_quarter": 20211,
            "year": 2021,
            "quarter": 1,
            "eps": -0.31,
            "eps_growth_year": null,
            "eps_4q": -1.17,
            "eps_4q_growth_year": null,
            "roe": -3.72,
            "roe_4q": -13.280000000000001,
            "gross_profit": 7323,
            "gross_margin": 18.11,
            "gross_margin_4q_avg": 24.54,
            "net_income": -25981,
            "net_income_4q": null,
            "revenue": 40447,
            "revenue_4q": null,
            "common_shares": 833439,
            "book_valuer_per_share": 8.23,
            "book_valuer_per_share_4q_avg": 8.74,
            "equity": 685848,
            "current_ratio": 138.14,
            "debt_ratio": 92.88,
            "inventory_turnover_ratio": 0,
            "account_receivable_turnover_ratio": 77.04,
            "reinvestment_rate": null,
            "research_to_sale_ratio": null,
            "price_fair": 46.55,
            "eps_avg_yearly": 1.33,
            "eps_latest_yearly": 0.16,
            "eps_growth_yearly": 465.22
        },
        "20212": {
            "year_quarter": 20212,
            "year": 2021,
            "quarter": 2,
            "eps": -0.37,
            "eps_growth_year": null,
            "eps_4q": -1.34,
            "eps_4q_growth_year": null,
            "roe": -4.61,
            "roe_4q": -15.780000000000001,
            "gross_profit": 24,
            "gross_margin": 64.86,
            "gross_margin_4q_avg": 32.35,
            "net_income": -30917,
            "net_income_4q": null,
            "revenue": 37,
            "revenue_4q": null,
            "common_shares": 833439,
            "book_valuer_per_share": 7.86,
            "book_valuer_per_share_4q_avg": 8.41,
            "equity": 654931,
            "current_ratio": 144.29,
            "debt_ratio": 94.54,
            "inventory_turnover_ratio": 0,
            "account_receivable_turnover_ratio": null,
            "reinvestment_rate": null,
            "research_to_sale_ratio": null,
            "price_fair": 49,
            "eps_avg_yearly": 1.4,
            "eps_latest_yearly": 0.16,
            "eps_growth_yearly": 131.4
        },
        "20213": {
            "year_quarter": 20213,
            "year": 2021,
            "quarter": 3,
            "eps": 3.17,
            "eps_growth_year": null,
            "eps_4q": 2.03,
            "eps_4q_growth_year": null,
            "roe": 33.59,
            "roe_4q": 20.020000000000003,
            "gross_profit": 311798,
            "gross_margin": 32.33,
            "gross_margin_4q_avg": 33.66,
            "net_income": 264406,
            "net_income_4q": null,
            "revenue": 964393,
            "revenue_4q": null,
            "common_shares": 833439,
            "book_valuer_per_share": 11.03,
            "book_valuer_per_share_4q_avg": 8.92,
            "equity": 919337,
            "current_ratio": 146.7,
            "debt_ratio": 92.17,
            "inventory_turnover_ratio": 0.06,
            "account_receivable_turnover_ratio": null,
            "reinvestment_rate": -2.87,
            "research_to_sale_ratio": null,
            "price_fair": 56,
            "eps_avg_yearly": 1.6,
            "eps_latest_yearly": 0.16,
            "eps_growth_yearly": 218.53
        },
        "20214": {
            "year_quarter": 20214,
            "year": 2021,
            "quarter": 4,
            "eps": 0.65,
            "eps_growth_year": null,
            "eps_4q": 3.14,
            "eps_4q_growth_year": null,
            "roe": 5.73,
            "roe_4q": 30.99000000000001,
            "gross_profit": 145410,
            "gross_margin": 35.44,
            "gross_margin_4q_avg": 37.69,
            "net_income": 54262,
            "net_income_4q": null,
            "revenue": 410291,
            "revenue_4q": null,
            "common_shares": 833439,
            "book_valuer_per_share": 11.68,
            "book_valuer_per_share_4q_avg": 9.7,
            "equity": 973599,
            "current_ratio": 139.16,
            "debt_ratio": 91.57,
            "inventory_turnover_ratio": 0.02,
            "account_receivable_turnover_ratio": 22177.89,
            "reinvestment_rate": -2.1,
            "research_to_sale_ratio": null,
            "price_fair": 4.14,
            "eps_avg_yearly": 1.38,
            "eps_latest_yearly": 2.6,
            "eps_growth_yearly": -348.46
        },
        "20221": {
            "year_quarter": 20221,
            "year": 2022,
            "quarter": 1,
            "eps": 1.8,
            "eps_growth_year": null,
            "eps_4q": 5.25,
            "eps_4q_growth_year": null,
            "roe": 14.32,
            "roe_4q": 49.03,
            "gross_profit": 278889,
            "gross_margin": 30.52,
            "gross_margin_4q_avg": 40.79,
            "net_income": 150154,
            "net_income_4q": null,
            "revenue": 913828,
            "revenue_4q": null,
            "common_shares": 833439,
            "book_valuer_per_share": 13.48,
            "book_valuer_per_share_4q_avg": 11.01,
            "equity": 1123753,
            "current_ratio": 141.21,
            "debt_ratio": 90.25,
            "inventory_turnover_ratio": 0.06,
            "account_receivable_turnover_ratio": 39.85,
            "reinvestment_rate": -0.49,
            "research_to_sale_ratio": null,
            "price_fair": 171.5,
            "eps_avg_yearly": 4.9,
            "eps_latest_yearly": 7.2,
            "eps_growth_yearly": 194.86
        },
        "20222": {
            "year_quarter": 20222,
            "year": 2022,
            "quarter": 2,
            "eps": 2.67,
            "eps_growth_year": null,
            "eps_4q": 8.29,
            "eps_4q_growth_year": null,
            "roe": 18.4,
            "roe_4q": 72.04,
            "gross_profit": 380643,
            "gross_margin": 30.28,
            "gross_margin_4q_avg": 32.14,
            "net_income": 222104,
            "net_income_4q": null,
            "revenue": 1257251,
            "revenue_4q": null,
            "common_shares": 833439,
            "book_valuer_per_share": 15.49,
            "book_valuer_per_share_4q_avg": 12.92,
            "equity": 1290990,
            "current_ratio": 134.31,
            "debt_ratio": 87.97,
            "inventory_turnover_ratio": 0.08,
            "account_receivable_turnover_ratio": 39.17,
            "reinvestment_rate": -0.18,
            "research_to_sale_ratio": null,
            "price_fair": 238.93,
            "eps_avg_yearly": 6.83,
            "eps_latest_yearly": 10.68,
            "eps_growth_yearly": 194.35
        },
        "20223": {
            "year_quarter": 20223,
            "year": 2022,
            "quarter": 3,
            "eps": 0.6,
            "eps_growth_year": -81.07,
            "eps_4q": 5.71,
            "eps_4q_growth_year": 181.42,
            "roe": 3.77,
            "roe_4q": 42.22,
            "gross_profit": 130436,
            "gross_margin": 28.45,
            "gross_margin_4q_avg": 31.17,
            "net_income": 49561,
            "net_income_4q": null,
            "revenue": 458459,
            "revenue_4q": null,
            "common_shares": 833439,
            "book_valuer_per_share": 16.08,
            "book_valuer_per_share_4q_avg": 14.18,
            "equity": 1340551,
            "current_ratio": 128.85,
            "debt_ratio": 87.49,
            "inventory_turnover_ratio": 0.03,
            "account_receivable_turnover_ratio": 49.91,
            "reinvestment_rate": -0.08,
            "research_to_sale_ratio": null,
            "price_fair": 200.2,
            "eps_avg_yearly": 5.72,
            "eps_latest_yearly": 2.4,
            "eps_growth_yearly": 68.23
        },
        "20224": {
            "year_quarter": 20224,
            "year": 2022,
            "quarter": 4,
            "eps": 0.02,
            "eps_growth_year": -97.06,
            "eps_4q": 5.08,
            "eps_4q_growth_year": 61.75,
            "roe": 0.12,
            "roe_4q": 36.61,
            "gross_profit": 86728,
            "gross_margin": 25.19,
            "gross_margin_4q_avg": 28.61,
            "net_income": 1594,
            "net_income_4q": null,
            "revenue": 344313,
            "revenue_4q": null,
            "common_shares": 833439,
            "book_valuer_per_share": 16.1,
            "book_valuer_per_share_4q_avg": 15.29,
            "equity": 1342145,
            "current_ratio": 125.56,
            "debt_ratio": 87.69,
            "inventory_turnover_ratio": 0.03,
            "account_receivable_turnover_ratio": 384.71,
            "reinvestment_rate": 0.05,
            "research_to_sale_ratio": null,
            "price_fair": 13.78,
            "eps_avg_yearly": 4.59,
            "eps_latest_yearly": 0.08,
            "eps_growth_yearly": -22.75
        },
        "20231": {
            "year_quarter": 20231,
            "year": 2023,
            "quarter": 1,
            "eps": 0.55,
            "eps_growth_year": -69.44,
            "eps_4q": 3.83,
            "eps_4q_growth_year": -27.11,
            "roe": 3.91,
            "roe_4q": 26.2,
            "gross_profit": 157916,
            "gross_margin": 25.45,
            "gross_margin_4q_avg": 27.34,
            "net_income": 45937,
            "net_income_4q": null,
            "revenue": 620499,
            "revenue_4q": null,
            "common_shares": 833439,
            "book_valuer_per_share": 12.08,
            "book_valuer_per_share_4q_avg": 14.94,
            "equity": 1007010,
            "current_ratio": 121.01,
            "debt_ratio": 90.61,
            "inventory_turnover_ratio": 0.05,
            "account_receivable_turnover_ratio": 693.29,
            "reinvestment_rate": 0.08,
            "research_to_sale_ratio": null,
            "price_fair": 146.77,
            "eps_avg_yearly": 4.19,
            "eps_latest_yearly": 2.2,
            "eps_growth_yearly": 1747.71
        },
        "20232": {
            "year_quarter": 20232,
            "year": 2023,
            "quarter": 2,
            "eps": 4.73,
            "eps_growth_year": 77.15,
            "eps_4q": 5.9,
            "eps_4q_growth_year": -28.86,
            "roe": 32.41,
            "roe_4q": 40.209999999999994,
            "gross_profit": 696644,
            "gross_margin": 27.5,
            "gross_margin_4q_avg": 26.65,
            "net_income": 394464,
            "net_income_4q": null,
            "revenue": 2532875,
            "revenue_4q": null,
            "common_shares": 833439,
            "book_valuer_per_share": 17.12,
            "book_valuer_per_share_4q_avg": 15.35,
            "equity": 1427187,
            "current_ratio": 133.54,
            "debt_ratio": 84.17,
            "inventory_turnover_ratio": 0.2,
            "account_receivable_turnover_ratio": 5743.48,
            "reinvestment_rate": 0.02,
            "research_to_sale_ratio": null,
            "price_fair": 220.4,
            "eps_avg_yearly": 6.3,
            "eps_latest_yearly": 18.92,
            "eps_growth_yearly": 1932.32
        },
        "20233": {
            "year_quarter": 20233,
            "year": 2023,
            "quarter": 3,
            "eps": 1.23,
            "eps_growth_year": 105,
            "eps_4q": 6.53,
            "eps_4q_growth_year": 14.38,
            "roe": 6.94,
            "roe_4q": 43.37999999999999,
            "gross_profit": 192006,
            "gross_margin": 41.46,
            "gross_margin_4q_avg": 29.9,
            "net_income": 102545,
            "net_income_4q": null,
            "revenue": 463148,
            "revenue_4q": null,
            "common_shares": 833439,
            "book_valuer_per_share": 18.35,
            "book_valuer_per_share_4q_avg": 15.91,
            "equity": 1529732,
            "current_ratio": 130.68,
            "debt_ratio": 83.24,
            "inventory_turnover_ratio": 0.03,
            "account_receivable_turnover_ratio": 460.39,
            "reinvestment_rate": 0.09,
            "research_to_sale_ratio": null,
            "price_fair": 214.38,
            "eps_avg_yearly": 6.13,
            "eps_latest_yearly": 4.92,
            "eps_growth_yearly": 1653.79
        }
    },
    "months": {
        "2001-06": {
            "month": "2001-06",
            "price": "1.07",
            "revenue": 112476
        },
        "2001-07": {
            "month": "2001-07",
            "price": "0.98",
            "revenue": 99679
        },
        "2001-08": {
            "month": "2001-08",
            "price": "1.05",
            "revenue": 151774
        },
        "2001-09": {
            "month": "2001-09",
            "price": "0.91",
            "revenue": 130533
        },
        "2001-10": {
            "month": "2001-10",
            "price": "0.84",
            "revenue": 133186
        },
        "2001-11": {
            "month": "2001-11",
            "price": "0.54",
            "revenue": 34643
        },
        "2001-12": {
            "month": "2001-12",
            "price": "0.51",
            "revenue": 36808
        },
        "2002-01": {
            "month": "2002-01",
            "price": "0.68",
            "revenue": 82903
        },
        "2002-02": {
            "month": "2002-02",
            "price": "0.69",
            "revenue": 69730
        },
        "2002-03": {
            "month": "2002-03",
            "price": "0.73",
            "revenue": 143977
        },
        "2002-04": {
            "month": "2002-04",
            "price": "1.08",
            "revenue": 87199
        },
        "2002-05": {
            "month": "2002-05",
            "price": "0.97",
            "revenue": 110191
        },
        "2002-06": {
            "month": "2002-06",
            "price": "1.02",
            "revenue": 87750
        },
        "2002-07": {
            "month": "2002-07",
            "price": "1.36",
            "revenue": 145949
        },
        "2002-08": {
            "month": "2002-08",
            "price": "1.42",
            "revenue": 157926
        },
        "2002-09": {
            "month": "2002-09",
            "price": "1.24",
            "revenue": 101789
        },
        "2002-10": {
            "month": "2002-10",
            "price": "1.20",
            "revenue": 104851
        },
        "2002-11": {
            "month": "2002-11",
            "price": "1.32",
            "revenue": 68186
        },
        "2002-12": {
            "month": "2002-12",
            "price": "1.10",
            "revenue": 58348
        },
        "2003-01": {
            "month": "2003-01",
            "price": "1.55",
            "revenue": 128454
        },
        "2003-02": {
            "month": "2003-02",
            "price": "1.84",
            "revenue": 71812
        },
        "2003-03": {
            "month": "2003-03",
            "price": "1.58",
            "revenue": 105932
        },
        "2003-04": {
            "month": "2003-04",
            "price": "4.12",
            "revenue": 90116
        },
        "2003-05": {
            "month": "2003-05",
            "price": "3.83",
            "revenue": 113944
        },
        "2003-06": {
            "month": "2003-06",
            "price": "3.84",
            "revenue": 98922
        },
        "2003-07": {
            "month": "2003-07",
            "price": "2.48",
            "revenue": 141475
        },
        "2003-08": {
            "month": "2003-08",
            "price": "2.04",
            "revenue": 129950
        },
        "2003-09": {
            "month": "2003-09",
            "price": "4.05",
            "revenue": 67626
        },
        "2003-10": {
            "month": "2003-10",
            "price": "6.66",
            "revenue": 90138
        },
        "2003-11": {
            "month": "2003-11",
            "price": "7.78",
            "revenue": 60502
        },
        "2003-12": {
            "month": "2003-12",
            "price": "7.02",
            "revenue": 43080
        },
        "2004-01": {
            "month": "2004-01",
            "price": "7.68",
            "revenue": 58738
        },
        "2004-02": {
            "month": "2004-02",
            "price": "8.55",
            "revenue": 75103
        },
        "2004-03": {
            "month": "2004-03",
            "price": "7.68",
            "revenue": 22811
        },
        "2004-04": {
            "month": "2004-04",
            "price": "7.34",
            "revenue": 57563
        },
        "2004-05": {
            "month": "2004-05",
            "price": "6.04",
            "revenue": 61568
        },
        "2004-06": {
            "month": "2004-06",
            "price": "4.26",
            "revenue": 47851
        },
        "2004-07": {
            "month": "2004-07",
            "price": "3.31",
            "revenue": 115839
        },
        "2004-08": {
            "month": "2004-08",
            "price": "2.75",
            "revenue": 14161
        },
        "2004-09": {
            "month": "2004-09",
            "price": "2.40",
            "revenue": 17514
        },
        "2004-10": {
            "month": "2004-10",
            "price": "2.52",
            "revenue": 36407
        },
        "2004-11": {
            "month": "2004-11",
            "price": "2.26",
            "revenue": 22463
        },
        "2004-12": {
            "month": "2004-12",
            "price": "2.19",
            "revenue": 38151
        },
        "2005-01": {
            "month": "2005-01",
            "price": "2.31",
            "revenue": 16867
        },
        "2005-02": {
            "month": "2005-02",
            "price": "2.14",
            "revenue": 15918
        },
        "2005-03": {
            "month": "2005-03",
            "price": "2.18",
            "revenue": 21258
        },
        "2005-04": {
            "month": "2005-04",
            "price": "2.10",
            "revenue": 35811
        },
        "2005-05": {
            "month": "2005-05",
            "price": "1.29",
            "revenue": 50543
        },
        "2005-06": {
            "month": "2005-06",
            "price": "1.08",
            "revenue": 85597
        },
        "2005-07": {
            "month": "2005-07",
            "price": "1.25",
            "revenue": 96997
        },
        "2005-08": {
            "month": "2005-08",
            "price": "0.93",
            "revenue": 120882
        },
        "2005-09": {
            "month": "2005-09",
            "price": "0.61",
            "revenue": 83354
        },
        "2005-10": {
            "month": "2005-10",
            "price": "0.64",
            "revenue": 34725
        },
        "2005-11": {
            "month": "2005-11",
            "price": "1.42",
            "revenue": 44849
        },
        "2005-12": {
            "month": "2005-12",
            "price": "1.27",
            "revenue": 26537
        },
        "2006-01": {
            "month": "2006-01",
            "price": "1.16",
            "revenue": 15771
        },
        "2006-02": {
            "month": "2006-02",
            "price": "1.02",
            "revenue": 21268
        },
        "2006-03": {
            "month": "2006-03",
            "price": "1.18",
            "revenue": 35081
        },
        "2006-04": {
            "month": "2006-04",
            "price": "1.26",
            "revenue": 26318
        },
        "2006-05": {
            "month": "2006-05",
            "price": "1.40",
            "revenue": 55317
        },
        "2006-06": {
            "month": "2006-06",
            "price": "1.21",
            "revenue": 46945
        },
        "2006-07": {
            "month": "2006-07",
            "price": "0.93",
            "revenue": 65637
        },
        "2006-08": {
            "month": "2006-08",
            "price": "0.79",
            "revenue": 42764
        },
        "2006-09": {
            "month": "2006-09",
            "price": "0.72",
            "revenue": 37996
        },
        "2006-10": {
            "month": "2006-10",
            "price": "0.96",
            "revenue": 39133
        },
        "2006-11": {
            "month": "2006-11",
            "price": "0.88",
            "revenue": 23603
        },
        "2006-12": {
            "month": "2006-12",
            "price": "1.14",
            "revenue": 28582
        },
        "2007-01": {
            "month": "2007-01",
            "price": "1.24",
            "revenue": 23396
        },
        "2007-02": {
            "month": "2007-02",
            "price": "1.23",
            "revenue": 5317
        },
        "2007-03": {
            "month": "2007-03",
            "price": "1.22",
            "revenue": 52437
        },
        "2007-04": {
            "month": "2007-04",
            "price": "1.16",
            "revenue": 13682
        },
        "2007-05": {
            "month": "2007-05",
            "price": "1.28",
            "revenue": 46199
        },
        "2007-06": {
            "month": "2007-06",
            "price": "1.26",
            "revenue": 72309
        },
        "2007-07": {
            "month": "2007-07",
            "price": "1.30",
            "revenue": 33750
        },
        "2007-08": {
            "month": "2007-08",
            "price": "1.54",
            "revenue": 36999
        },
        "2007-09": {
            "month": "2007-09",
            "price": "2.00",
            "revenue": 39058
        },
        "2007-10": {
            "month": "2007-10",
            "price": "1.79",
            "revenue": 30770
        },
        "2007-11": {
            "month": "2007-11",
            "price": "1.58",
            "revenue": 43203
        },
        "2007-12": {
            "month": "2007-12",
            "price": "1.43",
            "revenue": 8997
        },
        "2008-01": {
            "month": "2008-01",
            "price": "1.41",
            "revenue": 31804
        },
        "2008-02": {
            "month": "2008-02",
            "price": "1.44",
            "revenue": 12401
        },
        "2008-03": {
            "month": "2008-03",
            "price": "1.32",
            "revenue": 41050
        },
        "2008-04": {
            "month": "2008-04",
            "price": "1.24",
            "revenue": 7515
        },
        "2008-05": {
            "month": "2008-05",
            "price": "1.86",
            "revenue": 28616
        },
        "2008-06": {
            "month": "2008-06",
            "price": "1.87",
            "revenue": 48388
        },
        "2008-07": {
            "month": "2008-07",
            "price": "1.43",
            "revenue": 52183
        },
        "2008-08": {
            "month": "2008-08",
            "price": "1.50",
            "revenue": 4590
        },
        "2008-09": {
            "month": "2008-09",
            "price": "1.25",
            "revenue": 0
        },
        "2008-10": {
            "month": "2008-10",
            "price": "1.06",
            "revenue": 0
        },
        "2008-11": {
            "month": "2008-11",
            "price": "1.13",
            "revenue": 20
        },
        "2008-12": {
            "month": "2008-12",
            "price": "1.27",
            "revenue": 15289
        },
        "2009-01": {
            "month": "2009-01",
            "price": "1.32",
            "revenue": 0
        },
        "2009-02": {
            "month": "2009-02",
            "price": "1.16",
            "revenue": 0
        },
        "2009-03": {
            "month": "2009-03",
            "price": "1.35",
            "revenue": 14075
        },
        "2009-04": {
            "month": "2009-04",
            "price": "1.16",
            "revenue": 3596
        },
        "2009-05": {
            "month": "2009-05",
            "price": "1.25",
            "revenue": 23669
        },
        "2009-06": {
            "month": "2009-06",
            "price": "1.36",
            "revenue": 24420
        },
        "2009-07": {
            "month": "2009-07",
            "price": "1.05",
            "revenue": 1868
        },
        "2009-08": {
            "month": "2009-08",
            "price": "0.95",
            "revenue": 13501
        },
        "2009-09": {
            "month": "2009-09",
            "price": "1.00",
            "revenue": 23945
        },
        "2009-10": {
            "month": "2009-10",
            "price": "1.11",
            "revenue": 286
        },
        "2009-11": {
            "month": "2009-11",
            "price": "1.52",
            "revenue": 0
        },
        "2009-12": {
            "month": "2009-12",
            "price": "1.36",
            "revenue": 19918
        },
        "2010-01": {
            "month": "2010-01",
            "price": "1.40",
            "revenue": 3720
        },
        "2010-02": {
            "month": "2010-02",
            "price": "1.36",
            "revenue": 8546
        },
        "2010-03": {
            "month": "2010-03",
            "price": "1.45",
            "revenue": 471
        },
        "2010-04": {
            "month": "2010-04",
            "price": "1.38",
            "revenue": 1144
        },
        "2010-05": {
            "month": "2010-05",
            "price": "1.23",
            "revenue": 0
        },
        "2010-06": {
            "month": "2010-06",
            "price": "1.29",
            "revenue": 2631
        },
        "2010-07": {
            "month": "2010-07",
            "price": "1.25",
            "revenue": 671
        },
        "2010-08": {
            "month": "2010-08",
            "price": "1.20",
            "revenue": 0
        },
        "2010-09": {
            "month": "2010-09",
            "price": "1.31",
            "revenue": 17800
        },
        "2010-10": {
            "month": "2010-10",
            "price": "1.23",
            "revenue": 20110
        },
        "2010-11": {
            "month": "2010-11",
            "price": "1.26",
            "revenue": 18851
        },
        "2010-12": {
            "month": "2010-12",
            "price": "1.56",
            "revenue": 2495
        },
        "2011-01": {
            "month": "2011-01",
            "price": "1.50",
            "revenue": 1246
        },
        "2011-02": {
            "month": "2011-02",
            "price": "1.66",
            "revenue": 1247
        },
        "2011-03": {
            "month": "2011-03",
            "price": "1.42",
            "revenue": 11337
        },
        "2011-04": {
            "month": "2011-04",
            "price": "8.82",
            "revenue": 0
        },
        "2011-05": {
            "month": "2011-05",
            "price": "9.16",
            "revenue": 13393
        },
        "2011-06": {
            "month": "2011-06",
            "price": "10.07",
            "revenue": 0
        },
        "2011-07": {
            "month": "2011-07",
            "price": "10.21",
            "revenue": 11677
        },
        "2011-08": {
            "month": "2011-08",
            "price": "13.69",
            "revenue": 12590
        },
        "2011-09": {
            "month": "2011-09",
            "price": "14.16",
            "revenue": 15385
        },
        "2011-10": {
            "month": "2011-10",
            "price": "14.73",
            "revenue": 63147
        },
        "2011-11": {
            "month": "2011-11",
            "price": "14.57",
            "revenue": 1217
        },
        "2011-12": {
            "month": "2011-12",
            "price": "13.98",
            "revenue": 2084
        },
        "2012-01": {
            "month": "2012-01",
            "price": "14.61",
            "revenue": 14716
        },
        "2012-02": {
            "month": "2012-02",
            "price": "14.70",
            "revenue": 8974
        },
        "2012-03": {
            "month": "2012-03",
            "price": "15.24",
            "revenue": 3973
        },
        "2012-04": {
            "month": "2012-04",
            "price": "24.21",
            "revenue": 8496
        },
        "2012-05": {
            "month": "2012-05",
            "price": "26.21",
            "revenue": 10655
        },
        "2012-06": {
            "month": "2012-06",
            "price": "28.48",
            "revenue": 2742
        },
        "2012-07": {
            "month": "2012-07",
            "price": "30.05",
            "revenue": 13153
        },
        "2012-08": {
            "month": "2012-08",
            "price": "34.51",
            "revenue": 6494
        },
        "2012-09": {
            "month": "2012-09",
            "price": "49.64",
            "revenue": 0
        },
        "2012-10": {
            "month": "2012-10",
            "price": "42.55",
            "revenue": -72
        },
        "2012-11": {
            "month": "2012-11",
            "price": "38.97",
            "revenue": 0
        },
        "2012-12": {
            "month": "2012-12",
            "price": "39.94",
            "revenue": 482
        },
        "2013-01": {
            "month": "2013-01",
            "price": "39.92",
            "revenue": 561
        },
        "2013-02": {
            "month": "2013-02",
            "price": "39.45",
            "revenue": 0
        },
        "2013-03": {
            "month": "2013-03",
            "price": "40.88",
            "revenue": 895
        },
        "2013-04": {
            "month": "2013-04",
            "price": "49.35",
            "revenue": 400
        },
        "2013-05": {
            "month": "2013-05",
            "price": "84.80",
            "revenue": 650
        },
        "2013-06": {
            "month": "2013-06",
            "price": "116.37",
            "revenue": 152
        },
        "2013-07": {
            "month": "2013-07",
            "price": "105.74",
            "revenue": 410
        },
        "2013-08": {
            "month": "2013-08",
            "price": "80.31",
            "revenue": 188115
        },
        "2013-09": {
            "month": "2013-09",
            "price": "46.80",
            "revenue": 161244
        },
        "2013-10": {
            "month": "2013-10",
            "price": "42.88",
            "revenue": 290951
        },
        "2013-11": {
            "month": "2013-11",
            "price": "40.28",
            "revenue": 188989
        },
        "2013-12": {
            "month": "2013-12",
            "price": "41.15",
            "revenue": 167100
        },
        "2014-01": {
            "month": "2014-01",
            "price": "40.55",
            "revenue": 12019
        },
        "2014-02": {
            "month": "2014-02",
            "price": "39.24",
            "revenue": 0
        },
        "2014-03": {
            "month": "2014-03",
            "price": "37.20",
            "revenue": 0
        },
        "2014-04": {
            "month": "2014-04",
            "price": "38.72",
            "revenue": 0
        },
        "2014-05": {
            "month": "2014-05",
            "price": "35.79",
            "revenue": 0
        },
        "2014-06": {
            "month": "2014-06",
            "price": "31.24",
            "revenue": 10114
        },
        "2014-07": {
            "month": "2014-07",
            "price": "32.00",
            "revenue": 0
        },
        "2014-08": {
            "month": "2014-08",
            "price": "31.43",
            "revenue": 0
        },
        "2014-09": {
            "month": "2014-09",
            "price": "32.37",
            "revenue": 0
        },
        "2014-10": {
            "month": "2014-10",
            "price": "33.14",
            "revenue": 0
        },
        "2014-11": {
            "month": "2014-11",
            "price": "32.49",
            "revenue": 0
        },
        "2014-12": {
            "month": "2014-12",
            "price": "32.15",
            "revenue": 10
        },
        "2015-01": {
            "month": "2015-01",
            "price": "38.40",
            "revenue": 10
        },
        "2015-02": {
            "month": "2015-02",
            "price": "40.27",
            "revenue": 188136
        },
        "2015-03": {
            "month": "2015-03",
            "price": "41.41",
            "revenue": 132363
        },
        "2015-04": {
            "month": "2015-04",
            "price": "45.37",
            "revenue": 151676
        },
        "2015-05": {
            "month": "2015-05",
            "price": "38.95",
            "revenue": 75324
        },
        "2015-06": {
            "month": "2015-06",
            "price": "27.87",
            "revenue": 10
        },
        "2015-07": {
            "month": "2015-07",
            "price": "25.33",
            "revenue": 9858
        },
        "2015-08": {
            "month": "2015-08",
            "price": "23.79",
            "revenue": 33325
        },
        "2015-09": {
            "month": "2015-09",
            "price": "20.26",
            "revenue": 13810
        },
        "2015-10": {
            "month": "2015-10",
            "price": "20.54",
            "revenue": 29287
        },
        "2015-11": {
            "month": "2015-11",
            "price": "16.92",
            "revenue": 35591
        },
        "2015-12": {
            "month": "2015-12",
            "price": "13.54",
            "revenue": 100163
        },
        "2016-01": {
            "month": "2016-01",
            "price": "10.12",
            "revenue": 10
        },
        "2016-02": {
            "month": "2016-02",
            "price": "9.65",
            "revenue": 33087
        },
        "2016-03": {
            "month": "2016-03",
            "price": "13.79",
            "revenue": 37553
        },
        "2016-04": {
            "month": "2016-04",
            "price": "20.57",
            "revenue": 52096
        },
        "2016-05": {
            "month": "2016-05",
            "price": "15.80",
            "revenue": 50306
        },
        "2016-06": {
            "month": "2016-06",
            "price": "22.64",
            "revenue": 219506
        },
        "2016-07": {
            "month": "2016-07",
            "price": "21.50",
            "revenue": 112925
        },
        "2016-08": {
            "month": "2016-08",
            "price": "19.94",
            "revenue": 88762
        },
        "2016-09": {
            "month": "2016-09",
            "price": "17.67",
            "revenue": 58572
        },
        "2016-10": {
            "month": "2016-10",
            "price": "17.08",
            "revenue": 34944
        },
        "2016-11": {
            "month": "2016-11",
            "price": "17.81",
            "revenue": 77915
        },
        "2016-12": {
            "month": "2016-12",
            "price": "20.24",
            "revenue": 96954
        },
        "2017-01": {
            "month": "2017-01",
            "price": "19.95",
            "revenue": 54449
        },
        "2017-02": {
            "month": "2017-02",
            "price": "19.67",
            "revenue": 45391
        },
        "2017-03": {
            "month": "2017-03",
            "price": "19.69",
            "revenue": 43442
        },
        "2017-04": {
            "month": "2017-04",
            "price": "19.26",
            "revenue": 26239
        },
        "2017-05": {
            "month": "2017-05",
            "price": "18.41",
            "revenue": 76335
        },
        "2017-06": {
            "month": "2017-06",
            "price": "20.01",
            "revenue": 113306
        },
        "2017-07": {
            "month": "2017-07",
            "price": "19.56",
            "revenue": 75344
        },
        "2017-08": {
            "month": "2017-08",
            "price": "18.19",
            "revenue": 107506
        },
        "2017-09": {
            "month": "2017-09",
            "price": "18.42",
            "revenue": 62744
        },
        "2017-10": {
            "month": "2017-10",
            "price": "18.43",
            "revenue": 66659
        },
        "2017-11": {
            "month": "2017-11",
            "price": "17.24",
            "revenue": 143201
        },
        "2017-12": {
            "month": "2017-12",
            "price": "15.56",
            "revenue": 174888
        },
        "2018-01": {
            "month": "2018-01",
            "price": "15.86",
            "revenue": 51535
        },
        "2018-02": {
            "month": "2018-02",
            "price": "14.12",
            "revenue": 44125
        },
        "2018-03": {
            "month": "2018-03",
            "price": "14.72",
            "revenue": 39011
        },
        "2018-04": {
            "month": "2018-04",
            "price": "14.63",
            "revenue": 33735
        },
        "2018-05": {
            "month": "2018-05",
            "price": "14.29",
            "revenue": 33421
        },
        "2018-06": {
            "month": "2018-06",
            "price": "13.92",
            "revenue": 20869
        },
        "2018-07": {
            "month": "2018-07",
            "price": "13.16",
            "revenue": 23926
        },
        "2018-08": {
            "month": "2018-08",
            "price": "12.32",
            "revenue": 18945
        },
        "2018-09": {
            "month": "2018-09",
            "price": "12.47",
            "revenue": 7040
        },
        "2018-10": {
            "month": "2018-10",
            "price": "10.12",
            "revenue": 4545
        },
        "2018-11": {
            "month": "2018-11",
            "price": "9.49",
            "revenue": 13202
        },
        "2018-12": {
            "month": "2018-12",
            "price": "11.97",
            "revenue": 8030
        },
        "2019-01": {
            "month": "2019-01",
            "price": "11.04",
            "revenue": 11
        },
        "2019-02": {
            "month": "2019-02",
            "price": "11.84",
            "revenue": 11
        },
        "2019-03": {
            "month": "2019-03",
            "price": "12.24",
            "revenue": 11
        },
        "2019-04": {
            "month": "2019-04",
            "price": "12.56",
            "revenue": 12
        },
        "2019-05": {
            "month": "2019-05",
            "price": "12.19",
            "revenue": 11
        },
        "2019-06": {
            "month": "2019-06",
            "price": "12.27",
            "revenue": 11
        },
        "2019-07": {
            "month": "2019-07",
            "price": "16.53",
            "revenue": 8658
        },
        "2019-08": {
            "month": "2019-08",
            "price": "16.83",
            "revenue": 8106
        },
        "2019-09": {
            "month": "2019-09",
            "price": "16.77",
            "revenue": 11
        },
        "2019-10": {
            "month": "2019-10",
            "price": "15.69",
            "revenue": 11
        },
        "2019-11": {
            "month": "2019-11",
            "price": "16.71",
            "revenue": 11
        },
        "2019-12": {
            "month": "2019-12",
            "price": "18.33",
            "revenue": 11
        },
        "2020-01": {
            "month": "2020-01",
            "price": "22.29",
            "revenue": 11
        },
        "2020-02": {
            "month": "2020-02",
            "price": "21.06",
            "revenue": 8659
        },
        "2020-03": {
            "month": "2020-03",
            "price": "18.10",
            "revenue": 12
        },
        "2020-04": {
            "month": "2020-04",
            "price": "18.86",
            "revenue": 20288
        },
        "2020-05": {
            "month": "2020-05",
            "price": "21.72",
            "revenue": 13
        },
        "2020-06": {
            "month": "2020-06",
            "price": "24.37",
            "revenue": 8974
        },
        "2020-07": {
            "month": "2020-07",
            "price": "42.39",
            "revenue": 9184
        },
        "2020-08": {
            "month": "2020-08",
            "price": "41.92",
            "revenue": 12
        },
        "2020-09": {
            "month": "2020-09",
            "price": "45.99",
            "revenue": 52759
        },
        "2020-10": {
            "month": "2020-10",
            "price": "40.42",
            "revenue": 12
        },
        "2020-11": {
            "month": "2020-11",
            "price": "38.91",
            "revenue": 67784
        },
        "2020-12": {
            "month": "2020-12",
            "price": "39.43",
            "revenue": 120
        },
        "2021-01": {
            "month": "2021-01",
            "price": "39.50",
            "revenue": 39953
        },
        "2021-02": {
            "month": "2021-02",
            "price": "41.01",
            "revenue": 481
        },
        "2021-03": {
            "month": "2021-03",
            "price": "49.07",
            "revenue": 13
        },
        "2021-04": {
            "month": "2021-04",
            "price": "48.49",
            "revenue": 12
        },
        "2021-05": {
            "month": "2021-05",
            "price": "44.22",
            "revenue": 12
        },
        "2021-06": {
            "month": "2021-06",
            "price": "48.03",
            "revenue": 13
        },
        "2021-07": {
            "month": "2021-07",
            "price": "53.48",
            "revenue": 12
        },
        "2021-08": {
            "month": "2021-08",
            "price": "51.49",
            "revenue": 165255
        },
        "2021-09": {
            "month": "2021-09",
            "price": "51.27",
            "revenue": 799126
        },
        "2021-10": {
            "month": "2021-10",
            "price": "50.59",
            "revenue": 167976
        },
        "2021-11": {
            "month": "2021-11",
            "price": "54.88",
            "revenue": 182832
        },
        "2021-12": {
            "month": "2021-12",
            "price": "64.14",
            "revenue": 59483
        },
        "2022-01": {
            "month": "2022-01",
            "price": "59.61",
            "revenue": 40890
        },
        "2022-02": {
            "month": "2022-02",
            "price": "55.01",
            "revenue": 41312
        },
        "2022-03": {
            "month": "2022-03",
            "price": "53.63",
            "revenue": 831626
        },
        "2022-04": {
            "month": "2022-04",
            "price": "58.55",
            "revenue": 209386
        },
        "2022-05": {
            "month": "2022-05",
            "price": "56.57",
            "revenue": 737097
        },
        "2022-06": {
            "month": "2022-06",
            "price": "54.63",
            "revenue": 310768
        },
        "2022-07": {
            "month": "2022-07",
            "price": "49.93",
            "revenue": 361537
        },
        "2022-08": {
            "month": "2022-08",
            "price": "48.60",
            "revenue": 96909
        },
        "2022-09": {
            "month": "2022-09",
            "price": "47.60",
            "revenue": 13
        },
        "2022-10": {
            "month": "2022-10",
            "price": "45.14",
            "revenue": 43995
        },
        "2022-11": {
            "month": "2022-11",
            "price": "44.89",
            "revenue": 57874
        },
        "2022-12": {
            "month": "2022-12",
            "price": "44.70",
            "revenue": 242444
        },
        "2023-01": {
            "month": "2023-01",
            "price": "47.36",
            "revenue": 250392
        },
        "2023-02": {
            "month": "2023-02",
            "price": "48.08",
            "revenue": 149716
        },
        "2023-03": {
            "month": "2023-03",
            "price": "52.20",
            "revenue": 220391
        },
        "2023-04": {
            "month": "2023-04",
            "price": "50.58",
            "revenue": 775749
        },
        "2023-05": {
            "month": "2023-05",
            "price": "49.76",
            "revenue": 973789
        },
        "2023-06": {
            "month": "2023-06",
            "price": "57.08",
            "revenue": 783337
        },
        "2023-07": {
            "month": "2023-07",
            "price": "58.50",
            "revenue": 455850
        },
        "2023-08": {
            "month": "2023-08",
            "price": "57.49",
            "revenue": 7284
        },
        "2023-09": {
            "month": "2023-09",
            "price": "51.36",
            "revenue": 14
        },
        "2023-10": {
            "month": "2023-10",
            "price": "50.42",
            "revenue": 41885
        },
        "2023-11": {
            "month": "2023-11",
            "price": "52.77",
            "revenue": 25874
        },
        "2023-12": {
            "month": "2023-12",
            "price": "54.24",
            "revenue": 43634
        }
    }
}
