{
    "summary": {
        "stock_name": "統一實",
        "stock_id": "9907",
        "category": "其他",
        "main_business": "各種鐵皮印花製罐及其原料鍍製鋼片加工製造原料鋼板加工製造<br>製罐及馬口鐵機器進出口馬口鐵罐及鍍製鋼片原料鋼板加工製造<br>其他批發業(氧化鐵、脂肪酸、錫製品、氧化錫)",
        "website_url": "http://www.tonyi.com.tw",
        "ceo": "徐金成；張祐信",
        "pe_ratio": 16,
        "report_year_from": 2001,
        "report_year_to": 2023,
        "age": 22,
        "eps_negative_percentage": 4,
        "eps_growth_avg": {
            "last_all": 22.63,
            "last_2y": 65.08,
            "last_4y": 46.15,
            "last_8y": 23.05,
            "last_12y": 20.97,
            "last_16y": 23.37,
            "last_20y": 22.63,
            "at_2006_last_3y": 38.8,
            "at_2007_last_3y": 24.74,
            "at_2008_last_3y": 7.82,
            "at_2009_last_3y": 31.2,
            "at_2010_last_3y": 29.85,
            "at_2011_last_3y": 4.67,
            "at_2012_last_3y": -8.04,
            "at_2013_last_3y": 16.27,
            "at_2014_last_3y": -17.38,
            "at_2015_last_3y": -8.87,
            "at_2016_last_3y": 30.22,
            "at_2017_last_3y": -5.81,
            "at_2018_last_3y": 29.19,
            "at_2019_last_3y": 18.79,
            "at_2020_last_3y": 16.78,
            "at_2021_last_3y": 52.81,
            "at_2022_last_3y": 32.68,
            "at_2023_last_3y": 32.68,
            "at_2006_last_all": 38.8,
            "at_2007_last_all": 39.79,
            "at_2008_last_all": 29.54,
            "at_2009_last_all": 25.71,
            "at_2010_last_all": 34.32,
            "at_2011_last_all": 24.18,
            "at_2012_last_all": 14.51,
            "at_2013_last_all": 22.28,
            "at_2014_last_all": 17.09,
            "at_2015_last_all": 14.01,
            "at_2016_last_all": 19,
            "at_2017_last_all": 14.79,
            "at_2018_last_all": 20.11,
            "at_2019_last_all": 15.14,
            "at_2020_last_all": 18.5,
            "at_2021_last_all": 22.79,
            "at_2022_last_all": 22.63,
            "at_2023_last_all": 22.63
        },
        "latest_eps": 1.22,
        "latest_price": 19.45,
        "latest_roe": 8.12,
        "latest_gross_margin": 12.48,
        "latest_equity": 22351959,
        "latest_revenue": 8903190,
        "latest_gross_profit": 1110945,
        "latest_net_income": 284248,
        "latest_debt_ratio": 34.31,
        "latest_current_ratio": 208.72,
        "latest_account_receivable_turnover_ratio": 1.95,
        "latest_inventory_turnover_ratio": 1.76,
        "latest_reinvestment_rate": -84.69,
        "latest_research_to_sale_ratio": null
    },
    "eps_dividends": {
        "1991": {
            "cash": 0,
            "stock": 3,
            "eps": 0
        },
        "1992": {
            "cash": 0,
            "stock": 3,
            "eps": 0
        },
        "1994": {
            "cash": 1,
            "stock": 2,
            "eps": 0
        },
        "2000": {
            "cash": 0,
            "stock": 1,
            "eps": 0
        },
        "2001": {
            "cash": 0,
            "stock": 0,
            "eps": -0.26
        },
        "2002": {
            "cash": 0,
            "stock": 0,
            "eps": 0.1
        },
        "2003": {
            "cash": 0,
            "stock": 0,
            "eps": 0.37
        },
        "2004": {
            "cash": 0,
            "stock": 0,
            "eps": 0.54
        },
        "2005": {
            "cash": 0,
            "stock": 0,
            "eps": 0.05
        },
        "2006": {
            "cash": 0,
            "stock": 0,
            "eps": 0.64
        },
        "2007": {
            "cash": 1,
            "stock": 0,
            "eps": 0.92
        },
        "2008": {
            "cash": 1,
            "stock": 0,
            "eps": 0.72
        },
        "2009": {
            "cash": 1,
            "stock": 0,
            "eps": 0.74
        },
        "2010": {
            "cash": 1,
            "stock": 0,
            "eps": 1.44
        },
        "2011": {
            "cash": 2,
            "stock": 1,
            "eps": 0.62
        },
        "2012": {
            "cash": 0,
            "stock": 0,
            "eps": 0.17
        },
        "2013": {
            "cash": 0,
            "stock": 0,
            "eps": 0.8
        },
        "2014": {
            "cash": 1,
            "stock": 0,
            "eps": 0.48
        },
        "2015": {
            "cash": 0,
            "stock": 0,
            "eps": 0.37
        },
        "2016": {
            "cash": 0,
            "stock": 0,
            "eps": 0.68
        },
        "2017": {
            "cash": 0,
            "stock": 0,
            "eps": 0.38
        },
        "2018": {
            "cash": 1,
            "stock": 0,
            "eps": 0.93
        },
        "2019": {
            "cash": 0,
            "stock": 0,
            "eps": 0.33
        },
        "2020": {
            "cash": 0,
            "stock": 0,
            "eps": 0.58
        },
        "2021": {
            "cash": 1,
            "stock": 0,
            "eps": 1.18
        },
        "2022": {
            "cash": 1,
            "stock": 0,
            "eps": 1.41
        },
        "2023": {
            "cash": 1,
            "stock": 0,
            "eps": 0.19
        }
    },
    "dividends": {
        "1991-06-20": {
            "cash": 0,
            "stock": 3.4
        },
        "1992-06-08": {
            "cash": 0,
            "stock": 3
        },
        "1994-05-26": {
            "cash": 0.96,
            "stock": 2
        },
        "2000-06-16": {
            "cash": 0.26,
            "stock": 0.74
        },
        "2001-06-22": {
            "cash": 0.2,
            "stock": 0.2
        },
        "2003-03-14": {
            "cash": 0,
            "stock": 0.3
        },
        "2004-03-12": {
            "cash": 0.3,
            "stock": 0
        },
        "2005-03-14": {
            "cash": 0.4,
            "stock": 0
        },
        "2006-03-24": {
            "cash": 0.12,
            "stock": 0
        },
        "2007-03-19": {
            "cash": 0.55,
            "stock": 0
        },
        "2008-03-17": {
            "cash": 0.8,
            "stock": 0
        },
        "2009-03-16": {
            "cash": 0.65,
            "stock": 0
        },
        "2010-03-30": {
            "cash": 0.7,
            "stock": 0
        },
        "2011-01-01": {
            "cash": 0.55,
            "stock": 0
        },
        "2011-03-23": {
            "cash": 0.8,
            "stock": 0.5
        },
        "2013-03-27": {
            "cash": 0.15,
            "stock": 0
        },
        "2014-06-13": {
            "cash": 0.65,
            "stock": 0
        },
        "2015-08-20": {
            "cash": 0.45,
            "stock": 0
        },
        "2016-08-26": {
            "cash": 0.32,
            "stock": 0
        },
        "2017-08-16": {
            "cash": 0.38,
            "stock": 0
        },
        "2018-08-13": {
            "cash": 0.5,
            "stock": 0
        },
        "2019-08-16": {
            "cash": 0.47,
            "stock": 0
        },
        "2021-09-24": {
            "cash": 0.53,
            "stock": 0
        },
        "2022-07-27": {
            "cash": 1,
            "stock": 0
        },
        "2023-03-07": {
            "cash": 1.48,
            "stock": 0
        }
    },
    "prices": {
        "200101": "5.78",
        "200102": "6.29",
        "200103": "6.92",
        "200104": "6.63",
        "200105": "5.21",
        "200106": "5.22",
        "200107": "4.65",
        "200108": "4.45",
        "200109": "4.06",
        "200110": "3.79",
        "200111": "3.81",
        "200112": "4.03",
        "200201": "4.13",
        "200202": "4.13",
        "200203": "5.20",
        "200204": "7.66",
        "200205": "6.82",
        "200206": "7.37",
        "200207": "7.30",
        "200208": "7.27",
        "200209": "5.44",
        "200210": "5.70",
        "200211": "7.79",
        "200212": "9.52",
        "200301": "11.07",
        "200302": "10.52",
        "200303": "9.04",
        "200304": "9.17",
        "200305": "8.79",
        "200306": "9.38",
        "200307": "9.42",
        "200308": "10.29",
        "200309": "9.34",
        "200310": "9.72",
        "200311": "9.84",
        "200312": "9.32",
        "200401": "9.66",
        "200402": "11.50",
        "200403": "12.17",
        "200404": "11.37",
        "200405": "9.61",
        "200406": "9.57",
        "200407": "9.35",
        "200408": "8.46",
        "200409": "9.25",
        "200410": "9.37",
        "200411": "9.09",
        "200412": "9.25",
        "200501": "9.30",
        "200502": "9.06",
        "200503": "8.63",
        "200504": "7.91",
        "200505": "7.90",
        "200506": "8.33",
        "200507": "8.15",
        "200508": "7.77",
        "200509": "7.02",
        "200510": "6.35",
        "200511": "6.07",
        "200512": "6.51",
        "200601": "6.77",
        "200602": "6.63",
        "200603": "6.14",
        "200604": "6.69",
        "200605": "7.44",
        "200606": "7.13",
        "200607": "7.57",
        "200608": "8.13",
        "200609": "8.50",
        "200610": "9.19",
        "200611": "9.99",
        "200612": "12.61",
        "200701": "13.24",
        "200702": "12.77",
        "200703": "11.99",
        "200704": "13.08",
        "200705": "12.64",
        "200706": "13.09",
        "200707": "15.31",
        "200708": "17.78",
        "200709": "18.05",
        "200710": "16.96",
        "200711": "13.41",
        "200712": "13.01",
        "200801": "13.27",
        "200802": "13.25",
        "200803": "15.07",
        "200804": "16.45",
        "200805": "17.82",
        "200806": "15.53",
        "200807": "14.33",
        "200808": "14.03",
        "200809": "12.15",
        "200810": "11.27",
        "200811": "10.70",
        "200812": "9.85",
        "200901": "9.63",
        "200902": "9.96",
        "200903": "10.66",
        "200904": "12.07",
        "200905": "12.48",
        "200906": "12.52",
        "200907": "12.55",
        "200908": "11.94",
        "200909": "11.70",
        "200910": "11.88",
        "200911": "11.90",
        "200912": "11.98",
        "201001": "12.33",
        "201002": "11.42",
        "201003": "12.07",
        "201004": "12.63",
        "201005": "13.12",
        "201006": "13.46",
        "201007": "14.49",
        "201008": "15.13",
        "201009": "15.57",
        "201010": "16.24",
        "201011": "15.84",
        "201012": "15.96",
        "201101": "15.92",
        "201102": "15.40",
        "201103": "15.36",
        "201104": "17.02",
        "201105": "17.22",
        "201106": "16.75",
        "201107": "18.41",
        "201108": "17.76",
        "201109": "15.80",
        "201110": "15.11",
        "201111": "14.45",
        "201112": "13.88",
        "201201": "14.17",
        "201202": "16.12",
        "201203": "16.02",
        "201204": "15.10",
        "201205": "15.46",
        "201206": "14.92",
        "201207": "16.39",
        "201208": "17.45",
        "201209": "16.87",
        "201210": "17.07",
        "201211": "16.51",
        "201212": "16.78",
        "201301": "17.18",
        "201302": "17.40",
        "201303": "18.23",
        "201304": "20.67",
        "201305": "23.25",
        "201306": "25.54",
        "201307": "26.61",
        "201308": "26.07",
        "201309": "27.26",
        "201310": "30.54",
        "201311": "30.84",
        "201312": "30.78",
        "201401": "29.53",
        "201402": "30.74",
        "201403": "32.70",
        "201404": "33.61",
        "201405": "31.26",
        "201406": "31.09",
        "201407": "28.05",
        "201408": "23.81",
        "201409": "22.29",
        "201410": "18.54",
        "201411": "17.12",
        "201412": "19.19",
        "201501": "19.80",
        "201502": "21.45",
        "201503": "22.76",
        "201504": "22.30",
        "201505": "22.19",
        "201506": "19.52",
        "201507": "17.63",
        "201508": "15.44",
        "201509": "15.57",
        "201510": "16.35",
        "201511": "15.38",
        "201512": "15.23",
        "201601": "14.60",
        "201602": "14.98",
        "201603": "15.44",
        "201604": "15.44",
        "201605": "14.96",
        "201606": "14.73",
        "201607": "14.40",
        "201608": "14.36",
        "201609": "13.99",
        "201610": "13.80",
        "201611": "13.50",
        "201612": "13.93",
        "201701": "14.08",
        "201702": "15.18",
        "201703": "15.50",
        "201704": "15.03",
        "201705": "14.35",
        "201706": "14.51",
        "201707": "14.41",
        "201708": "14.19",
        "201709": "13.97",
        "201710": "13.86",
        "201711": "13.61",
        "201712": "13.68",
        "201801": "13.97",
        "201802": "13.38",
        "201803": "13.22",
        "201804": "12.94",
        "201805": "12.65",
        "201806": "12.73",
        "201807": "12.30",
        "201808": "13.24",
        "201809": "13.81",
        "201810": "13.59",
        "201811": "12.68",
        "201812": "12.31",
        "201901": "12.60",
        "201902": "13.31",
        "201903": "13.05",
        "201904": "12.71",
        "201905": "12.47",
        "201906": "12.60",
        "201907": "12.85",
        "201908": "12.21",
        "201909": "12.06",
        "201910": "12.01",
        "201911": "11.99",
        "201912": "11.79",
        "202001": "11.45",
        "202002": "10.79",
        "202003": "9.08",
        "202004": "8.63",
        "202005": "8.73",
        "202006": "9.14",
        "202007": "9.45",
        "202008": "9.32",
        "202009": "10.15",
        "202010": "10.15",
        "202011": "10.80",
        "202012": "11.49",
        "202101": "10.90",
        "202102": "10.70",
        "202103": "11.48",
        "202104": "14.17",
        "202105": "13.60",
        "202106": "14.16",
        "202107": "15.36",
        "202108": "14.28",
        "202109": "13.81",
        "202110": "13.22",
        "202111": "13.27",
        "202112": "13.62",
        "202201": "14.33",
        "202202": "14.66",
        "202203": "16.28",
        "202204": "16.93",
        "202205": "15.97",
        "202206": "16.01",
        "202207": "14.79",
        "202208": "18.90",
        "202209": "19.56",
        "202210": "17.23",
        "202211": "17.08",
        "202212": "17.32",
        "202301": "17.20",
        "202302": "17.64",
        "202303": "18.85",
        "202304": "20.21",
        "202305": "19.90"
    },
    "quarters": {
        "20011": {
            "year_quarter": 20011,
            "year": 2001,
            "quarter": 1,
            "eps": -0.11,
            "eps_growth_year": -150,
            "eps_4q": -0.06,
            "eps_4q_growth_year": -111.55,
            "roe": -0.94,
            "roe_4q": -0.94,
            "gross_profit": 327920,
            "gross_margin": 12.39,
            "gross_margin_4q_avg": 12.39,
            "net_income": -164532,
            "revenue": 2646402,
            "common_shares": 15046087,
            "book_valuer_per_share": 11.34,
            "book_valuer_per_share_4q_avg": 11.34,
            "equity": 17061562,
            "current_ratio": 83.38,
            "debt_ratio": 51.98,
            "inventory_turnover_ratio": 0.69,
            "account_receivable_turnover_ratio": null,
            "reinvestment_rate": null,
            "research_to_sale_ratio": null,
            "price_fair": 0,
            "eps_avg_yearly": 0,
            "eps_latest_yearly": 0,
            "eps_growth_yearly": 0
        },
        "20012": {
            "year_quarter": 20012,
            "year": 2001,
            "quarter": 2,
            "eps": 0.12,
            "eps_growth_year": null,
            "eps_4q": 0.08,
            "eps_4q_growth_year": -75.37,
            "roe": 1.02,
            "roe_4q": 0.08000000000000007,
            "gross_profit": 665594,
            "gross_margin": 18.06,
            "gross_margin_4q_avg": 15.23,
            "net_income": 173315,
            "revenue": 3686417,
            "common_shares": 15046087,
            "book_valuer_per_share": 11.24,
            "book_valuer_per_share_4q_avg": 11.29,
            "equity": 16910276,
            "current_ratio": 69.89,
            "debt_ratio": 53.05,
            "inventory_turnover_ratio": 1.15,
            "account_receivable_turnover_ratio": null,
            "reinvestment_rate": null,
            "research_to_sale_ratio": null,
            "price_fair": 0,
            "eps_avg_yearly": 0,
            "eps_latest_yearly": 0,
            "eps_growth_yearly": 0
        },
        "20013": {
            "year_quarter": 20013,
            "year": 2001,
            "quarter": 3,
            "eps": -0.18,
            "eps_growth_year": null,
            "eps_4q": 0,
            "eps_4q_growth_year": -98.31,
            "roe": -1.59,
            "roe_4q": -1.51,
            "gross_profit": 503630,
            "gross_margin": 14.74,
            "gross_margin_4q_avg": 15.06,
            "net_income": -266412,
            "revenue": 3417413,
            "common_shares": 15046087,
            "book_valuer_per_share": 11.06,
            "book_valuer_per_share_4q_avg": 11.21,
            "equity": 16642415,
            "current_ratio": 78.19,
            "debt_ratio": 54.85,
            "inventory_turnover_ratio": 1.24,
            "account_receivable_turnover_ratio": null,
            "reinvestment_rate": null,
            "research_to_sale_ratio": null,
            "price_fair": 0,
            "eps_avg_yearly": 0,
            "eps_latest_yearly": 0,
            "eps_growth_yearly": 0
        },
        "20014": {
            "year_quarter": 20014,
            "year": 2001,
            "quarter": 4,
            "eps": -0.09,
            "eps_growth_year": -152.94,
            "eps_4q": -0.21,
            "eps_4q_growth_year": -183.27,
            "roe": -0.8,
            "roe_4q": -2.31,
            "gross_profit": 403894,
            "gross_margin": 13.95,
            "gross_margin_4q_avg": 14.79,
            "net_income": -134689,
            "revenue": 2894451,
            "common_shares": 15347009,
            "book_valuer_per_share": 10.75,
            "book_valuer_per_share_4q_avg": 11.1,
            "equity": 16990264,
            "current_ratio": 45.37,
            "debt_ratio": 61.38,
            "inventory_turnover_ratio": 0.89,
            "account_receivable_turnover_ratio": null,
            "reinvestment_rate": null,
            "research_to_sale_ratio": null,
            "price_fair": 0,
            "eps_avg_yearly": 0,
            "eps_latest_yearly": 0,
            "eps_growth_yearly": 0
        },
        "20021": {
            "year_quarter": 20021,
            "year": 2002,
            "quarter": 1,
            "eps": -0.01,
            "eps_growth_year": null,
            "eps_4q": -0.24,
            "eps_4q_growth_year": null,
            "roe": -0.06,
            "roe_4q": -1.4300000000000002,
            "gross_profit": 378814,
            "gross_margin": 12.11,
            "gross_margin_4q_avg": 14.72,
            "net_income": -9815,
            "revenue": 3127527,
            "common_shares": 15347009,
            "book_valuer_per_share": 10.71,
            "book_valuer_per_share_4q_avg": 10.94,
            "equity": 16439544,
            "current_ratio": 66.61,
            "debt_ratio": 51.72,
            "inventory_turnover_ratio": 1.1,
            "account_receivable_turnover_ratio": null,
            "reinvestment_rate": null,
            "research_to_sale_ratio": null,
            "price_fair": 0,
            "eps_avg_yearly": 0,
            "eps_latest_yearly": 0,
            "eps_growth_yearly": 0
        },
        "20022": {
            "year_quarter": 20022,
            "year": 2002,
            "quarter": 2,
            "eps": -0.16,
            "eps_growth_year": -233.33,
            "eps_4q": -0.42,
            "eps_4q_growth_year": -661.21,
            "roe": -1.47,
            "roe_4q": -3.92,
            "gross_profit": 425760,
            "gross_margin": 12.81,
            "gross_margin_4q_avg": 13.4,
            "net_income": -239990,
            "revenue": 3323060,
            "common_shares": 15347009,
            "book_valuer_per_share": 10.53,
            "book_valuer_per_share_4q_avg": 10.76,
            "equity": 16160208,
            "current_ratio": 63.29,
            "debt_ratio": 52.28,
            "inventory_turnover_ratio": 1.88,
            "account_receivable_turnover_ratio": null,
            "reinvestment_rate": null,
            "research_to_sale_ratio": null,
            "price_fair": 0,
            "eps_avg_yearly": 0,
            "eps_latest_yearly": 0,
            "eps_growth_yearly": 0
        },
        "20023": {
            "year_quarter": 20023,
            "year": 2002,
            "quarter": 3,
            "eps": 0.17,
            "eps_growth_year": null,
            "eps_4q": -0.08,
            "eps_4q_growth_year": -2390.36,
            "roe": 1.6,
            "roe_4q": -0.73,
            "gross_profit": 620574,
            "gross_margin": 16.55,
            "gross_margin_4q_avg": 13.86,
            "net_income": 260928,
            "revenue": 3748585,
            "common_shares": 15347009,
            "book_valuer_per_share": 10.67,
            "book_valuer_per_share_4q_avg": 10.67,
            "equity": 16377506,
            "current_ratio": 60.69,
            "debt_ratio": 52.92,
            "inventory_turnover_ratio": 1.87,
            "account_receivable_turnover_ratio": null,
            "reinvestment_rate": null,
            "research_to_sale_ratio": null,
            "price_fair": 0,
            "eps_avg_yearly": 0,
            "eps_latest_yearly": 0,
            "eps_growth_yearly": 0
        },
        "20024": {
            "year_quarter": 20024,
            "year": 2002,
            "quarter": 4,
            "eps": 0.1,
            "eps_growth_year": null,
            "eps_4q": 0.11,
            "eps_4q_growth_year": null,
            "roe": 0.91,
            "roe_4q": 0.9800000000000002,
            "gross_profit": 500833,
            "gross_margin": 12.85,
            "gross_margin_4q_avg": 13.58,
            "net_income": 152294,
            "revenue": 3896058,
            "common_shares": 15347009,
            "book_valuer_per_share": 10.78,
            "book_valuer_per_share_4q_avg": 10.67,
            "equity": 17057703,
            "current_ratio": 40.37,
            "debt_ratio": 59.15,
            "inventory_turnover_ratio": 1.43,
            "account_receivable_turnover_ratio": null,
            "reinvestment_rate": 403.11,
            "research_to_sale_ratio": null,
            "price_fair": 1.2,
            "eps_avg_yearly": 0.4,
            "eps_latest_yearly": 0.4,
            "eps_growth_yearly": -164.71
        },
        "20031": {
            "year_quarter": 20031,
            "year": 2003,
            "quarter": 1,
            "eps": 0.14,
            "eps_growth_year": null,
            "eps_4q": 0.25,
            "eps_4q_growth_year": null,
            "roe": 1.3,
            "roe_4q": 2.34,
            "gross_profit": 653421,
            "gross_margin": 14.95,
            "gross_margin_4q_avg": 14.29,
            "net_income": 219285,
            "revenue": 4369899,
            "common_shares": 15347009,
            "book_valuer_per_share": 10.92,
            "book_valuer_per_share_4q_avg": 10.73,
            "equity": 16761607,
            "current_ratio": 75.67,
            "debt_ratio": 49.72,
            "inventory_turnover_ratio": 1.51,
            "account_receivable_turnover_ratio": null,
            "reinvestment_rate": 116.45,
            "research_to_sale_ratio": null,
            "price_fair": 1.44,
            "eps_avg_yearly": 0.48,
            "eps_latest_yearly": 0.56,
            "eps_growth_yearly": -2.35
        },
        "20032": {
            "year_quarter": 20032,
            "year": 2003,
            "quarter": 2,
            "eps": 0.06,
            "eps_growth_year": null,
            "eps_4q": 0.47,
            "eps_4q_growth_year": null,
            "roe": 0.54,
            "roe_4q": 4.35,
            "gross_profit": 502672,
            "gross_margin": 13.25,
            "gross_margin_4q_avg": 14.4,
            "net_income": 91499,
            "revenue": 3792722,
            "common_shares": 15347009,
            "book_valuer_per_share": 10.98,
            "book_valuer_per_share_4q_avg": 10.84,
            "equity": 16855399,
            "current_ratio": 80.97,
            "debt_ratio": 48.68,
            "inventory_turnover_ratio": 1.53,
            "account_receivable_turnover_ratio": null,
            "reinvestment_rate": -155.35,
            "research_to_sale_ratio": null,
            "price_fair": 1.2,
            "eps_avg_yearly": 0.4,
            "eps_latest_yearly": 0.24,
            "eps_growth_yearly": -77.76
        },
        "20033": {
            "year_quarter": 20033,
            "year": 2003,
            "quarter": 3,
            "eps": 0.07,
            "eps_growth_year": -58.82,
            "eps_4q": 0.37,
            "eps_4q_growth_year": null,
            "roe": 0.64,
            "roe_4q": 3.3900000000000006,
            "gross_profit": 551227,
            "gross_margin": 12.45,
            "gross_margin_4q_avg": 13.38,
            "net_income": 107929,
            "revenue": 4425828,
            "common_shares": 15347009,
            "book_valuer_per_share": 11.06,
            "book_valuer_per_share_4q_avg": 10.94,
            "equity": 16978232,
            "current_ratio": 84.65,
            "debt_ratio": 48.7,
            "inventory_turnover_ratio": 1.56,
            "account_receivable_turnover_ratio": null,
            "reinvestment_rate": -145.01,
            "research_to_sale_ratio": null,
            "price_fair": 1.11,
            "eps_avg_yearly": 0.37,
            "eps_latest_yearly": 0.28,
            "eps_growth_yearly": -41.65
        },
        "20034": {
            "year_quarter": 20034,
            "year": 2003,
            "quarter": 4,
            "eps": 0.1,
            "eps_growth_year": 0,
            "eps_4q": 0.36,
            "eps_4q_growth_year": 239.29,
            "roe": 0.92,
            "roe_4q": 3.4000000000000004,
            "gross_profit": 665862,
            "gross_margin": 14.32,
            "gross_margin_4q_avg": 13.74,
            "net_income": 158563,
            "revenue": 4650129,
            "common_shares": 15807419,
            "book_valuer_per_share": 10.82,
            "book_valuer_per_share_4q_avg": 10.95,
            "equity": 17659112,
            "current_ratio": 50.15,
            "debt_ratio": 57.15,
            "inventory_turnover_ratio": 1.34,
            "account_receivable_turnover_ratio": null,
            "reinvestment_rate": -225.27,
            "research_to_sale_ratio": null,
            "price_fair": 3.76,
            "eps_avg_yearly": 0.38,
            "eps_latest_yearly": 0.4,
            "eps_growth_yearly": 0.96
        },
        "20041": {
            "year_quarter": 20041,
            "year": 2004,
            "quarter": 1,
            "eps": 0.15,
            "eps_growth_year": 7.14,
            "eps_4q": 0.38,
            "eps_4q_growth_year": 52.85,
            "roe": 1.32,
            "roe_4q": 3.4200000000000004,
            "gross_profit": 604543,
            "gross_margin": 14.11,
            "gross_margin_4q_avg": 13.53,
            "net_income": 230433,
            "revenue": 4283063,
            "common_shares": 15807419,
            "book_valuer_per_share": 10.98,
            "book_valuer_per_share_4q_avg": 10.96,
            "equity": 17355703,
            "current_ratio": 71.85,
            "debt_ratio": 45.57,
            "inventory_turnover_ratio": 1.36,
            "account_receivable_turnover_ratio": null,
            "reinvestment_rate": -197.98,
            "research_to_sale_ratio": null,
            "price_fair": 14.47,
            "eps_avg_yearly": 0.41,
            "eps_latest_yearly": 0.6,
            "eps_growth_yearly": 34.14
        },
        "20042": {
            "year_quarter": 20042,
            "year": 2004,
            "quarter": 2,
            "eps": 0.2,
            "eps_growth_year": 233.33,
            "eps_4q": 0.52,
            "eps_4q_growth_year": 9.24,
            "roe": 1.81,
            "roe_4q": 4.6899999999999995,
            "gross_profit": 726141,
            "gross_margin": 15.14,
            "gross_margin_4q_avg": 14.01,
            "net_income": 311933,
            "revenue": 4796689,
            "common_shares": 15807419,
            "book_valuer_per_share": 10.85,
            "book_valuer_per_share_4q_avg": 10.93,
            "equity": 17144119,
            "current_ratio": 70.1,
            "debt_ratio": 45.16,
            "inventory_turnover_ratio": 1.95,
            "account_receivable_turnover_ratio": null,
            "reinvestment_rate": -207.37,
            "research_to_sale_ratio": null,
            "price_fair": 16.4,
            "eps_avg_yearly": 0.47,
            "eps_latest_yearly": 0.8,
            "eps_growth_yearly": 48.31
        },
        "20043": {
            "year_quarter": 20043,
            "year": 2004,
            "quarter": 3,
            "eps": 0.04,
            "eps_growth_year": -42.86,
            "eps_4q": 0.49,
            "eps_4q_growth_year": 31.92,
            "roe": 0.36,
            "roe_4q": 4.41,
            "gross_profit": 553257,
            "gross_margin": 11.27,
            "gross_margin_4q_avg": 13.71,
            "net_income": 62507,
            "revenue": 4907809,
            "common_shares": 15807419,
            "book_valuer_per_share": 10.88,
            "book_valuer_per_share_4q_avg": 10.88,
            "equity": 17203668,
            "current_ratio": 85.96,
            "debt_ratio": 45.62,
            "inventory_turnover_ratio": 1.98,
            "account_receivable_turnover_ratio": null,
            "reinvestment_rate": -233.15,
            "research_to_sale_ratio": null,
            "price_fair": 5.28,
            "eps_avg_yearly": 0.43,
            "eps_latest_yearly": 0.16,
            "eps_growth_yearly": 2.27
        },
        "20044": {
            "year_quarter": 20044,
            "year": 2004,
            "quarter": 4,
            "eps": 0.15,
            "eps_growth_year": 50,
            "eps_4q": 0.53,
            "eps_4q_growth_year": 46.75,
            "roe": 1.34,
            "roe_4q": 4.83,
            "gross_profit": 649130,
            "gross_margin": 12.58,
            "gross_margin_4q_avg": 13.28,
            "net_income": 236110,
            "revenue": 5160445,
            "common_shares": 15807419,
            "book_valuer_per_share": 11.02,
            "book_valuer_per_share_4q_avg": 10.93,
            "equity": 17986952,
            "current_ratio": 64.69,
            "debt_ratio": 53.25,
            "inventory_turnover_ratio": 1.63,
            "account_receivable_turnover_ratio": null,
            "reinvestment_rate": -345.55,
            "research_to_sale_ratio": null,
            "price_fair": 15.71,
            "eps_avg_yearly": 0.45,
            "eps_latest_yearly": 0.6,
            "eps_growth_yearly": 124.24
        },
        "20051": {
            "year_quarter": 20051,
            "year": 2005,
            "quarter": 1,
            "eps": 0.13,
            "eps_growth_year": -13.33,
            "eps_4q": 0.52,
            "eps_4q_growth_year": 37.02,
            "roe": 1.13,
            "roe_4q": 4.64,
            "gross_profit": 575341,
            "gross_margin": 11.58,
            "gross_margin_4q_avg": 12.64,
            "net_income": 201032,
            "revenue": 4968781,
            "common_shares": 15807419,
            "book_valuer_per_share": 11.14,
            "book_valuer_per_share_4q_avg": 10.97,
            "equity": 17612802,
            "current_ratio": 105.97,
            "debt_ratio": 42.28,
            "inventory_turnover_ratio": 1.53,
            "account_receivable_turnover_ratio": null,
            "reinvestment_rate": -248.43,
            "research_to_sale_ratio": null,
            "price_fair": 15.96,
            "eps_avg_yearly": 0.46,
            "eps_latest_yearly": 0.52,
            "eps_growth_yearly": 106.48
        },
        "20052": {
            "year_quarter": 20052,
            "year": 2005,
            "quarter": 2,
            "eps": 0.1,
            "eps_growth_year": -50,
            "eps_4q": 0.43,
            "eps_4q_growth_year": -16.71,
            "roe": 0.87,
            "roe_4q": 3.6999999999999997,
            "gross_profit": 516278,
            "gross_margin": 11.61,
            "gross_margin_4q_avg": 11.76,
            "net_income": 150513,
            "revenue": 4446503,
            "common_shares": 15807419,
            "book_valuer_per_share": 10.8,
            "book_valuer_per_share_4q_avg": 10.96,
            "equity": 17077302,
            "current_ratio": 94.4,
            "debt_ratio": 43.66,
            "inventory_turnover_ratio": 1.45,
            "account_receivable_turnover_ratio": null,
            "reinvestment_rate": -279.76,
            "research_to_sale_ratio": null,
            "price_fair": 15.78,
            "eps_avg_yearly": 0.45,
            "eps_latest_yearly": 0.4,
            "eps_growth_yearly": 88.41
        },
        "20053": {
            "year_quarter": 20053,
            "year": 2005,
            "quarter": 3,
            "eps": 0.01,
            "eps_growth_year": -75,
            "eps_4q": 0.38,
            "eps_4q_growth_year": -21.97,
            "roe": 0.09,
            "roe_4q": 3.4299999999999997,
            "gross_profit": 249529,
            "gross_margin": 7.03,
            "gross_margin_4q_avg": 10.7,
            "net_income": 14928,
            "revenue": 3551227,
            "common_shares": 15807419,
            "book_valuer_per_share": 10.83,
            "book_valuer_per_share_4q_avg": 10.95,
            "equity": 17114226,
            "current_ratio": 98.15,
            "debt_ratio": 44.23,
            "inventory_turnover_ratio": 1.06,
            "account_receivable_turnover_ratio": null,
            "reinvestment_rate": -251.89,
            "research_to_sale_ratio": null,
            "price_fair": 14.58,
            "eps_avg_yearly": 0.42,
            "eps_latest_yearly": 0.04,
            "eps_growth_yearly": 51.04
        },
        "20054": {
            "year_quarter": 20054,
            "year": 2005,
            "quarter": 4,
            "eps": -0.19,
            "eps_growth_year": -226.67,
            "eps_4q": 0.04,
            "eps_4q_growth_year": -92.23,
            "roe": -1.71,
            "roe_4q": 0.38,
            "gross_profit": 331018,
            "gross_margin": 8.49,
            "gross_margin_4q_avg": 9.68,
            "net_income": -293331,
            "revenue": 3900536,
            "common_shares": 15807419,
            "book_valuer_per_share": 10.68,
            "book_valuer_per_share_4q_avg": 10.86,
            "equity": 17240584,
            "current_ratio": 87.76,
            "debt_ratio": 56.68,
            "inventory_turnover_ratio": 0.89,
            "account_receivable_turnover_ratio": null,
            "reinvestment_rate": -241.56,
            "research_to_sale_ratio": null,
            "price_fair": 14.58,
            "eps_avg_yearly": 0.42,
            "eps_latest_yearly": 0.04,
            "eps_growth_yearly": 51.04
        },
        "20061": {
            "year_quarter": 20061,
            "year": 2006,
            "quarter": 1,
            "eps": 0.02,
            "eps_growth_year": -84.62,
            "eps_4q": -0.06,
            "eps_4q_growth_year": -110.49,
            "roe": 0.2,
            "roe_4q": -0.5499999999999999,
            "gross_profit": 237670,
            "gross_margin": 5.98,
            "gross_margin_4q_avg": 8.28,
            "net_income": 34084,
            "revenue": 3977037,
            "common_shares": 15639480,
            "book_valuer_per_share": 10.76,
            "book_valuer_per_share_4q_avg": 10.77,
            "equity": 16829870,
            "current_ratio": 168.82,
            "debt_ratio": 42.54,
            "inventory_turnover_ratio": 1.08,
            "account_receivable_turnover_ratio": null,
            "reinvestment_rate": -284.39,
            "research_to_sale_ratio": null,
            "price_fair": 14.58,
            "eps_avg_yearly": 0.42,
            "eps_latest_yearly": 0.04,
            "eps_growth_yearly": 51.04
        },
        "20062": {
            "year_quarter": 20062,
            "year": 2006,
            "quarter": 2,
            "eps": 0.17,
            "eps_growth_year": 70,
            "eps_4q": 0.02,
            "eps_4q_growth_year": -95.74,
            "roe": 1.63,
            "roe_4q": 0.20999999999999988,
            "gross_profit": 686401,
            "gross_margin": 13.77,
            "gross_margin_4q_avg": 8.82,
            "net_income": 273936,
            "revenue": 4985947,
            "common_shares": 15639479,
            "book_valuer_per_share": 10.78,
            "book_valuer_per_share_4q_avg": 10.76,
            "equity": 16863867,
            "current_ratio": 99.74,
            "debt_ratio": 41.4,
            "inventory_turnover_ratio": 1.98,
            "account_receivable_turnover_ratio": null,
            "reinvestment_rate": -213.92,
            "research_to_sale_ratio": null,
            "price_fair": 15.29,
            "eps_avg_yearly": 0.44,
            "eps_latest_yearly": 0.68,
            "eps_growth_yearly": 277.89
        },
        "20063": {
            "year_quarter": 20063,
            "year": 2006,
            "quarter": 3,
            "eps": 0.28,
            "eps_growth_year": 2700,
            "eps_4q": 0.29,
            "eps_4q_growth_year": -24.02,
            "roe": 2.53,
            "roe_4q": 2.6500000000000004,
            "gross_profit": 803174,
            "gross_margin": 14.44,
            "gross_margin_4q_avg": 10.67,
            "net_income": 427174,
            "revenue": 5561343,
            "common_shares": 15339479,
            "book_valuer_per_share": 11.06,
            "book_valuer_per_share_4q_avg": 10.82,
            "equity": 16960254,
            "current_ratio": 106,
            "debt_ratio": 42.52,
            "inventory_turnover_ratio": 2.29,
            "account_receivable_turnover_ratio": null,
            "reinvestment_rate": -197.72,
            "research_to_sale_ratio": null,
            "price_fair": 17,
            "eps_avg_yearly": 0.49,
            "eps_latest_yearly": 1.12,
            "eps_growth_yearly": 276.52
        },
        "20064": {
            "year_quarter": 20064,
            "year": 2006,
            "quarter": 4,
            "eps": 0.17,
            "eps_growth_year": null,
            "eps_4q": 0.66,
            "eps_4q_growth_year": 1485.42,
            "roe": 1.48,
            "roe_4q": 5.84,
            "gross_profit": 589507,
            "gross_margin": 10.43,
            "gross_margin_4q_avg": 11.16,
            "net_income": 255989,
            "revenue": 5654054,
            "common_shares": 15039479,
            "book_valuer_per_share": 11.38,
            "book_valuer_per_share_4q_avg": 11,
            "equity": 17544091,
            "current_ratio": 58.09,
            "debt_ratio": 54.01,
            "inventory_turnover_ratio": 1.74,
            "account_receivable_turnover_ratio": null,
            "reinvestment_rate": -138.13,
            "research_to_sale_ratio": null,
            "price_fair": 17.7,
            "eps_avg_yearly": 0.51,
            "eps_latest_yearly": 0.68,
            "eps_growth_yearly": 277.06
        },
        "20071": {
            "year_quarter": 20071,
            "year": 2007,
            "quarter": 1,
            "eps": 0.17,
            "eps_growth_year": 750,
            "eps_4q": 0.79,
            "eps_4q_growth_year": null,
            "roe": 1.49,
            "roe_4q": 7.13,
            "gross_profit": 538609,
            "gross_margin": 10.31,
            "gross_margin_4q_avg": 12.24,
            "net_income": 260574,
            "revenue": 5221890,
            "common_shares": 15039479,
            "book_valuer_per_share": 11.59,
            "book_valuer_per_share_4q_avg": 11.2,
            "equity": 17432262,
            "current_ratio": 83.36,
            "debt_ratio": 40.26,
            "inventory_turnover_ratio": 1.5,
            "account_receivable_turnover_ratio": null,
            "reinvestment_rate": -184.54,
            "research_to_sale_ratio": null,
            "price_fair": 18,
            "eps_avg_yearly": 0.51,
            "eps_latest_yearly": 0.68,
            "eps_growth_yearly": 265.64
        },
        "20072": {
            "year_quarter": 20072,
            "year": 2007,
            "quarter": 2,
            "eps": 0.3,
            "eps_growth_year": 76.47,
            "eps_4q": 0.93,
            "eps_4q_growth_year": 4963.63,
            "roe": 2.6,
            "roe_4q": 8.1,
            "gross_profit": 764262,
            "gross_margin": 13.07,
            "gross_margin_4q_avg": 12.06,
            "net_income": 448903,
            "revenue": 5848508,
            "common_shares": 15039479,
            "book_valuer_per_share": 11.33,
            "book_valuer_per_share_4q_avg": 11.34,
            "equity": 17037560,
            "current_ratio": 70.8,
            "debt_ratio": 40.61,
            "inventory_turnover_ratio": 2.03,
            "account_receivable_turnover_ratio": null,
            "reinvestment_rate": -160.41,
            "research_to_sale_ratio": null,
            "price_fair": 20.4,
            "eps_avg_yearly": 0.58,
            "eps_latest_yearly": 1.2,
            "eps_growth_yearly": 303.81
        },
        "20073": {
            "year_quarter": 20073,
            "year": 2007,
            "quarter": 3,
            "eps": 0.24,
            "eps_growth_year": -14.29,
            "eps_4q": 0.88,
            "eps_4q_growth_year": 203.23,
            "roe": 2.11,
            "roe_4q": 7.68,
            "gross_profit": 659891,
            "gross_margin": 11.3,
            "gross_margin_4q_avg": 11.28,
            "net_income": 363050,
            "revenue": 5837791,
            "common_shares": 15039479,
            "book_valuer_per_share": 11.6,
            "book_valuer_per_share_4q_avg": 11.48,
            "equity": 17441335,
            "current_ratio": 68.11,
            "debt_ratio": 40.95,
            "inventory_turnover_ratio": 2.01,
            "account_receivable_turnover_ratio": null,
            "reinvestment_rate": -146.28,
            "research_to_sale_ratio": null,
            "price_fair": 22.1,
            "eps_avg_yearly": 0.63,
            "eps_latest_yearly": 0.96,
            "eps_growth_yearly": 293.33
        },
        "20074": {
            "year_quarter": 20074,
            "year": 2007,
            "quarter": 4,
            "eps": 0.21,
            "eps_growth_year": 23.53,
            "eps_4q": 0.94,
            "eps_4q_growth_year": 42.42,
            "roe": 1.72,
            "roe_4q": 7.92,
            "gross_profit": 553844,
            "gross_margin": 9.58,
            "gross_margin_4q_avg": 11.07,
            "net_income": 309608,
            "revenue": 5780790,
            "common_shares": 15039479,
            "book_valuer_per_share": 11.88,
            "book_valuer_per_share_4q_avg": 11.6,
            "equity": 18454788,
            "current_ratio": 80.55,
            "debt_ratio": 53.49,
            "inventory_turnover_ratio": 1.45,
            "account_receivable_turnover_ratio": null,
            "reinvestment_rate": -80.59,
            "research_to_sale_ratio": null,
            "price_fair": 23.2,
            "eps_avg_yearly": 0.66,
            "eps_latest_yearly": 0.84,
            "eps_growth_yearly": 277.52
        },
        "20081": {
            "year_quarter": 20081,
            "year": 2008,
            "quarter": 1,
            "eps": 0.26,
            "eps_growth_year": 52.94,
            "eps_4q": 0.88,
            "eps_4q_growth_year": 10.97,
            "roe": 2.39,
            "roe_4q": 8.82,
            "gross_profit": 903494,
            "gross_margin": 13.51,
            "gross_margin_4q_avg": 11.87,
            "net_income": 445667,
            "revenue": 6687110,
            "common_shares": 15039479,
            "book_valuer_per_share": 12.16,
            "book_valuer_per_share_4q_avg": 11.74,
            "equity": 18915304,
            "current_ratio": 85.9,
            "debt_ratio": 51.39,
            "inventory_turnover_ratio": 1.34,
            "account_receivable_turnover_ratio": null,
            "reinvestment_rate": 104.53,
            "research_to_sale_ratio": null,
            "price_fair": 24.3,
            "eps_avg_yearly": 0.69,
            "eps_latest_yearly": 1.04,
            "eps_growth_yearly": 270.04
        },
        "20082": {
            "year_quarter": 20082,
            "year": 2008,
            "quarter": 2,
            "eps": 0.46,
            "eps_growth_year": 53.33,
            "eps_4q": 1.05,
            "eps_4q_growth_year": 13.01,
            "roe": 4.11,
            "roe_4q": 10.33,
            "gross_profit": 1392678,
            "gross_margin": 20.25,
            "gross_margin_4q_avg": 13.66,
            "net_income": 769754,
            "revenue": 6877334,
            "common_shares": 15039479,
            "book_valuer_per_share": 11.84,
            "book_valuer_per_share_4q_avg": 11.87,
            "equity": 18520443,
            "current_ratio": 78.8,
            "debt_ratio": 53.39,
            "inventory_turnover_ratio": 1.25,
            "account_receivable_turnover_ratio": null,
            "reinvestment_rate": 93.54,
            "research_to_sale_ratio": null,
            "price_fair": 26.9,
            "eps_avg_yearly": 0.77,
            "eps_latest_yearly": 1.84,
            "eps_growth_yearly": 282.49
        },
        "20083": {
            "year_quarter": 20083,
            "year": 2008,
            "quarter": 3,
            "eps": 0.43,
            "eps_growth_year": 79.17,
            "eps_4q": 1.28,
            "eps_4q_growth_year": 45.95,
            "roe": 3.63,
            "roe_4q": 11.850000000000001,
            "gross_profit": 1403992,
            "gross_margin": 18.93,
            "gross_margin_4q_avg": 15.57,
            "net_income": 687207,
            "revenue": 7415149,
            "common_shares": 15039479,
            "book_valuer_per_share": 12.33,
            "book_valuer_per_share_4q_avg": 12.05,
            "equity": 19340544,
            "current_ratio": 86.63,
            "debt_ratio": 54.34,
            "inventory_turnover_ratio": 1.08,
            "account_receivable_turnover_ratio": null,
            "reinvestment_rate": 91.4,
            "research_to_sale_ratio": null,
            "price_fair": 30.8,
            "eps_avg_yearly": 0.88,
            "eps_latest_yearly": 1.72,
            "eps_growth_yearly": 303.48
        },
        "20084": {
            "year_quarter": 20084,
            "year": 2008,
            "quarter": 4,
            "eps": -0.43,
            "eps_growth_year": -304.76,
            "eps_4q": 0.66,
            "eps_4q_growth_year": -29.84,
            "roe": -3.62,
            "roe_4q": 6.51,
            "gross_profit": -602237,
            "gross_margin": -10.85,
            "gross_margin_4q_avg": 10.46,
            "net_income": -688234,
            "revenue": 5551026,
            "common_shares": 15039479,
            "book_valuer_per_share": 11.95,
            "book_valuer_per_share_4q_avg": 12.07,
            "equity": 18729959,
            "current_ratio": 85.95,
            "debt_ratio": 53.32,
            "inventory_turnover_ratio": 1.06,
            "account_receivable_turnover_ratio": 4.87,
            "reinvestment_rate": -52,
            "research_to_sale_ratio": null,
            "price_fair": 31.55,
            "eps_avg_yearly": 0.9,
            "eps_latest_yearly": 1.72,
            "eps_growth_yearly": 242.21
        },
        "20091": {
            "year_quarter": 20091,
            "year": 2009,
            "quarter": 1,
            "eps": 0.13,
            "eps_growth_year": -50,
            "eps_4q": 0.68,
            "eps_4q_growth_year": -22.76,
            "roe": 0.91,
            "roe_4q": 5.03,
            "gross_profit": 677166,
            "gross_margin": 13.09,
            "gross_margin_4q_avg": 10.36,
            "net_income": 171115,
            "revenue": 5175018,
            "common_shares": 15039479,
            "book_valuer_per_share": 12.13,
            "book_valuer_per_share_4q_avg": 12.06,
            "equity": 19010220,
            "current_ratio": 81.17,
            "debt_ratio": 52.22,
            "inventory_turnover_ratio": 0.94,
            "account_receivable_turnover_ratio": 2.18,
            "reinvestment_rate": 130.6,
            "research_to_sale_ratio": null,
            "price_fair": 32.67,
            "eps_avg_yearly": 0.93,
            "eps_latest_yearly": 1.72,
            "eps_growth_yearly": 266.84
        },
        "20092": {
            "year_quarter": 20092,
            "year": 2009,
            "quarter": 2,
            "eps": 0.14,
            "eps_growth_year": -69.57,
            "eps_4q": 0.31,
            "eps_4q_growth_year": -70.31,
            "roe": 0.98,
            "roe_4q": 1.9,
            "gross_profit": 762655,
            "gross_margin": 13.05,
            "gross_margin_4q_avg": 8.56,
            "net_income": 181511,
            "revenue": 5842853,
            "common_shares": 15039479,
            "book_valuer_per_share": 11.61,
            "book_valuer_per_share_4q_avg": 12.01,
            "equity": 18181485,
            "current_ratio": 91.75,
            "debt_ratio": 51.43,
            "inventory_turnover_ratio": 1.28,
            "account_receivable_turnover_ratio": 2.37,
            "reinvestment_rate": 119.04,
            "research_to_sale_ratio": null,
            "price_fair": 33.13,
            "eps_avg_yearly": 0.95,
            "eps_latest_yearly": 0.56,
            "eps_growth_yearly": 277.1
        },
        "20093": {
            "year_quarter": 20093,
            "year": 2009,
            "quarter": 3,
            "eps": 0.26,
            "eps_growth_year": -39.53,
            "eps_4q": 0.09,
            "eps_4q_growth_year": -92.79,
            "roe": 2.31,
            "roe_4q": 0.5800000000000001,
            "gross_profit": 956824,
            "gross_margin": 18.15,
            "gross_margin_4q_avg": 8.36,
            "net_income": 424820,
            "revenue": 5271747,
            "common_shares": 15039479,
            "book_valuer_per_share": 11.83,
            "book_valuer_per_share_4q_avg": 11.88,
            "equity": 18523594,
            "current_ratio": 95.24,
            "debt_ratio": 50.07,
            "inventory_turnover_ratio": 1.29,
            "account_receivable_turnover_ratio": 2.13,
            "reinvestment_rate": 100.75,
            "research_to_sale_ratio": null,
            "price_fair": 36.05,
            "eps_avg_yearly": 1.03,
            "eps_latest_yearly": 1.04,
            "eps_growth_yearly": 335.67
        },
        "20094": {
            "year_quarter": 20094,
            "year": 2009,
            "quarter": 4,
            "eps": 0.21,
            "eps_growth_year": null,
            "eps_4q": 0.74,
            "eps_4q_growth_year": 12.8,
            "roe": 2.05,
            "roe_4q": 6.25,
            "gross_profit": 841213,
            "gross_margin": 12.73,
            "gross_margin_4q_avg": 14.26,
            "net_income": 383647,
            "revenue": 6608597,
            "common_shares": 15039479,
            "book_valuer_per_share": 12.01,
            "book_valuer_per_share_4q_avg": 11.9,
            "equity": 18850829,
            "current_ratio": 96.17,
            "debt_ratio": 48.15,
            "inventory_turnover_ratio": 1.69,
            "account_receivable_turnover_ratio": 5.8,
            "reinvestment_rate": 2.58,
            "research_to_sale_ratio": null,
            "price_fair": 35.54,
            "eps_avg_yearly": 1.02,
            "eps_latest_yearly": 0.84,
            "eps_growth_yearly": 303.93
        },
        "20101": {
            "year_quarter": 20101,
            "year": 2010,
            "quarter": 1,
            "eps": 0.49,
            "eps_growth_year": 276.92,
            "eps_4q": 1.1,
            "eps_4q_growth_year": 61.89,
            "roe": 4.03,
            "roe_4q": 9.370000000000001,
            "gross_profit": 1469507,
            "gross_margin": 22.02,
            "gross_margin_4q_avg": 16.49,
            "net_income": 775118,
            "revenue": 6672558,
            "common_shares": 15039479,
            "book_valuer_per_share": 12.49,
            "book_valuer_per_share_4q_avg": 11.99,
            "equity": 19605197,
            "current_ratio": 96.12,
            "debt_ratio": 46.6,
            "inventory_turnover_ratio": 1.37,
            "account_receivable_turnover_ratio": 2.54,
            "reinvestment_rate": 159.69,
            "research_to_sale_ratio": null,
            "price_fair": 37.9,
            "eps_avg_yearly": 1.08,
            "eps_latest_yearly": 1.96,
            "eps_growth_yearly": 320.32
        },
        "20102": {
            "year_quarter": 20102,
            "year": 2010,
            "quarter": 2,
            "eps": 0.45,
            "eps_growth_year": 221.9,
            "eps_4q": 1.42,
            "eps_4q_growth_year": 353.42,
            "roe": 3.68,
            "roe_4q": 12.070000000000002,
            "gross_profit": 1264153,
            "gross_margin": 19.36,
            "gross_margin_4q_avg": 18.07,
            "net_income": 715900,
            "revenue": 6531265,
            "common_shares": 15039479,
            "book_valuer_per_share": 12.24,
            "book_valuer_per_share_4q_avg": 12.14,
            "equity": 19290827,
            "current_ratio": 94.82,
            "debt_ratio": 48.18,
            "inventory_turnover_ratio": 1.2,
            "account_receivable_turnover_ratio": 2.08,
            "reinvestment_rate": 152.49,
            "research_to_sale_ratio": null,
            "price_fair": 40.7,
            "eps_avg_yearly": 1.16,
            "eps_latest_yearly": 1.8,
            "eps_growth_yearly": 103.7
        },
        "20103": {
            "year_quarter": 20103,
            "year": 2010,
            "quarter": 3,
            "eps": 0.39,
            "eps_growth_year": 50.55,
            "eps_4q": 1.54,
            "eps_4q_growth_year": 1568.3,
            "roe": 3.03,
            "roe_4q": 12.79,
            "gross_profit": 1090664,
            "gross_margin": 16.83,
            "gross_margin_4q_avg": 17.74,
            "net_income": 593208,
            "revenue": 6480902,
            "common_shares": 15039479,
            "book_valuer_per_share": 12.61,
            "book_valuer_per_share_4q_avg": 12.34,
            "equity": 19828608,
            "current_ratio": 108.41,
            "debt_ratio": 47.57,
            "inventory_turnover_ratio": 1.05,
            "account_receivable_turnover_ratio": 2,
            "reinvestment_rate": 146.82,
            "research_to_sale_ratio": null,
            "price_fair": 41.8,
            "eps_avg_yearly": 1.19,
            "eps_latest_yearly": 1.56,
            "eps_growth_yearly": 81.4
        },
        "20104": {
            "year_quarter": 20104,
            "year": 2010,
            "quarter": 4,
            "eps": 0.11,
            "eps_growth_year": -49.72,
            "eps_4q": 1.44,
            "eps_4q_growth_year": 93.46,
            "roe": 0.77,
            "roe_4q": 11.510000000000002,
            "gross_profit": 628614,
            "gross_margin": 9.23,
            "gross_margin_4q_avg": 16.86,
            "net_income": 151851,
            "revenue": 6813773,
            "common_shares": 15039479,
            "book_valuer_per_share": 12.56,
            "book_valuer_per_share_4q_avg": 12.48,
            "equity": 19712906,
            "current_ratio": 107.82,
            "debt_ratio": 46.77,
            "inventory_turnover_ratio": 1.14,
            "account_receivable_turnover_ratio": 2.07,
            "reinvestment_rate": -7.05,
            "research_to_sale_ratio": null,
            "price_fair": 41.2,
            "eps_avg_yearly": 1.18,
            "eps_latest_yearly": 0.44,
            "eps_growth_yearly": 72.11
        },
        "20111": {
            "year_quarter": 20111,
            "year": 2011,
            "quarter": 1,
            "eps": 0.19,
            "eps_growth_year": -61.22,
            "eps_4q": 1.14,
            "eps_4q_growth_year": 3.61,
            "roe": 1.43,
            "roe_4q": 8.91,
            "gross_profit": 701721,
            "gross_margin": 11.61,
            "gross_margin_4q_avg": 14.26,
            "net_income": 285301,
            "revenue": 6043500,
            "common_shares": 15039479,
            "book_valuer_per_share": 12.8,
            "book_valuer_per_share_4q_avg": 12.55,
            "equity": 20074307,
            "current_ratio": 100.01,
            "debt_ratio": 46.05,
            "inventory_turnover_ratio": 1.02,
            "account_receivable_turnover_ratio": 1.69,
            "reinvestment_rate": 139.29,
            "research_to_sale_ratio": null,
            "price_fair": 41.4,
            "eps_avg_yearly": 1.18,
            "eps_latest_yearly": 0.76,
            "eps_growth_yearly": 92.89
        },
        "20112": {
            "year_quarter": 20112,
            "year": 2011,
            "quarter": 2,
            "eps": 0.19,
            "eps_growth_year": -56.85,
            "eps_4q": 0.85,
            "eps_4q_growth_year": -39.75,
            "roe": 1.67,
            "roe_4q": 6.8999999999999995,
            "gross_profit": 757594,
            "gross_margin": 11.46,
            "gross_margin_4q_avg": 12.28,
            "net_income": 327475,
            "revenue": 6610788,
            "common_shares": 15039479,
            "book_valuer_per_share": 12.18,
            "book_valuer_per_share_4q_avg": 12.54,
            "equity": 19159986,
            "current_ratio": 98.39,
            "debt_ratio": 47.58,
            "inventory_turnover_ratio": 1.14,
            "account_receivable_turnover_ratio": 1.86,
            "reinvestment_rate": 144.3,
            "research_to_sale_ratio": null,
            "price_fair": 40.3,
            "eps_avg_yearly": 1.15,
            "eps_latest_yearly": 0.76,
            "eps_growth_yearly": 71.04
        },
        "20113": {
            "year_quarter": 20113,
            "year": 2011,
            "quarter": 3,
            "eps": 0.16,
            "eps_growth_year": -57.94,
            "eps_4q": 0.64,
            "eps_4q_growth_year": -58.2,
            "roe": 1.36,
            "roe_4q": 5.23,
            "gross_profit": 651512,
            "gross_margin": 9.44,
            "gross_margin_4q_avg": 10.44,
            "net_income": 264508,
            "revenue": 6900607,
            "common_shares": 15791453,
            "book_valuer_per_share": 11.98,
            "book_valuer_per_share_4q_avg": 12.38,
            "equity": 19827205,
            "current_ratio": 102.69,
            "debt_ratio": 48.71,
            "inventory_turnover_ratio": 1.12,
            "account_receivable_turnover_ratio": 2,
            "reinvestment_rate": 166.44,
            "research_to_sale_ratio": null,
            "price_fair": 39.5,
            "eps_avg_yearly": 1.13,
            "eps_latest_yearly": 0.64,
            "eps_growth_yearly": 72.25
        },
        "20114": {
            "year_quarter": 20114,
            "year": 2011,
            "quarter": 4,
            "eps": 0.08,
            "eps_growth_year": -25.12,
            "eps_4q": 0.62,
            "eps_4q_growth_year": -56.57,
            "roe": 0.61,
            "roe_4q": 5.07,
            "gross_profit": 541140,
            "gross_margin": 7.85,
            "gross_margin_4q_avg": 10.09,
            "net_income": 122574,
            "revenue": 6892446,
            "common_shares": 15791453,
            "book_valuer_per_share": 12.17,
            "book_valuer_per_share_4q_avg": 12.28,
            "equity": 20289625,
            "current_ratio": 154.79,
            "debt_ratio": 46.87,
            "inventory_turnover_ratio": 1.14,
            "account_receivable_turnover_ratio": 2.05,
            "reinvestment_rate": 13.44,
            "research_to_sale_ratio": null,
            "price_fair": 38.2,
            "eps_avg_yearly": 1.09,
            "eps_latest_yearly": 0.32,
            "eps_growth_yearly": 61.53
        },
        "20121": {
            "year_quarter": 20121,
            "year": 2012,
            "quarter": 1,
            "eps": 0.07,
            "eps_growth_year": -63.16,
            "eps_4q": 0.51,
            "eps_4q_growth_year": -55.17,
            "roe": 0.54,
            "roe_4q": 4.18,
            "gross_profit": 631494,
            "gross_margin": 9.61,
            "gross_margin_4q_avg": 9.59,
            "net_income": 108939,
            "revenue": 6571212,
            "common_shares": 15791453,
            "book_valuer_per_share": 12.19,
            "book_valuer_per_share_4q_avg": 12.13,
            "equity": 20289510,
            "current_ratio": 148.14,
            "debt_ratio": 46.58,
            "inventory_turnover_ratio": 1.1,
            "account_receivable_turnover_ratio": 2.08,
            "reinvestment_rate": 17.69,
            "research_to_sale_ratio": null,
            "price_fair": 36.3,
            "eps_avg_yearly": 1.04,
            "eps_latest_yearly": 0.28,
            "eps_growth_yearly": 51.16
        },
        "20122": {
            "year_quarter": 20122,
            "year": 2012,
            "quarter": 2,
            "eps": 0.03,
            "eps_growth_year": -84.78,
            "eps_4q": 0.35,
            "eps_4q_growth_year": -59.31,
            "roe": 0.18,
            "roe_4q": 2.6900000000000004,
            "gross_profit": 533840,
            "gross_margin": 7.66,
            "gross_margin_4q_avg": 8.64,
            "net_income": 35506,
            "revenue": 6965442,
            "common_shares": 15791453,
            "book_valuer_per_share": 11.65,
            "book_valuer_per_share_4q_avg": 12,
            "equity": 19440991,
            "current_ratio": 120.42,
            "debt_ratio": 50.37,
            "inventory_turnover_ratio": 1.17,
            "account_receivable_turnover_ratio": 2.1,
            "reinvestment_rate": 57.9,
            "research_to_sale_ratio": null,
            "price_fair": 20.9,
            "eps_avg_yearly": 0.91,
            "eps_latest_yearly": 0.12,
            "eps_growth_yearly": 12.85
        },
        "20123": {
            "year_quarter": 20123,
            "year": 2012,
            "quarter": 3,
            "eps": -0.09,
            "eps_growth_year": -154.15,
            "eps_4q": 0.09,
            "eps_4q_growth_year": -85.53,
            "roe": -0.73,
            "roe_4q": 0.6,
            "gross_profit": 388867,
            "gross_margin": 5.46,
            "gross_margin_4q_avg": 7.65,
            "net_income": -141626,
            "revenue": 7125066,
            "common_shares": 15791453,
            "book_valuer_per_share": 11.48,
            "book_valuer_per_share_4q_avg": 11.87,
            "equity": 19145173,
            "current_ratio": 118.26,
            "debt_ratio": 51.17,
            "inventory_turnover_ratio": 1.25,
            "account_receivable_turnover_ratio": 2,
            "reinvestment_rate": 54.25,
            "research_to_sale_ratio": null,
            "price_fair": 22.03,
            "eps_avg_yearly": 0.85,
            "eps_latest_yearly": 0.12,
            "eps_growth_yearly": 15.85
        },
        "20124": {
            "year_quarter": 20124,
            "year": 2012,
            "quarter": 4,
            "eps": 0.16,
            "eps_growth_year": 99.77,
            "eps_4q": 0.17,
            "eps_4q_growth_year": -72.38,
            "roe": 1.36,
            "roe_4q": 1.35,
            "gross_profit": 782154,
            "gross_margin": 10.71,
            "gross_margin_4q_avg": 8.36,
            "net_income": 261835,
            "revenue": 7305081,
            "common_shares": 15791453,
            "book_valuer_per_share": 11.55,
            "book_valuer_per_share_4q_avg": 11.72,
            "equity": 19274796,
            "current_ratio": 156.42,
            "debt_ratio": 50.51,
            "inventory_turnover_ratio": 1.29,
            "account_receivable_turnover_ratio": 2.05,
            "reinvestment_rate": 102.44,
            "research_to_sale_ratio": null,
            "price_fair": 22.03,
            "eps_avg_yearly": 0.85,
            "eps_latest_yearly": 0.12,
            "eps_growth_yearly": 15.85
        },
        "20131": {
            "year_quarter": 20131,
            "year": 2013,
            "quarter": 1,
            "eps": 0.2,
            "eps_growth_year": 185.71,
            "eps_4q": 0.3,
            "eps_4q_growth_year": -41.08,
            "roe": 1.71,
            "roe_4q": 2.5200000000000005,
            "gross_profit": 895791,
            "gross_margin": 12.51,
            "gross_margin_4q_avg": 9.09,
            "net_income": 329712,
            "revenue": 7162521,
            "common_shares": 15791453,
            "book_valuer_per_share": 11.61,
            "book_valuer_per_share_4q_avg": 11.57,
            "equity": 19398517,
            "current_ratio": 158.34,
            "debt_ratio": 52.36,
            "inventory_turnover_ratio": 1.26,
            "account_receivable_turnover_ratio": 2.16,
            "reinvestment_rate": -36.19,
            "research_to_sale_ratio": null,
            "price_fair": 27.04,
            "eps_avg_yearly": 0.85,
            "eps_latest_yearly": 0.8,
            "eps_growth_yearly": 21.86
        },
        "20132": {
            "year_quarter": 20132,
            "year": 2013,
            "quarter": 2,
            "eps": 0.24,
            "eps_growth_year": 711.03,
            "eps_4q": 0.51,
            "eps_4q_growth_year": 46.11,
            "roe": 2,
            "roe_4q": 4.34,
            "gross_profit": 930023,
            "gross_margin": 12.37,
            "gross_margin_4q_avg": 10.26,
            "net_income": 392306,
            "revenue": 7519935,
            "common_shares": 15791453,
            "book_valuer_per_share": 11.83,
            "book_valuer_per_share_4q_avg": 11.62,
            "equity": 19784595,
            "current_ratio": 106.19,
            "debt_ratio": 55.89,
            "inventory_turnover_ratio": 1.26,
            "account_receivable_turnover_ratio": 2.19,
            "reinvestment_rate": 56.93,
            "research_to_sale_ratio": null,
            "price_fair": 30.7,
            "eps_avg_yearly": 0.88,
            "eps_latest_yearly": 0.96,
            "eps_growth_yearly": 25.38
        },
        "20133": {
            "year_quarter": 20133,
            "year": 2013,
            "quarter": 3,
            "eps": 0.2,
            "eps_growth_year": null,
            "eps_4q": 0.79,
            "eps_4q_growth_year": 748.34,
            "roe": 1.58,
            "roe_4q": 6.65,
            "gross_profit": 1079989,
            "gross_margin": 11.3,
            "gross_margin_4q_avg": 11.72,
            "net_income": 314075,
            "revenue": 9555656,
            "common_shares": 15791453,
            "book_valuer_per_share": 12.01,
            "book_valuer_per_share_4q_avg": 11.75,
            "equity": 20071442,
            "current_ratio": 113.7,
            "debt_ratio": 57.15,
            "inventory_turnover_ratio": 1.61,
            "account_receivable_turnover_ratio": 2.46,
            "reinvestment_rate": 67.13,
            "research_to_sale_ratio": null,
            "price_fair": 2.58,
            "eps_avg_yearly": 0.86,
            "eps_latest_yearly": 0.8,
            "eps_growth_yearly": -3.87
        },
        "20134": {
            "year_quarter": 20134,
            "year": 2013,
            "quarter": 4,
            "eps": 0.16,
            "eps_growth_year": 2.55,
            "eps_4q": 0.8,
            "eps_4q_growth_year": 362.03,
            "roe": 1.35,
            "roe_4q": 6.64,
            "gross_profit": 922256,
            "gross_margin": 10.3,
            "gross_margin_4q_avg": 11.62,
            "net_income": 275241,
            "revenue": 8954441,
            "common_shares": 15791453,
            "book_valuer_per_share": 12.32,
            "book_valuer_per_share_4q_avg": 11.94,
            "equity": 20597811,
            "current_ratio": 105.82,
            "debt_ratio": 55.66,
            "inventory_turnover_ratio": 1.59,
            "account_receivable_turnover_ratio": 2.2,
            "reinvestment_rate": 27.99,
            "research_to_sale_ratio": null,
            "price_fair": 2.54,
            "eps_avg_yearly": 0.85,
            "eps_latest_yearly": 0.64,
            "eps_growth_yearly": -4.09
        },
        "20141": {
            "year_quarter": 20141,
            "year": 2014,
            "quarter": 1,
            "eps": 0.22,
            "eps_growth_year": 10,
            "eps_4q": 0.81,
            "eps_4q_growth_year": 169.37,
            "roe": 1.69,
            "roe_4q": 6.62,
            "gross_profit": 1199177,
            "gross_margin": 12.73,
            "gross_margin_4q_avg": 11.68,
            "net_income": 348341,
            "revenue": 9421613,
            "common_shares": 15791453,
            "book_valuer_per_share": 12.4,
            "book_valuer_per_share_4q_avg": 12.14,
            "equity": 20736112,
            "current_ratio": 103.41,
            "debt_ratio": 56.68,
            "inventory_turnover_ratio": 1.71,
            "account_receivable_turnover_ratio": 2.36,
            "reinvestment_rate": 33.79,
            "research_to_sale_ratio": null,
            "price_fair": 2.31,
            "eps_avg_yearly": 0.77,
            "eps_latest_yearly": 0.88,
            "eps_growth_yearly": -31.48
        },
        "20142": {
            "year_quarter": 20142,
            "year": 2014,
            "quarter": 2,
            "eps": 0.11,
            "eps_growth_year": -54.17,
            "eps_4q": 0.69,
            "eps_4q_growth_year": 36.38,
            "roe": 0.88,
            "roe_4q": 5.5,
            "gross_profit": 981579,
            "gross_margin": 10.86,
            "gross_margin_4q_avg": 11.3,
            "net_income": 178343,
            "revenue": 9035484,
            "common_shares": 15791453,
            "book_valuer_per_share": 11.79,
            "book_valuer_per_share_4q_avg": 12.13,
            "equity": 19745690,
            "current_ratio": 93.07,
            "debt_ratio": 58.7,
            "inventory_turnover_ratio": 1.65,
            "account_receivable_turnover_ratio": 2.23,
            "reinvestment_rate": 33.67,
            "research_to_sale_ratio": null,
            "price_fair": 2.01,
            "eps_avg_yearly": 0.67,
            "eps_latest_yearly": 0.44,
            "eps_growth_yearly": -43.43
        },
        "20143": {
            "year_quarter": 20143,
            "year": 2014,
            "quarter": 3,
            "eps": 0.1,
            "eps_growth_year": -50,
            "eps_4q": 0.6,
            "eps_4q_growth_year": -24.33,
            "roe": 0.79,
            "roe_4q": 4.71,
            "gross_profit": 880091,
            "gross_margin": 9.19,
            "gross_margin_4q_avg": 10.77,
            "net_income": 157700,
            "revenue": 9580201,
            "common_shares": 15791453,
            "book_valuer_per_share": 12.07,
            "book_valuer_per_share_4q_avg": 12.15,
            "equity": 20202580,
            "current_ratio": 90.39,
            "debt_ratio": 57.73,
            "inventory_turnover_ratio": 1.67,
            "account_receivable_turnover_ratio": 2.38,
            "reinvestment_rate": 57.35,
            "research_to_sale_ratio": null,
            "price_fair": 1.77,
            "eps_avg_yearly": 0.59,
            "eps_latest_yearly": 0.4,
            "eps_growth_yearly": -42.22
        },
        "20144": {
            "year_quarter": 20144,
            "year": 2014,
            "quarter": 4,
            "eps": 0.05,
            "eps_growth_year": -66.38,
            "eps_4q": 0.49,
            "eps_4q_growth_year": -38.23,
            "roe": 0.38,
            "roe_4q": 3.7399999999999998,
            "gross_profit": 684923,
            "gross_margin": 8.15,
            "gross_margin_4q_avg": 10.23,
            "net_income": 78324,
            "revenue": 8400664,
            "common_shares": 15791453,
            "book_valuer_per_share": 12.31,
            "book_valuer_per_share_4q_avg": 12.14,
            "equity": 20609047,
            "current_ratio": 98.17,
            "debt_ratio": 59.05,
            "inventory_turnover_ratio": 1.49,
            "account_receivable_turnover_ratio": 2.13,
            "reinvestment_rate": 175.06,
            "research_to_sale_ratio": null,
            "price_fair": 1.71,
            "eps_avg_yearly": 0.57,
            "eps_latest_yearly": 0.2,
            "eps_growth_yearly": -35.99
        },
        "20151": {
            "year_quarter": 20151,
            "year": 2015,
            "quarter": 1,
            "eps": 0.31,
            "eps_growth_year": 40.91,
            "eps_4q": 0.58,
            "eps_4q_growth_year": -28.27,
            "roe": 2.27,
            "roe_4q": 4.32,
            "gross_profit": 1087550,
            "gross_margin": 10.39,
            "gross_margin_4q_avg": 9.65,
            "net_income": 472296,
            "revenue": 10462770,
            "common_shares": 15791453,
            "book_valuer_per_share": 12.55,
            "book_valuer_per_share_4q_avg": 12.18,
            "equity": 20965882,
            "current_ratio": 117.41,
            "debt_ratio": 59.73,
            "inventory_turnover_ratio": 1.92,
            "account_receivable_turnover_ratio": 2.35,
            "reinvestment_rate": 145.68,
            "research_to_sale_ratio": null,
            "price_fair": 21.2,
            "eps_avg_yearly": 0.61,
            "eps_latest_yearly": 1.24,
            "eps_growth_yearly": 91.8
        },
        "20152": {
            "year_quarter": 20152,
            "year": 2015,
            "quarter": 2,
            "eps": 0.17,
            "eps_growth_year": 54.55,
            "eps_4q": 0.64,
            "eps_4q_growth_year": -8.09,
            "roe": 1.23,
            "roe_4q": 4.67,
            "gross_profit": 1134176,
            "gross_margin": 12.49,
            "gross_margin_4q_avg": 10.06,
            "net_income": 254089,
            "revenue": 9079886,
            "common_shares": 15791453,
            "book_valuer_per_share": 12.17,
            "book_valuer_per_share_4q_avg": 12.28,
            "equity": 20343342,
            "current_ratio": 106.34,
            "debt_ratio": 58.59,
            "inventory_turnover_ratio": 1.67,
            "account_receivable_turnover_ratio": 1.92,
            "reinvestment_rate": 127.17,
            "research_to_sale_ratio": null,
            "price_fair": 21,
            "eps_avg_yearly": 0.6,
            "eps_latest_yearly": 0.68,
            "eps_growth_yearly": 78.9
        },
        "20153": {
            "year_quarter": 20153,
            "year": 2015,
            "quarter": 3,
            "eps": 0.09,
            "eps_growth_year": -10,
            "eps_4q": 0.62,
            "eps_4q_growth_year": 4.26,
            "roe": 0.56,
            "roe_4q": 4.44,
            "gross_profit": 1111445,
            "gross_margin": 11.9,
            "gross_margin_4q_avg": 10.73,
            "net_income": 114635,
            "revenue": 9342382,
            "common_shares": 15791453,
            "book_valuer_per_share": 12.42,
            "book_valuer_per_share_4q_avg": 12.36,
            "equity": 20738835,
            "current_ratio": 92.85,
            "debt_ratio": 57.34,
            "inventory_turnover_ratio": 1.74,
            "account_receivable_turnover_ratio": 2.11,
            "reinvestment_rate": 112.43,
            "research_to_sale_ratio": null,
            "price_fair": 20.3,
            "eps_avg_yearly": 0.58,
            "eps_latest_yearly": 0.36,
            "eps_growth_yearly": 69.97
        },
        "20154": {
            "year_quarter": 20154,
            "year": 2015,
            "quarter": 4,
            "eps": -0.2,
            "eps_growth_year": -460.55,
            "eps_4q": 0.37,
            "eps_4q_growth_year": -23.96,
            "roe": -1.72,
            "roe_4q": 2.34,
            "gross_profit": 240265,
            "gross_margin": 3.29,
            "gross_margin_4q_avg": 9.52,
            "net_income": -349063,
            "revenue": 7293589,
            "common_shares": 15791453,
            "book_valuer_per_share": 11.87,
            "book_valuer_per_share_4q_avg": 12.25,
            "equity": 19795928,
            "current_ratio": 85.81,
            "debt_ratio": 55.27,
            "inventory_turnover_ratio": 1.66,
            "account_receivable_turnover_ratio": 1.92,
            "reinvestment_rate": 95.77,
            "research_to_sale_ratio": null,
            "price_fair": 21,
            "eps_avg_yearly": 0.6,
            "eps_latest_yearly": 0.36,
            "eps_growth_yearly": 90.73
        },
        "20161": {
            "year_quarter": 20161,
            "year": 2016,
            "quarter": 1,
            "eps": 0.12,
            "eps_growth_year": -61.29,
            "eps_4q": 0.19,
            "eps_4q_growth_year": -68.01,
            "roe": 0.86,
            "roe_4q": 0.93,
            "gross_profit": 987873,
            "gross_margin": 11.85,
            "gross_margin_4q_avg": 9.88,
            "net_income": 171704,
            "revenue": 8335964,
            "common_shares": 15791453,
            "book_valuer_per_share": 12,
            "book_valuer_per_share_4q_avg": 12.12,
            "equity": 19963541,
            "current_ratio": 91.83,
            "debt_ratio": 54.18,
            "inventory_turnover_ratio": 2.08,
            "account_receivable_turnover_ratio": 2.38,
            "reinvestment_rate": 81.5,
            "research_to_sale_ratio": null,
            "price_fair": 21.93,
            "eps_avg_yearly": 0.63,
            "eps_latest_yearly": 0.36,
            "eps_growth_yearly": 102.46
        },
        "20162": {
            "year_quarter": 20162,
            "year": 2016,
            "quarter": 2,
            "eps": 0.27,
            "eps_growth_year": 58.82,
            "eps_4q": 0.29,
            "eps_4q_growth_year": -54.31,
            "roe": 2.21,
            "roe_4q": 1.91,
            "gross_profit": 1352527,
            "gross_margin": 15.97,
            "gross_margin_4q_avg": 10.75,
            "net_income": 434893,
            "revenue": 8471090,
            "common_shares": 15791453,
            "book_valuer_per_share": 11.69,
            "book_valuer_per_share_4q_avg": 12,
            "equity": 19452284,
            "current_ratio": 91.28,
            "debt_ratio": 54.6,
            "inventory_turnover_ratio": 2.18,
            "account_receivable_turnover_ratio": 2.27,
            "reinvestment_rate": -0.31,
            "research_to_sale_ratio": null,
            "price_fair": 24.73,
            "eps_avg_yearly": 0.71,
            "eps_latest_yearly": 1.08,
            "eps_growth_yearly": 163.17
        },
        "20163": {
            "year_quarter": 20163,
            "year": 2016,
            "quarter": 3,
            "eps": 0.16,
            "eps_growth_year": 77.78,
            "eps_4q": 0.35,
            "eps_4q_growth_year": -43.17,
            "roe": 1.3,
            "roe_4q": 2.6500000000000004,
            "gross_profit": 1054376,
            "gross_margin": 12.81,
            "gross_margin_4q_avg": 10.98,
            "net_income": 251745,
            "revenue": 8231210,
            "common_shares": 15791453,
            "book_valuer_per_share": 11.64,
            "book_valuer_per_share_4q_avg": 11.8,
            "equity": 19350679,
            "current_ratio": 104.4,
            "debt_ratio": 53.03,
            "inventory_turnover_ratio": 2.23,
            "account_receivable_turnover_ratio": 2.09,
            "reinvestment_rate": -22.69,
            "research_to_sale_ratio": null,
            "price_fair": 24.55,
            "eps_avg_yearly": 0.7,
            "eps_latest_yearly": 0.64,
            "eps_growth_yearly": 138.09
        },
        "20164": {
            "year_quarter": 20164,
            "year": 2016,
            "quarter": 4,
            "eps": 0.13,
            "eps_growth_year": null,
            "eps_4q": 0.68,
            "eps_4q_growth_year": 81.2,
            "roe": 1.1,
            "roe_4q": 5.470000000000001,
            "gross_profit": 944472,
            "gross_margin": 12.25,
            "gross_margin_4q_avg": 13.22,
            "net_income": 212288,
            "revenue": 7710381,
            "common_shares": 15791453,
            "book_valuer_per_share": 11.51,
            "book_valuer_per_share_4q_avg": 11.71,
            "equity": 19162516,
            "current_ratio": 119.96,
            "debt_ratio": 51.99,
            "inventory_turnover_ratio": 2.02,
            "account_receivable_turnover_ratio": 2.03,
            "reinvestment_rate": -113.31,
            "research_to_sale_ratio": null,
            "price_fair": 24.1,
            "eps_avg_yearly": 0.69,
            "eps_latest_yearly": 0.52,
            "eps_growth_yearly": 122.87
        },
        "20171": {
            "year_quarter": 20171,
            "year": 2017,
            "quarter": 1,
            "eps": 0.13,
            "eps_growth_year": 8.33,
            "eps_4q": 0.68,
            "eps_4q_growth_year": 263.68,
            "roe": 1.06,
            "roe_4q": 5.67,
            "gross_profit": 934973,
            "gross_margin": 12.17,
            "gross_margin_4q_avg": 13.3,
            "net_income": 201031,
            "revenue": 7683594,
            "common_shares": 15791453,
            "book_valuer_per_share": 11.36,
            "book_valuer_per_share_4q_avg": 11.55,
            "equity": 18870926,
            "current_ratio": 111.15,
            "debt_ratio": 51.76,
            "inventory_turnover_ratio": 1.77,
            "account_receivable_turnover_ratio": 2.21,
            "reinvestment_rate": 15.44,
            "research_to_sale_ratio": null,
            "price_fair": 23.4,
            "eps_avg_yearly": 0.67,
            "eps_latest_yearly": 0.52,
            "eps_growth_yearly": 115.72
        },
        "20172": {
            "year_quarter": 20172,
            "year": 2017,
            "quarter": 2,
            "eps": 0.07,
            "eps_growth_year": -74.07,
            "eps_4q": 0.47,
            "eps_4q_growth_year": 63.23,
            "roe": 0.52,
            "roe_4q": 3.9800000000000004,
            "gross_profit": 755641,
            "gross_margin": 9.5,
            "gross_margin_4q_avg": 11.68,
            "net_income": 97182,
            "revenue": 7957052,
            "common_shares": 15791453,
            "book_valuer_per_share": 11.21,
            "book_valuer_per_share_4q_avg": 11.43,
            "equity": 18637860,
            "current_ratio": 102.23,
            "debt_ratio": 52.54,
            "inventory_turnover_ratio": 1.67,
            "account_receivable_turnover_ratio": 2.24,
            "reinvestment_rate": -105.03,
            "research_to_sale_ratio": null,
            "price_fair": 21.7,
            "eps_avg_yearly": 0.62,
            "eps_latest_yearly": 0.28,
            "eps_growth_yearly": 96.82
        },
        "20173": {
            "year_quarter": 20173,
            "year": 2017,
            "quarter": 3,
            "eps": 0.18,
            "eps_growth_year": 12.5,
            "eps_4q": 0.5,
            "eps_4q_growth_year": 41.29,
            "roe": 1.49,
            "roe_4q": 4.17,
            "gross_profit": 1057068,
            "gross_margin": 11.65,
            "gross_margin_4q_avg": 11.39,
            "net_income": 282306,
            "revenue": 9073379,
            "common_shares": 15791453,
            "book_valuer_per_share": 11.54,
            "book_valuer_per_share_4q_avg": 11.41,
            "equity": 19177566,
            "current_ratio": 118.76,
            "debt_ratio": 51.04,
            "inventory_turnover_ratio": 1.79,
            "account_receivable_turnover_ratio": 2.6,
            "reinvestment_rate": -113.33,
            "research_to_sale_ratio": null,
            "price_fair": 21.5,
            "eps_avg_yearly": 0.61,
            "eps_latest_yearly": 0.72,
            "eps_growth_yearly": 146.48
        },
        "20174": {
            "year_quarter": 20174,
            "year": 2017,
            "quarter": 4,
            "eps": 0,
            "eps_growth_year": -96.38,
            "eps_4q": 0.38,
            "eps_4q_growth_year": -43.87,
            "roe": 0.12,
            "roe_4q": 3.19,
            "gross_profit": 701831,
            "gross_margin": 8.82,
            "gross_margin_4q_avg": 10.54,
            "net_income": 22383,
            "revenue": 7953358,
            "common_shares": 15791453,
            "book_valuer_per_share": 11.67,
            "book_valuer_per_share_4q_avg": 11.45,
            "equity": 19397481,
            "current_ratio": 123.61,
            "debt_ratio": 48.1,
            "inventory_turnover_ratio": 1.77,
            "account_receivable_turnover_ratio": 2.29,
            "reinvestment_rate": -205.46,
            "research_to_sale_ratio": null,
            "price_fair": 21.43,
            "eps_avg_yearly": 0.61,
            "eps_latest_yearly": 0.72,
            "eps_growth_yearly": 163.9
        },
        "20181": {
            "year_quarter": 20181,
            "year": 2018,
            "quarter": 1,
            "eps": 0.07,
            "eps_growth_year": -46.15,
            "eps_4q": 0.32,
            "eps_4q_growth_year": -52.31,
            "roe": 0.56,
            "roe_4q": 2.69,
            "gross_profit": 783395,
            "gross_margin": 9.61,
            "gross_margin_4q_avg": 9.9,
            "net_income": 110541,
            "revenue": 8153062,
            "common_shares": 15791453,
            "book_valuer_per_share": 11.88,
            "book_valuer_per_share_4q_avg": 11.58,
            "equity": 19814831,
            "current_ratio": 145.85,
            "debt_ratio": 47.91,
            "inventory_turnover_ratio": 1.88,
            "account_receivable_turnover_ratio": 2.02,
            "reinvestment_rate": -260.74,
            "research_to_sale_ratio": null,
            "price_fair": 20.65,
            "eps_avg_yearly": 0.59,
            "eps_latest_yearly": 0.72,
            "eps_growth_yearly": 165.06
        },
        "20182": {
            "year_quarter": 20182,
            "year": 2018,
            "quarter": 2,
            "eps": 0.67,
            "eps_growth_year": 857.14,
            "eps_4q": 0.93,
            "eps_4q_growth_year": 96.39,
            "roe": 5.84,
            "roe_4q": 8.01,
            "gross_profit": 1135283,
            "gross_margin": 12,
            "gross_margin_4q_avg": 10.52,
            "net_income": 1160691,
            "revenue": 9461232,
            "common_shares": 15791453,
            "book_valuer_per_share": 11.89,
            "book_valuer_per_share_4q_avg": 11.75,
            "equity": 19921410,
            "current_ratio": 136.68,
            "debt_ratio": 49.2,
            "inventory_turnover_ratio": 2.04,
            "account_receivable_turnover_ratio": 2.01,
            "reinvestment_rate": -217.72,
            "research_to_sale_ratio": null,
            "price_fair": 27.18,
            "eps_avg_yearly": 0.78,
            "eps_latest_yearly": 2.68,
            "eps_growth_yearly": 467.44
        },
        "20183": {
            "year_quarter": 20183,
            "year": 2018,
            "quarter": 3,
            "eps": 0.05,
            "eps_growth_year": -72.22,
            "eps_4q": 0.8,
            "eps_4q_growth_year": 59.88,
            "roe": 0.32,
            "roe_4q": 6.840000000000001,
            "gross_profit": 787848,
            "gross_margin": 8.54,
            "gross_margin_4q_avg": 9.74,
            "net_income": 63448,
            "revenue": 9222481,
            "common_shares": 15791453,
            "book_valuer_per_share": 11.61,
            "book_valuer_per_share_4q_avg": 11.76,
            "equity": 19589723,
            "current_ratio": 124.03,
            "debt_ratio": 48.2,
            "inventory_turnover_ratio": 2.06,
            "account_receivable_turnover_ratio": 2.02,
            "reinvestment_rate": -259.89,
            "research_to_sale_ratio": null,
            "price_fair": 26.6,
            "eps_avg_yearly": 0.76,
            "eps_latest_yearly": 0.2,
            "eps_growth_yearly": 439.63
        },
        "20184": {
            "year_quarter": 20184,
            "year": 2018,
            "quarter": 4,
            "eps": 0.14,
            "eps_growth_year": 3061.93,
            "eps_4q": 0.94,
            "eps_4q_growth_year": 147.67,
            "roe": 1.04,
            "roe_4q": 7.76,
            "gross_profit": 644324,
            "gross_margin": 7.79,
            "gross_margin_4q_avg": 9.49,
            "net_income": 204901,
            "revenue": 8267031,
            "common_shares": 15791453,
            "book_valuer_per_share": 11.73,
            "book_valuer_per_share_4q_avg": 11.78,
            "equity": 19930659,
            "current_ratio": 147.68,
            "debt_ratio": 46.44,
            "inventory_turnover_ratio": 1.91,
            "account_receivable_turnover_ratio": 1.94,
            "reinvestment_rate": -340.06,
            "research_to_sale_ratio": null,
            "price_fair": 27.65,
            "eps_avg_yearly": 0.79,
            "eps_latest_yearly": 0.56,
            "eps_growth_yearly": 516.29
        },
        "20191": {
            "year_quarter": 20191,
            "year": 2019,
            "quarter": 1,
            "eps": 0.08,
            "eps_growth_year": 14.29,
            "eps_4q": 0.95,
            "eps_4q_growth_year": 194.84,
            "roe": 0.55,
            "roe_4q": 7.75,
            "gross_profit": 667423,
            "gross_margin": 8.58,
            "gross_margin_4q_avg": 9.23,
            "net_income": 110930,
            "revenue": 7777284,
            "common_shares": 15791453,
            "book_valuer_per_share": 12.1,
            "book_valuer_per_share_4q_avg": 11.83,
            "equity": 20535453,
            "current_ratio": 152.1,
            "debt_ratio": 47.9,
            "inventory_turnover_ratio": 1.81,
            "account_receivable_turnover_ratio": 1.84,
            "reinvestment_rate": -354.67,
            "research_to_sale_ratio": null,
            "price_fair": 24.97,
            "eps_avg_yearly": 0.71,
            "eps_latest_yearly": 0.32,
            "eps_growth_yearly": 328.68
        },
        "20192": {
            "year_quarter": 20192,
            "year": 2019,
            "quarter": 2,
            "eps": 0.2,
            "eps_growth_year": -70.15,
            "eps_4q": 0.48,
            "eps_4q_growth_year": -48.29,
            "roe": 1.5,
            "roe_4q": 3.4099999999999997,
            "gross_profit": 1071149,
            "gross_margin": 12.72,
            "gross_margin_4q_avg": 9.41,
            "net_income": 302836,
            "revenue": 8419730,
            "common_shares": 15791453,
            "book_valuer_per_share": 11.67,
            "book_valuer_per_share_4q_avg": 11.78,
            "equity": 19817071,
            "current_ratio": 130.43,
            "debt_ratio": 48.71,
            "inventory_turnover_ratio": 1.77,
            "account_receivable_turnover_ratio": 2.09,
            "reinvestment_rate": -319.36,
            "research_to_sale_ratio": null,
            "price_fair": 25.32,
            "eps_avg_yearly": 0.72,
            "eps_latest_yearly": 0.8,
            "eps_growth_yearly": 393.73
        },
        "20193": {
            "year_quarter": 20193,
            "year": 2019,
            "quarter": 3,
            "eps": 0.05,
            "eps_growth_year": 0,
            "eps_4q": 0.48,
            "eps_4q_growth_year": -40.18,
            "roe": 0.18,
            "roe_4q": 3.27,
            "gross_profit": 867320,
            "gross_margin": 9.88,
            "gross_margin_4q_avg": 9.74,
            "net_income": 34486,
            "revenue": 8775518,
            "common_shares": 15791453,
            "book_valuer_per_share": 11.3,
            "book_valuer_per_share_4q_avg": 11.7,
            "equity": 19127032,
            "current_ratio": 125.86,
            "debt_ratio": 48.61,
            "inventory_turnover_ratio": 1.84,
            "account_receivable_turnover_ratio": 2.19,
            "reinvestment_rate": -353.12,
            "research_to_sale_ratio": null,
            "price_fair": 24.85,
            "eps_avg_yearly": 0.71,
            "eps_latest_yearly": 0.2,
            "eps_growth_yearly": 384.42
        },
        "20194": {
            "year_quarter": 20194,
            "year": 2019,
            "quarter": 4,
            "eps": 0,
            "eps_growth_year": -96.96,
            "eps_4q": 0.34,
            "eps_4q_growth_year": -63.91,
            "roe": -0.04,
            "roe_4q": 2.19,
            "gross_profit": 411581,
            "gross_margin": 5.45,
            "gross_margin_4q_avg": 9.16,
            "net_income": -6984,
            "revenue": 7555003,
            "common_shares": 15791453,
            "book_valuer_per_share": 11.23,
            "book_valuer_per_share_4q_avg": 11.58,
            "equity": 19002211,
            "current_ratio": 154.16,
            "debt_ratio": 46.22,
            "inventory_turnover_ratio": 1.8,
            "account_receivable_turnover_ratio": 1.95,
            "reinvestment_rate": -302.27,
            "research_to_sale_ratio": null,
            "price_fair": 24.85,
            "eps_avg_yearly": 0.71,
            "eps_latest_yearly": 0.2,
            "eps_growth_yearly": 384.42
        },
        "20201": {
            "year_quarter": 20201,
            "year": 2020,
            "quarter": 1,
            "eps": -0.06,
            "eps_growth_year": -175,
            "eps_4q": 0.2,
            "eps_4q_growth_year": -78.89,
            "roe": -0.58,
            "roe_4q": 1.06,
            "gross_profit": 408955,
            "gross_margin": 6.6,
            "gross_margin_4q_avg": 8.66,
            "net_income": -108737,
            "revenue": 6199077,
            "common_shares": 15791453,
            "book_valuer_per_share": 11.06,
            "book_valuer_per_share_4q_avg": 11.32,
            "equity": 18698278,
            "current_ratio": 159.12,
            "debt_ratio": 46,
            "inventory_turnover_ratio": 1.61,
            "account_receivable_turnover_ratio": 1.73,
            "reinvestment_rate": -322.07,
            "research_to_sale_ratio": null,
            "price_fair": 24.85,
            "eps_avg_yearly": 0.71,
            "eps_latest_yearly": 0.2,
            "eps_growth_yearly": 384.42
        },
        "20202": {
            "year_quarter": 20202,
            "year": 2020,
            "quarter": 2,
            "eps": 0.22,
            "eps_growth_year": 10,
            "eps_4q": 0.22,
            "eps_4q_growth_year": -54.87,
            "roe": 1.76,
            "roe_4q": 1.32,
            "gross_profit": 981316,
            "gross_margin": 12.63,
            "gross_margin_4q_avg": 8.64,
            "net_income": 328726,
            "revenue": 7767098,
            "common_shares": 15791453,
            "book_valuer_per_share": 11.1,
            "book_valuer_per_share_4q_avg": 11.17,
            "equity": 18727496,
            "current_ratio": 153.47,
            "debt_ratio": 46.03,
            "inventory_turnover_ratio": 1.96,
            "account_receivable_turnover_ratio": 2.2,
            "reinvestment_rate": -310.21,
            "research_to_sale_ratio": null,
            "price_fair": 23.67,
            "eps_avg_yearly": 0.68,
            "eps_latest_yearly": 0.2,
            "eps_growth_yearly": 373.91
        },
        "20203": {
            "year_quarter": 20203,
            "year": 2020,
            "quarter": 3,
            "eps": 0.38,
            "eps_growth_year": 660,
            "eps_4q": 0.55,
            "eps_4q_growth_year": 14.17,
            "roe": 3.14,
            "roe_4q": 4.28,
            "gross_profit": 1417762,
            "gross_margin": 15.62,
            "gross_margin_4q_avg": 10.08,
            "net_income": 602550,
            "revenue": 9077260,
            "common_shares": 15791453,
            "book_valuer_per_share": 11.7,
            "book_valuer_per_share_4q_avg": 11.27,
            "equity": 19690141,
            "current_ratio": 162.65,
            "debt_ratio": 43.5,
            "inventory_turnover_ratio": 2.32,
            "account_receivable_turnover_ratio": 2.42,
            "reinvestment_rate": -250.37,
            "research_to_sale_ratio": null,
            "price_fair": 26.47,
            "eps_avg_yearly": 0.76,
            "eps_latest_yearly": 1.52,
            "eps_growth_yearly": 415.17
        },
        "20204": {
            "year_quarter": 20204,
            "year": 2020,
            "quarter": 4,
            "eps": 0.04,
            "eps_growth_year": 821.1,
            "eps_4q": 0.58,
            "eps_4q_growth_year": 71.75,
            "roe": 0.34,
            "roe_4q": 4.66,
            "gross_profit": 615180,
            "gross_margin": 8.93,
            "gross_margin_4q_avg": 10.95,
            "net_income": 66626,
            "revenue": 6891531,
            "common_shares": 15791453,
            "book_valuer_per_share": 11.89,
            "book_valuer_per_share_4q_avg": 11.44,
            "equity": 20024333,
            "current_ratio": 189.29,
            "debt_ratio": 41.76,
            "inventory_turnover_ratio": 1.94,
            "account_receivable_turnover_ratio": 1.92,
            "reinvestment_rate": -236.07,
            "research_to_sale_ratio": null,
            "price_fair": 25.33,
            "eps_avg_yearly": 0.72,
            "eps_latest_yearly": 0.16,
            "eps_growth_yearly": 389.45
        },
        "20211": {
            "year_quarter": 20211,
            "year": 2021,
            "quarter": 1,
            "eps": 0.12,
            "eps_growth_year": null,
            "eps_4q": 0.76,
            "eps_4q_growth_year": 276.76,
            "roe": 0.92,
            "roe_4q": 6.16,
            "gross_profit": 873970,
            "gross_margin": 10.71,
            "gross_margin_4q_avg": 11.97,
            "net_income": 185140,
            "revenue": 8163284,
            "common_shares": 15791453,
            "book_valuer_per_share": 12,
            "book_valuer_per_share_4q_avg": 11.67,
            "equity": 20192536,
            "current_ratio": 190.11,
            "debt_ratio": 42.99,
            "inventory_turnover_ratio": 1.93,
            "account_receivable_turnover_ratio": 2.43,
            "reinvestment_rate": -206.13,
            "research_to_sale_ratio": null,
            "price_fair": 25.2,
            "eps_avg_yearly": 0.72,
            "eps_latest_yearly": 0.48,
            "eps_growth_yearly": 462.18
        },
        "20212": {
            "year_quarter": 20212,
            "year": 2021,
            "quarter": 2,
            "eps": 0.3,
            "eps_growth_year": 36.36,
            "eps_4q": 0.84,
            "eps_4q_growth_year": 284.37,
            "roe": 2.25,
            "roe_4q": 6.65,
            "gross_profit": 1328877,
            "gross_margin": 12.58,
            "gross_margin_4q_avg": 11.96,
            "net_income": 448555,
            "revenue": 10559475,
            "common_shares": 15791453,
            "book_valuer_per_share": 11.66,
            "book_valuer_per_share_4q_avg": 11.81,
            "equity": 19617662,
            "current_ratio": 159.55,
            "debt_ratio": 47.35,
            "inventory_turnover_ratio": 2.08,
            "account_receivable_turnover_ratio": 2.62,
            "reinvestment_rate": -183.55,
            "research_to_sale_ratio": null,
            "price_fair": 28.13,
            "eps_avg_yearly": 0.8,
            "eps_latest_yearly": 1.2,
            "eps_growth_yearly": 533.51
        },
        "20213": {
            "year_quarter": 20213,
            "year": 2021,
            "quarter": 3,
            "eps": 0.44,
            "eps_growth_year": 15.79,
            "eps_4q": 0.9,
            "eps_4q_growth_year": 63.91,
            "roe": 3.38,
            "roe_4q": 6.89,
            "gross_profit": 1710615,
            "gross_margin": 14.64,
            "gross_margin_4q_avg": 11.72,
            "net_income": 674699,
            "revenue": 11686431,
            "common_shares": 15791453,
            "book_valuer_per_share": 12.14,
            "book_valuer_per_share_4q_avg": 11.92,
            "equity": 20347564,
            "current_ratio": 167.94,
            "debt_ratio": 47.24,
            "inventory_turnover_ratio": 1.94,
            "account_receivable_turnover_ratio": 2.41,
            "reinvestment_rate": -165.86,
            "research_to_sale_ratio": null,
            "price_fair": 31.44,
            "eps_avg_yearly": 0.9,
            "eps_latest_yearly": 1.76,
            "eps_growth_yearly": 493.33
        },
        "20214": {
            "year_quarter": 20214,
            "year": 2021,
            "quarter": 4,
            "eps": 0.32,
            "eps_growth_year": 682.68,
            "eps_4q": 1.17,
            "eps_4q_growth_year": 101.04,
            "roe": 2.37,
            "roe_4q": 8.92,
            "gross_profit": 1539393,
            "gross_margin": 13.41,
            "gross_margin_4q_avg": 12.84,
            "net_income": 490202,
            "revenue": 11480536,
            "common_shares": 15791453,
            "book_valuer_per_share": 12.51,
            "book_valuer_per_share_4q_avg": 12.08,
            "equity": 20946847,
            "current_ratio": 200.04,
            "debt_ratio": 44.66,
            "inventory_turnover_ratio": 1.75,
            "account_receivable_turnover_ratio": 2.18,
            "reinvestment_rate": -145.65,
            "research_to_sale_ratio": null,
            "price_fair": 32.55,
            "eps_avg_yearly": 0.93,
            "eps_latest_yearly": 1.28,
            "eps_growth_yearly": 443.13
        },
        "20221": {
            "year_quarter": 20221,
            "year": 2022,
            "quarter": 1,
            "eps": 0.39,
            "eps_growth_year": 225,
            "eps_4q": 1.45,
            "eps_4q_growth_year": 91.07,
            "roe": 2.81,
            "roe_4q": 10.809999999999999,
            "gross_profit": 1567506,
            "gross_margin": 15.03,
            "gross_margin_4q_avg": 13.92,
            "net_income": 606693,
            "revenue": 10431846,
            "common_shares": 15791453,
            "book_valuer_per_share": 13.33,
            "book_valuer_per_share_4q_avg": 12.41,
            "equity": 22269796,
            "current_ratio": 236.95,
            "debt_ratio": 40.94,
            "inventory_turnover_ratio": 1.54,
            "account_receivable_turnover_ratio": 1.99,
            "reinvestment_rate": -112.45,
            "research_to_sale_ratio": null,
            "price_fair": 34.25,
            "eps_avg_yearly": 0.98,
            "eps_latest_yearly": 1.56,
            "eps_growth_yearly": 415.78
        },
        "20222": {
            "year_quarter": 20222,
            "year": 2022,
            "quarter": 2,
            "eps": 0.55,
            "eps_growth_year": 83.33,
            "eps_4q": 1.71,
            "eps_4q_growth_year": 104.41,
            "roe": 3.88,
            "roe_4q": 12.439999999999998,
            "gross_profit": 2083912,
            "gross_margin": 17.19,
            "gross_margin_4q_avg": 15.07,
            "net_income": 842799,
            "revenue": 12120045,
            "common_shares": 15791453,
            "book_valuer_per_share": 12.68,
            "book_valuer_per_share_4q_avg": 12.67,
            "equity": 21182182,
            "current_ratio": 165.64,
            "debt_ratio": 43.74,
            "inventory_turnover_ratio": 1.71,
            "account_receivable_turnover_ratio": 2.32,
            "reinvestment_rate": -110.8,
            "research_to_sale_ratio": null,
            "price_fair": 32.95,
            "eps_avg_yearly": 0.94,
            "eps_latest_yearly": 2.2,
            "eps_growth_yearly": 164.66
        },
        "20223": {
            "year_quarter": 20223,
            "year": 2022,
            "quarter": 3,
            "eps": 0.48,
            "eps_growth_year": 9.09,
            "eps_4q": 1.74,
            "eps_4q_growth_year": 94.46,
            "roe": 3.38,
            "roe_4q": 12.440000000000001,
            "gross_profit": 1788062,
            "gross_margin": 15.09,
            "gross_margin_4q_avg": 15.18,
            "net_income": 731157,
            "revenue": 11849596,
            "common_shares": 15791453,
            "book_valuer_per_share": 13.24,
            "book_valuer_per_share_4q_avg": 12.94,
            "equity": 22045314,
            "current_ratio": 192.42,
            "debt_ratio": 39.17,
            "inventory_turnover_ratio": 1.83,
            "account_receivable_turnover_ratio": 2.33,
            "reinvestment_rate": -83.97,
            "research_to_sale_ratio": null,
            "price_fair": 37.58,
            "eps_avg_yearly": 1.07,
            "eps_latest_yearly": 1.92,
            "eps_growth_yearly": 189.22
        },
        "20224": {
            "year_quarter": 20224,
            "year": 2022,
            "quarter": 4,
            "eps": -0.01,
            "eps_growth_year": -102,
            "eps_4q": 1.42,
            "eps_4q_growth_year": 21.29,
            "roe": -0.21,
            "roe_4q": 9.86,
            "gross_profit": 1004852,
            "gross_margin": 11.07,
            "gross_margin_4q_avg": 14.6,
            "net_income": -46227,
            "revenue": 9078793,
            "common_shares": 15791453,
            "book_valuer_per_share": 13.33,
            "book_valuer_per_share_4q_avg": 13.15,
            "equity": 22153452,
            "current_ratio": 190.98,
            "debt_ratio": 36.53,
            "inventory_turnover_ratio": 1.64,
            "account_receivable_turnover_ratio": 1.9,
            "reinvestment_rate": -79.65,
            "research_to_sale_ratio": null,
            "price_fair": 39.08,
            "eps_avg_yearly": 1.12,
            "eps_latest_yearly": 1.92,
            "eps_growth_yearly": 144.99
        },
        "20231": {
            "year_quarter": 20231,
            "year": 2023,
            "quarter": 1,
            "eps": 0.19,
            "eps_growth_year": -51.28,
            "eps_4q": 1.22,
            "eps_4q_growth_year": -15.84,
            "roe": 1.28,
            "roe_4q": 8.33,
            "gross_profit": 1110945,
            "gross_margin": 12.48,
            "gross_margin_4q_avg": 13.96,
            "net_income": 284248,
            "revenue": 8903190,
            "common_shares": 15791453,
            "book_valuer_per_share": 13.47,
            "book_valuer_per_share_4q_avg": 13.18,
            "equity": 22351959,
            "current_ratio": 208.72,
            "debt_ratio": 34.31,
            "inventory_turnover_ratio": 1.76,
            "account_receivable_turnover_ratio": 1.95,
            "reinvestment_rate": -84.69,
            "research_to_sale_ratio": null,
            "price_fair": 41.62,
            "eps_avg_yearly": 1.19,
            "eps_latest_yearly": 1.92,
            "eps_growth_yearly": 173.75
        }
    },
    "months": {
        "2001-06": {
            "month": "2001-06",
            "price": "5.22",
            "revenue": 1280266
        },
        "2001-07": {
            "month": "2001-07",
            "price": "4.65",
            "revenue": 1105671
        },
        "2001-08": {
            "month": "2001-08",
            "price": "4.45",
            "revenue": 1210694
        },
        "2001-09": {
            "month": "2001-09",
            "price": "4.06",
            "revenue": 1101048
        },
        "2001-10": {
            "month": "2001-10",
            "price": "3.79",
            "revenue": 1065130
        },
        "2001-11": {
            "month": "2001-11",
            "price": "3.81",
            "revenue": 1002079
        },
        "2001-12": {
            "month": "2001-12",
            "price": "4.03",
            "revenue": 827242
        },
        "2002-01": {
            "month": "2002-01",
            "price": "4.13",
            "revenue": 958218
        },
        "2002-02": {
            "month": "2002-02",
            "price": "4.13",
            "revenue": 937402
        },
        "2002-03": {
            "month": "2002-03",
            "price": "5.20",
            "revenue": 1232340
        },
        "2002-04": {
            "month": "2002-04",
            "price": "7.66",
            "revenue": 1144656
        },
        "2002-05": {
            "month": "2002-05",
            "price": "6.82",
            "revenue": 1178256
        },
        "2002-06": {
            "month": "2002-06",
            "price": "7.37",
            "revenue": 1001632
        },
        "2002-07": {
            "month": "2002-07",
            "price": "7.30",
            "revenue": 1199916
        },
        "2002-08": {
            "month": "2002-08",
            "price": "7.27",
            "revenue": 1271721
        },
        "2002-09": {
            "month": "2002-09",
            "price": "5.44",
            "revenue": 1277256
        },
        "2002-10": {
            "month": "2002-10",
            "price": "5.70",
            "revenue": 1214276
        },
        "2002-11": {
            "month": "2002-11",
            "price": "7.79",
            "revenue": 1261715
        },
        "2002-12": {
            "month": "2002-12",
            "price": "9.52",
            "revenue": 1422853
        },
        "2003-01": {
            "month": "2003-01",
            "price": "11.07",
            "revenue": 1460899
        },
        "2003-02": {
            "month": "2003-02",
            "price": "10.52",
            "revenue": 1327809
        },
        "2003-03": {
            "month": "2003-03",
            "price": "9.04",
            "revenue": 1581458
        },
        "2003-04": {
            "month": "2003-04",
            "price": "9.17",
            "revenue": 1454374
        },
        "2003-05": {
            "month": "2003-05",
            "price": "8.79",
            "revenue": 1372661
        },
        "2003-06": {
            "month": "2003-06",
            "price": "9.38",
            "revenue": 965768
        },
        "2003-07": {
            "month": "2003-07",
            "price": "9.42",
            "revenue": 1369016
        },
        "2003-08": {
            "month": "2003-08",
            "price": "10.29",
            "revenue": 1524889
        },
        "2003-09": {
            "month": "2003-09",
            "price": "9.34",
            "revenue": 1531950
        },
        "2003-10": {
            "month": "2003-10",
            "price": "9.72",
            "revenue": 1555642
        },
        "2003-11": {
            "month": "2003-11",
            "price": "9.84",
            "revenue": 1567227
        },
        "2003-12": {
            "month": "2003-12",
            "price": "9.32",
            "revenue": 1527260
        },
        "2004-01": {
            "month": "2004-01",
            "price": "9.66",
            "revenue": 1299954
        },
        "2004-02": {
            "month": "2004-02",
            "price": "11.50",
            "revenue": 1343519
        },
        "2004-03": {
            "month": "2004-03",
            "price": "12.17",
            "revenue": 1639590
        },
        "2004-04": {
            "month": "2004-04",
            "price": "11.37",
            "revenue": 1624181
        },
        "2004-05": {
            "month": "2004-05",
            "price": "9.61",
            "revenue": 1602178
        },
        "2004-06": {
            "month": "2004-06",
            "price": "9.57",
            "revenue": 1570330
        },
        "2004-07": {
            "month": "2004-07",
            "price": "9.35",
            "revenue": 1555399
        },
        "2004-08": {
            "month": "2004-08",
            "price": "8.46",
            "revenue": 1622932
        },
        "2004-09": {
            "month": "2004-09",
            "price": "9.25",
            "revenue": 1729479
        },
        "2004-10": {
            "month": "2004-10",
            "price": "9.37",
            "revenue": 1750076
        },
        "2004-11": {
            "month": "2004-11",
            "price": "9.09",
            "revenue": 1754822
        },
        "2004-12": {
            "month": "2004-12",
            "price": "9.25",
            "revenue": 1655547
        },
        "2005-01": {
            "month": "2005-01",
            "price": "9.30",
            "revenue": 1649227
        },
        "2005-02": {
            "month": "2005-02",
            "price": "9.06",
            "revenue": 1352473
        },
        "2005-03": {
            "month": "2005-03",
            "price": "8.63",
            "revenue": 1967080
        },
        "2005-04": {
            "month": "2005-04",
            "price": "7.91",
            "revenue": 1771496
        },
        "2005-05": {
            "month": "2005-05",
            "price": "7.90",
            "revenue": 1532464
        },
        "2005-06": {
            "month": "2005-06",
            "price": "8.33",
            "revenue": 1142544
        },
        "2005-07": {
            "month": "2005-07",
            "price": "8.15",
            "revenue": 1062484
        },
        "2005-08": {
            "month": "2005-08",
            "price": "7.77",
            "revenue": 1260519
        },
        "2005-09": {
            "month": "2005-09",
            "price": "7.02",
            "revenue": 1228224
        },
        "2005-10": {
            "month": "2005-10",
            "price": "6.35",
            "revenue": 1300101
        },
        "2005-11": {
            "month": "2005-11",
            "price": "6.07",
            "revenue": 1342856
        },
        "2005-12": {
            "month": "2005-12",
            "price": "6.51",
            "revenue": 1257579
        },
        "2006-01": {
            "month": "2006-01",
            "price": "6.77",
            "revenue": 1168007
        },
        "2006-02": {
            "month": "2006-02",
            "price": "6.63",
            "revenue": 1211668
        },
        "2006-03": {
            "month": "2006-03",
            "price": "6.14",
            "revenue": 1597362
        },
        "2006-04": {
            "month": "2006-04",
            "price": "6.69",
            "revenue": 1608566
        },
        "2006-05": {
            "month": "2006-05",
            "price": "7.44",
            "revenue": 1653862
        },
        "2006-06": {
            "month": "2006-06",
            "price": "7.13",
            "revenue": 1723519
        },
        "2006-07": {
            "month": "2006-07",
            "price": "7.57",
            "revenue": 1858673
        },
        "2006-08": {
            "month": "2006-08",
            "price": "8.13",
            "revenue": 1870397
        },
        "2006-09": {
            "month": "2006-09",
            "price": "8.50",
            "revenue": 1832273
        },
        "2006-10": {
            "month": "2006-10",
            "price": "9.19",
            "revenue": 1839967
        },
        "2006-11": {
            "month": "2006-11",
            "price": "9.99",
            "revenue": 1905241
        },
        "2006-12": {
            "month": "2006-12",
            "price": "12.61",
            "revenue": 1908846
        },
        "2007-01": {
            "month": "2007-01",
            "price": "13.24",
            "revenue": 1732176
        },
        "2007-02": {
            "month": "2007-02",
            "price": "12.77",
            "revenue": 1573031
        },
        "2007-03": {
            "month": "2007-03",
            "price": "11.99",
            "revenue": 1916682
        },
        "2007-04": {
            "month": "2007-04",
            "price": "13.08",
            "revenue": 1901734
        },
        "2007-05": {
            "month": "2007-05",
            "price": "12.64",
            "revenue": 1966664
        },
        "2007-06": {
            "month": "2007-06",
            "price": "13.09",
            "revenue": 1980110
        },
        "2007-07": {
            "month": "2007-07",
            "price": "15.31",
            "revenue": 1983701
        },
        "2007-08": {
            "month": "2007-08",
            "price": "17.78",
            "revenue": 1925822
        },
        "2007-09": {
            "month": "2007-09",
            "price": "18.05",
            "revenue": 1928269
        },
        "2007-10": {
            "month": "2007-10",
            "price": "16.96",
            "revenue": 1946278
        },
        "2007-11": {
            "month": "2007-11",
            "price": "13.41",
            "revenue": 1931295
        },
        "2007-12": {
            "month": "2007-12",
            "price": "13.01",
            "revenue": 1903217
        },
        "2008-01": {
            "month": "2008-01",
            "price": "13.27",
            "revenue": 1702116
        },
        "2008-02": {
            "month": "2008-02",
            "price": "13.25",
            "revenue": 1778630
        },
        "2008-03": {
            "month": "2008-03",
            "price": "15.07",
            "revenue": 2156495
        },
        "2008-04": {
            "month": "2008-04",
            "price": "16.45",
            "revenue": 2019415
        },
        "2008-05": {
            "month": "2008-05",
            "price": "17.82",
            "revenue": 2082328
        },
        "2008-06": {
            "month": "2008-06",
            "price": "15.53",
            "revenue": 2085199
        },
        "2008-07": {
            "month": "2008-07",
            "price": "14.33",
            "revenue": 2261740
        },
        "2008-08": {
            "month": "2008-08",
            "price": "14.03",
            "revenue": 2267441
        },
        "2008-09": {
            "month": "2008-09",
            "price": "12.15",
            "revenue": 2102185
        },
        "2008-10": {
            "month": "2008-10",
            "price": "11.27",
            "revenue": 1980276
        },
        "2008-11": {
            "month": "2008-11",
            "price": "10.70",
            "revenue": 1442224
        },
        "2008-12": {
            "month": "2008-12",
            "price": "9.85",
            "revenue": 1435477
        },
        "2009-01": {
            "month": "2009-01",
            "price": "9.63",
            "revenue": 1258784
        },
        "2009-02": {
            "month": "2009-02",
            "price": "9.96",
            "revenue": 1354403
        },
        "2009-03": {
            "month": "2009-03",
            "price": "10.66",
            "revenue": 1731430
        },
        "2009-04": {
            "month": "2009-04",
            "price": "12.07",
            "revenue": 1688788
        },
        "2009-05": {
            "month": "2009-05",
            "price": "12.48",
            "revenue": 1692548
        },
        "2009-06": {
            "month": "2009-06",
            "price": "12.52",
            "revenue": 1685688
        },
        "2009-07": {
            "month": "2009-07",
            "price": "12.55",
            "revenue": 1724506
        },
        "2009-08": {
            "month": "2009-08",
            "price": "11.94",
            "revenue": 597507
        },
        "2009-09": {
            "month": "2009-09",
            "price": "11.70",
            "revenue": 1603812
        },
        "2009-10": {
            "month": "2009-10",
            "price": "11.88",
            "revenue": 1806116
        },
        "2009-11": {
            "month": "2009-11",
            "price": "11.90",
            "revenue": 1813673
        },
        "2009-12": {
            "month": "2009-12",
            "price": "11.98",
            "revenue": 1868491
        },
        "2010-01": {
            "month": "2010-01",
            "price": "12.33",
            "revenue": 1970971
        },
        "2010-02": {
            "month": "2010-02",
            "price": "11.42",
            "revenue": 1451358
        },
        "2010-03": {
            "month": "2010-03",
            "price": "12.07",
            "revenue": 1941871
        },
        "2010-04": {
            "month": "2010-04",
            "price": "12.63",
            "revenue": 2017373
        },
        "2010-05": {
            "month": "2010-05",
            "price": "13.12",
            "revenue": 2040306
        },
        "2010-06": {
            "month": "2010-06",
            "price": "13.46",
            "revenue": 1998734
        },
        "2010-07": {
            "month": "2010-07",
            "price": "14.49",
            "revenue": 2050458
        },
        "2010-08": {
            "month": "2010-08",
            "price": "15.13",
            "revenue": 1937481
        },
        "2010-09": {
            "month": "2010-09",
            "price": "15.57",
            "revenue": 1915269
        },
        "2010-10": {
            "month": "2010-10",
            "price": "16.24",
            "revenue": 1945282
        },
        "2010-11": {
            "month": "2010-11",
            "price": "15.84",
            "revenue": 1916460
        },
        "2010-12": {
            "month": "2010-12",
            "price": "15.96",
            "revenue": 1808957
        },
        "2011-01": {
            "month": "2011-01",
            "price": "15.92",
            "revenue": 1996446
        },
        "2011-02": {
            "month": "2011-02",
            "price": "15.40",
            "revenue": 1535021
        },
        "2011-03": {
            "month": "2011-03",
            "price": "15.36",
            "revenue": 1968393
        },
        "2011-04": {
            "month": "2011-04",
            "price": "17.02",
            "revenue": 1950725
        },
        "2011-05": {
            "month": "2011-05",
            "price": "17.22",
            "revenue": 1973360
        },
        "2011-06": {
            "month": "2011-06",
            "price": "16.75",
            "revenue": 1765837
        },
        "2011-07": {
            "month": "2011-07",
            "price": "18.41",
            "revenue": 1821418
        },
        "2011-08": {
            "month": "2011-08",
            "price": "17.76",
            "revenue": 2005415
        },
        "2011-09": {
            "month": "2011-09",
            "price": "15.80",
            "revenue": 2024354
        },
        "2011-10": {
            "month": "2011-10",
            "price": "15.11",
            "revenue": 1919540
        },
        "2011-11": {
            "month": "2011-11",
            "price": "14.45",
            "revenue": 1910461
        },
        "2011-12": {
            "month": "2011-12",
            "price": "13.88",
            "revenue": 1711476
        },
        "2012-01": {
            "month": "2012-01",
            "price": "14.17",
            "revenue": 1719272
        },
        "2012-02": {
            "month": "2012-02",
            "price": "16.12",
            "revenue": 1858852
        },
        "2012-03": {
            "month": "2012-03",
            "price": "16.02",
            "revenue": 2112692
        },
        "2012-04": {
            "month": "2012-04",
            "price": "15.10",
            "revenue": 2103050
        },
        "2012-05": {
            "month": "2012-05",
            "price": "15.46",
            "revenue": 2058371
        },
        "2012-06": {
            "month": "2012-06",
            "price": "14.92",
            "revenue": 1908165
        },
        "2012-07": {
            "month": "2012-07",
            "price": "16.39",
            "revenue": 1852103
        },
        "2012-08": {
            "month": "2012-08",
            "price": "17.45",
            "revenue": 1805277
        },
        "2012-09": {
            "month": "2012-09",
            "price": "16.87",
            "revenue": 1742047
        },
        "2012-10": {
            "month": "2012-10",
            "price": "17.07",
            "revenue": 1752710
        },
        "2012-11": {
            "month": "2012-11",
            "price": "16.51",
            "revenue": 1864622
        },
        "2012-12": {
            "month": "2012-12",
            "price": "16.78",
            "revenue": 1629909
        },
        "2013-01": {
            "month": "2013-01",
            "price": "17.18",
            "revenue": 2735023
        },
        "2013-02": {
            "month": "2013-02",
            "price": "17.40",
            "revenue": 1993693
        },
        "2013-03": {
            "month": "2013-03",
            "price": "18.23",
            "revenue": 2433805
        },
        "2013-04": {
            "month": "2013-04",
            "price": "20.67",
            "revenue": 2597429
        },
        "2013-05": {
            "month": "2013-05",
            "price": "23.25",
            "revenue": 2354952
        },
        "2013-06": {
            "month": "2013-06",
            "price": "25.54",
            "revenue": 2567554
        },
        "2013-07": {
            "month": "2013-07",
            "price": "26.61",
            "revenue": 3051089
        },
        "2013-08": {
            "month": "2013-08",
            "price": "26.07",
            "revenue": 3350928
        },
        "2013-09": {
            "month": "2013-09",
            "price": "27.26",
            "revenue": 3152926
        },
        "2013-10": {
            "month": "2013-10",
            "price": "30.54",
            "revenue": 3000882
        },
        "2013-11": {
            "month": "2013-11",
            "price": "30.84",
            "revenue": 2900113
        },
        "2013-12": {
            "month": "2013-12",
            "price": "30.78",
            "revenue": 3054159
        },
        "2014-01": {
            "month": "2014-01",
            "price": "29.53",
            "revenue": 3593674
        },
        "2014-02": {
            "month": "2014-02",
            "price": "30.74",
            "revenue": 2802520
        },
        "2014-03": {
            "month": "2014-03",
            "price": "32.70",
            "revenue": 3025419
        },
        "2014-04": {
            "month": "2014-04",
            "price": "33.61",
            "revenue": 2984266
        },
        "2014-05": {
            "month": "2014-05",
            "price": "31.26",
            "revenue": 2852791
        },
        "2014-06": {
            "month": "2014-06",
            "price": "31.09",
            "revenue": 3198427
        },
        "2014-07": {
            "month": "2014-07",
            "price": "28.05",
            "revenue": 3426610
        },
        "2014-08": {
            "month": "2014-08",
            "price": "23.81",
            "revenue": 3167447
        },
        "2014-09": {
            "month": "2014-09",
            "price": "22.29",
            "revenue": 2986144
        },
        "2014-10": {
            "month": "2014-10",
            "price": "18.54",
            "revenue": 2939806
        },
        "2014-11": {
            "month": "2014-11",
            "price": "17.12",
            "revenue": 2711819
        },
        "2014-12": {
            "month": "2014-12",
            "price": "19.19",
            "revenue": 2749039
        },
        "2015-01": {
            "month": "2015-01",
            "price": "19.80",
            "revenue": 4331338
        },
        "2015-02": {
            "month": "2015-02",
            "price": "21.45",
            "revenue": 2693457
        },
        "2015-03": {
            "month": "2015-03",
            "price": "22.76",
            "revenue": 3437975
        },
        "2015-04": {
            "month": "2015-04",
            "price": "22.30",
            "revenue": 2944460
        },
        "2015-05": {
            "month": "2015-05",
            "price": "22.19",
            "revenue": 2925020
        },
        "2015-06": {
            "month": "2015-06",
            "price": "19.52",
            "revenue": 3210406
        },
        "2015-07": {
            "month": "2015-07",
            "price": "17.63",
            "revenue": 3519796
        },
        "2015-08": {
            "month": "2015-08",
            "price": "15.44",
            "revenue": 2997220
        },
        "2015-09": {
            "month": "2015-09",
            "price": "15.57",
            "revenue": 2825366
        },
        "2015-10": {
            "month": "2015-10",
            "price": "16.35",
            "revenue": 2410347
        },
        "2015-11": {
            "month": "2015-11",
            "price": "15.38",
            "revenue": 2446801
        },
        "2015-12": {
            "month": "2015-12",
            "price": "15.23",
            "revenue": 2436441
        },
        "2016-01": {
            "month": "2016-01",
            "price": "14.60",
            "revenue": 3586559
        },
        "2016-02": {
            "month": "2016-02",
            "price": "14.98",
            "revenue": 1873671
        },
        "2016-03": {
            "month": "2016-03",
            "price": "15.44",
            "revenue": 2875734
        },
        "2016-04": {
            "month": "2016-04",
            "price": "15.44",
            "revenue": 2691349
        },
        "2016-05": {
            "month": "2016-05",
            "price": "14.96",
            "revenue": 2831049
        },
        "2016-06": {
            "month": "2016-06",
            "price": "14.73",
            "revenue": 2948692
        },
        "2016-07": {
            "month": "2016-07",
            "price": "14.40",
            "revenue": 2585852
        },
        "2016-08": {
            "month": "2016-08",
            "price": "14.36",
            "revenue": 2983689
        },
        "2016-09": {
            "month": "2016-09",
            "price": "13.99",
            "revenue": 2661669
        },
        "2016-10": {
            "month": "2016-10",
            "price": "13.80",
            "revenue": 2563140
        },
        "2016-11": {
            "month": "2016-11",
            "price": "13.50",
            "revenue": 2369044
        },
        "2016-12": {
            "month": "2016-12",
            "price": "13.93",
            "revenue": 2778197
        },
        "2017-01": {
            "month": "2017-01",
            "price": "14.08",
            "revenue": 2484943
        },
        "2017-02": {
            "month": "2017-02",
            "price": "15.18",
            "revenue": 2341166
        },
        "2017-03": {
            "month": "2017-03",
            "price": "15.50",
            "revenue": 2857485
        },
        "2017-04": {
            "month": "2017-04",
            "price": "15.03",
            "revenue": 2443064
        },
        "2017-05": {
            "month": "2017-05",
            "price": "14.35",
            "revenue": 2641433
        },
        "2017-06": {
            "month": "2017-06",
            "price": "14.51",
            "revenue": 2872555
        },
        "2017-07": {
            "month": "2017-07",
            "price": "14.41",
            "revenue": 2984235
        },
        "2017-08": {
            "month": "2017-08",
            "price": "14.19",
            "revenue": 3270305
        },
        "2017-09": {
            "month": "2017-09",
            "price": "13.97",
            "revenue": 2818839
        },
        "2017-10": {
            "month": "2017-10",
            "price": "13.86",
            "revenue": 2609264
        },
        "2017-11": {
            "month": "2017-11",
            "price": "13.61",
            "revenue": 2523523
        },
        "2017-12": {
            "month": "2017-12",
            "price": "13.68",
            "revenue": 2820571
        },
        "2018-01": {
            "month": "2018-01",
            "price": "13.97",
            "revenue": 3316495
        },
        "2018-02": {
            "month": "2018-02",
            "price": "13.38",
            "revenue": 1984366
        },
        "2018-03": {
            "month": "2018-03",
            "price": "13.22",
            "revenue": 2852201
        },
        "2018-04": {
            "month": "2018-04",
            "price": "12.94",
            "revenue": 3181391
        },
        "2018-05": {
            "month": "2018-05",
            "price": "12.65",
            "revenue": 3092717
        },
        "2018-06": {
            "month": "2018-06",
            "price": "12.73",
            "revenue": 3187125
        },
        "2018-07": {
            "month": "2018-07",
            "price": "12.30",
            "revenue": 3065764
        },
        "2018-08": {
            "month": "2018-08",
            "price": "13.24",
            "revenue": 3287836
        },
        "2018-09": {
            "month": "2018-09",
            "price": "13.81",
            "revenue": 2868880
        },
        "2018-10": {
            "month": "2018-10",
            "price": "13.59",
            "revenue": 2632172
        },
        "2018-11": {
            "month": "2018-11",
            "price": "12.68",
            "revenue": 2511291
        },
        "2018-12": {
            "month": "2018-12",
            "price": "12.31",
            "revenue": 3123568
        },
        "2019-01": {
            "month": "2019-01",
            "price": "12.60",
            "revenue": 2975763
        },
        "2019-02": {
            "month": "2019-02",
            "price": "13.31",
            "revenue": 1853053
        },
        "2019-03": {
            "month": "2019-03",
            "price": "13.05",
            "revenue": 2948467
        },
        "2019-04": {
            "month": "2019-04",
            "price": "12.71",
            "revenue": 2566659
        },
        "2019-05": {
            "month": "2019-05",
            "price": "12.47",
            "revenue": 2855861
        },
        "2019-06": {
            "month": "2019-06",
            "price": "12.60",
            "revenue": 2997211
        },
        "2019-07": {
            "month": "2019-07",
            "price": "12.85",
            "revenue": 2972866
        },
        "2019-08": {
            "month": "2019-08",
            "price": "12.21",
            "revenue": 2956284
        },
        "2019-09": {
            "month": "2019-09",
            "price": "12.06",
            "revenue": 2846368
        },
        "2019-10": {
            "month": "2019-10",
            "price": "12.01",
            "revenue": 2282071
        },
        "2019-11": {
            "month": "2019-11",
            "price": "11.99",
            "revenue": 2388447
        },
        "2019-12": {
            "month": "2019-12",
            "price": "11.79",
            "revenue": 2884485
        },
        "2020-01": {
            "month": "2020-01",
            "price": "11.45",
            "revenue": 2064824
        },
        "2020-02": {
            "month": "2020-02",
            "price": "10.79",
            "revenue": 1490145
        },
        "2020-03": {
            "month": "2020-03",
            "price": "9.08",
            "revenue": 2644107
        },
        "2020-04": {
            "month": "2020-04",
            "price": "8.63",
            "revenue": 2542882
        },
        "2020-05": {
            "month": "2020-05",
            "price": "8.73",
            "revenue": 2484522
        },
        "2020-06": {
            "month": "2020-06",
            "price": "9.14",
            "revenue": 2739695
        },
        "2020-07": {
            "month": "2020-07",
            "price": "9.45",
            "revenue": 2900309
        },
        "2020-08": {
            "month": "2020-08",
            "price": "9.32",
            "revenue": 3192152
        },
        "2020-09": {
            "month": "2020-09",
            "price": "10.15",
            "revenue": 2984799
        },
        "2020-10": {
            "month": "2020-10",
            "price": "10.15",
            "revenue": 2363827
        },
        "2020-11": {
            "month": "2020-11",
            "price": "10.80",
            "revenue": 2157482
        },
        "2020-12": {
            "month": "2020-12",
            "price": "11.49",
            "revenue": 2370221
        },
        "2021-01": {
            "month": "2021-01",
            "price": "10.90",
            "revenue": 2970505
        },
        "2021-02": {
            "month": "2021-02",
            "price": "10.70",
            "revenue": 2225775
        },
        "2021-03": {
            "month": "2021-03",
            "price": "11.48",
            "revenue": 2967004
        },
        "2021-04": {
            "month": "2021-04",
            "price": "14.17",
            "revenue": 3282261
        },
        "2021-05": {
            "month": "2021-05",
            "price": "13.60",
            "revenue": 3587546
        },
        "2021-06": {
            "month": "2021-06",
            "price": "14.16",
            "revenue": 3689667
        },
        "2021-07": {
            "month": "2021-07",
            "price": "15.36",
            "revenue": 3905986
        },
        "2021-08": {
            "month": "2021-08",
            "price": "14.28",
            "revenue": 3802884
        },
        "2021-09": {
            "month": "2021-09",
            "price": "13.81",
            "revenue": 3977562
        },
        "2021-10": {
            "month": "2021-10",
            "price": "13.22",
            "revenue": 3199652
        },
        "2021-11": {
            "month": "2021-11",
            "price": "13.27",
            "revenue": 3793514
        },
        "2021-12": {
            "month": "2021-12",
            "price": "13.62",
            "revenue": 4487370
        },
        "2022-01": {
            "month": "2022-01",
            "price": "14.33",
            "revenue": 4013227
        },
        "2022-02": {
            "month": "2022-02",
            "price": "14.66",
            "revenue": 2923894
        },
        "2022-03": {
            "month": "2022-03",
            "price": "16.28",
            "revenue": 3494725
        },
        "2022-04": {
            "month": "2022-04",
            "price": "16.93",
            "revenue": 4072123
        },
        "2022-05": {
            "month": "2022-05",
            "price": "15.97",
            "revenue": 4045524
        },
        "2022-06": {
            "month": "2022-06",
            "price": "16.01",
            "revenue": 4002398
        },
        "2022-07": {
            "month": "2022-07",
            "price": "14.79",
            "revenue": 4242111
        },
        "2022-08": {
            "month": "2022-08",
            "price": "18.90",
            "revenue": 4084329
        },
        "2022-09": {
            "month": "2022-09",
            "price": "19.56",
            "revenue": 3523156
        },
        "2022-10": {
            "month": "2022-10",
            "price": "17.23",
            "revenue": 2956478
        },
        "2022-11": {
            "month": "2022-11",
            "price": "17.08",
            "revenue": 2572870
        },
        "2022-12": {
            "month": "2022-12",
            "price": "17.32",
            "revenue": 3549445
        },
        "2023-01": {
            "month": "2023-01",
            "price": "17.20",
            "revenue": 2263825
        },
        "2023-02": {
            "month": "2023-02",
            "price": "17.64",
            "revenue": 3081986
        },
        "2023-03": {
            "month": "2023-03",
            "price": "18.85",
            "revenue": 3557379
        },
        "2023-04": {
            "month": "2023-04",
            "price": "20.21",
            "revenue": 3340663
        }
    }
}
