{
    "summary": {
        "stock_name": "大台北",
        "stock_id": "9908",
        "category": "油電燃氣",
        "main_business": "1.瓦斯之供應2.瓦斯設備裝置工程及有關器材製造及供應<br>3.瓦斯器材之行紀業務4.度量衡及瓦斯錶之修理輸入販賣業務<br>5.其他有關事業之經營6-9.租賃業....等10.第一類電信事業",
        "website_url": "http://www.taipeigas.com.tw",
        "ceo": "陳振東",
        "pe_ratio": 19,
        "report_year_from": 2001,
        "report_year_to": 2023,
        "age": 22,
        "eps_negative_percentage": 0,
        "eps_growth_avg": {
            "last_all": 8.7,
            "last_2y": -2.38,
            "last_4y": 1.17,
            "last_8y": 3.19,
            "last_12y": 4.51,
            "last_16y": 5.07,
            "last_20y": 8.7,
            "at_2006_last_3y": 35.69,
            "at_2007_last_3y": 3.28,
            "at_2008_last_3y": 5.51,
            "at_2009_last_3y": 6.88,
            "at_2010_last_3y": 4.4,
            "at_2011_last_3y": 9.79,
            "at_2012_last_3y": 9.7,
            "at_2013_last_3y": 7.48,
            "at_2014_last_3y": -1.67,
            "at_2015_last_3y": 1.17,
            "at_2016_last_3y": 4.43,
            "at_2017_last_3y": 5.72,
            "at_2018_last_3y": 1.15,
            "at_2019_last_3y": 9.7,
            "at_2020_last_3y": 4.91,
            "at_2021_last_3y": 4.32,
            "at_2022_last_3y": 5.03,
            "at_2023_last_3y": 5.03,
            "at_2006_last_all": 29.4,
            "at_2007_last_all": 17.86,
            "at_2008_last_all": 15.97,
            "at_2009_last_all": 15.5,
            "at_2010_last_all": 18.29,
            "at_2011_last_all": 14.63,
            "at_2012_last_all": 13.69,
            "at_2013_last_all": 12.83,
            "at_2014_last_all": 12.15,
            "at_2015_last_all": 10.79,
            "at_2016_last_all": 11.22,
            "at_2017_last_all": 11.05,
            "at_2018_last_all": 9.56,
            "at_2019_last_all": 10.54,
            "at_2020_last_all": 9.9,
            "at_2021_last_all": 9.7,
            "at_2022_last_all": 8.7,
            "at_2023_last_all": 8.7
        },
        "latest_eps": 1.74,
        "latest_price": 32.9,
        "latest_roe": 6.68,
        "latest_gross_margin": 24.8,
        "latest_equity": 13975526,
        "latest_revenue": 930935,
        "latest_gross_profit": 230870,
        "latest_net_income": 259915,
        "latest_debt_ratio": 27.72,
        "latest_current_ratio": 338.91,
        "latest_account_receivable_turnover_ratio": 2.31,
        "latest_inventory_turnover_ratio": 4.6,
        "latest_reinvestment_rate": 26.21,
        "latest_research_to_sale_ratio": null
    },
    "eps_dividends": {
        "1991": {
            "cash": 0.3,
            "stock": 1.7,
            "eps": 0
        },
        "1993": {
            "cash": 0,
            "stock": 1,
            "eps": 0
        },
        "1995": {
            "cash": 0.35,
            "stock": 0.35,
            "eps": 0
        },
        "1996": {
            "cash": 0.35,
            "stock": 0.35,
            "eps": 0
        },
        "1997": {
            "cash": 0.45,
            "stock": 0.35,
            "eps": 0
        },
        "1998": {
            "cash": 0,
            "stock": 1.01,
            "eps": 0
        },
        "1999": {
            "cash": 0,
            "stock": 1.32,
            "eps": 0
        },
        "2000": {
            "cash": 0.2,
            "stock": 0.6,
            "eps": 0
        },
        "2001": {
            "cash": 0.1,
            "stock": 0.18,
            "eps": 0.47
        },
        "2002": {
            "cash": 0.4,
            "stock": 0,
            "eps": 0.49
        },
        "2003": {
            "cash": 0.44,
            "stock": 0,
            "eps": 0.93
        },
        "2004": {
            "cash": 0.7,
            "stock": 0,
            "eps": 0.89
        },
        "2005": {
            "cash": 0.75,
            "stock": 0,
            "eps": 0.95
        },
        "2006": {
            "cash": 0.78,
            "stock": 0,
            "eps": 1.43
        },
        "2007": {
            "cash": 1,
            "stock": 0,
            "eps": 0.86
        },
        "2008": {
            "cash": 0.8,
            "stock": 0,
            "eps": 0.9
        },
        "2009": {
            "cash": 0.8,
            "stock": 0,
            "eps": 1.01
        },
        "2010": {
            "cash": 0.8,
            "stock": 0,
            "eps": 1.42
        },
        "2011": {
            "cash": 2,
            "stock": 0,
            "eps": 1.16
        },
        "2012": {
            "cash": 0,
            "stock": 0,
            "eps": 1.21
        },
        "2013": {
            "cash": 1,
            "stock": 0,
            "eps": 1.25
        },
        "2014": {
            "cash": 1,
            "stock": 0,
            "eps": 1.3
        },
        "2015": {
            "cash": 1,
            "stock": 0,
            "eps": 1.21
        },
        "2016": {
            "cash": 1,
            "stock": 0,
            "eps": 1.42
        },
        "2017": {
            "cash": 1,
            "stock": 0,
            "eps": 1.54
        },
        "2018": {
            "cash": 1.1,
            "stock": 0,
            "eps": 1.32
        },
        "2019": {
            "cash": 1.1,
            "stock": 0,
            "eps": 1.68
        },
        "2020": {
            "cash": 1.1,
            "stock": 0,
            "eps": 1.65
        },
        "2021": {
            "cash": 1.1,
            "stock": 0,
            "eps": 1.75
        },
        "2022": {
            "cash": 1.1,
            "stock": 0,
            "eps": 1.55
        },
        "2023": {
            "cash": 1.1,
            "stock": 0,
            "eps": 0.51
        }
    },
    "dividends": {
        "1991-06-29": {
            "cash": 0.3,
            "stock": 1.7
        },
        "1993-06-05": {
            "cash": 0,
            "stock": 1
        },
        "1995-05-20": {
            "cash": 0.35,
            "stock": 0.35
        },
        "1996-05-11": {
            "cash": 0.35,
            "stock": 0.35
        },
        "1997-05-10": {
            "cash": 0.45,
            "stock": 0.35
        },
        "1998-05-29": {
            "cash": 0,
            "stock": 1.01
        },
        "1999-05-07": {
            "cash": 0,
            "stock": 1.32
        },
        "2000-04-21": {
            "cash": 0.2,
            "stock": 0.6
        },
        "2001-05-18": {
            "cash": 0.1,
            "stock": 0.18
        },
        "2002-06-14": {
            "cash": 0.4,
            "stock": 0
        },
        "2003-03-26": {
            "cash": 0.44,
            "stock": 0
        },
        "2004-04-01": {
            "cash": 0.7,
            "stock": 0
        },
        "2005-04-14": {
            "cash": 0.75,
            "stock": 0
        },
        "2006-06-02": {
            "cash": 0.78,
            "stock": 0
        },
        "2007-03-29": {
            "cash": 1,
            "stock": 0
        },
        "2008-04-17": {
            "cash": 0.8,
            "stock": 0
        },
        "2009-03-26": {
            "cash": 0.8,
            "stock": 0
        },
        "2010-04-22": {
            "cash": 0.8,
            "stock": 0
        },
        "2011-01-01": {
            "cash": 1,
            "stock": 0
        },
        "2011-04-14": {
            "cash": 1,
            "stock": 0
        },
        "2013-03-21": {
            "cash": 1,
            "stock": 0
        },
        "2014-08-14": {
            "cash": 1,
            "stock": 0
        },
        "2015-08-20": {
            "cash": 1,
            "stock": 0
        },
        "2016-08-23": {
            "cash": 1,
            "stock": 0
        },
        "2017-08-22": {
            "cash": 1,
            "stock": 0
        },
        "2018-08-23": {
            "cash": 1.1,
            "stock": 0
        },
        "2019-08-23": {
            "cash": 1.1,
            "stock": 0
        },
        "2020-08-14": {
            "cash": 1.1,
            "stock": 0
        },
        "2021-09-29": {
            "cash": 1.1,
            "stock": 0
        },
        "2022-08-31": {
            "cash": 1.1,
            "stock": 0
        },
        "2023-03-16": {
            "cash": 1.1,
            "stock": 0
        }
    },
    "prices": {
        "200101": "12.64",
        "200102": "15.81",
        "200103": "15.40",
        "200104": "13.46",
        "200105": "11.40",
        "200106": "10.17",
        "200107": "9.69",
        "200108": "10.32",
        "200109": "10.60",
        "200110": "10.15",
        "200111": "9.98",
        "200112": "10.51",
        "200201": "11.22",
        "200202": "10.85",
        "200203": "11.30",
        "200204": "11.93",
        "200205": "11.04",
        "200206": "11.05",
        "200207": "10.05",
        "200208": "9.52",
        "200209": "8.95",
        "200210": "9.51",
        "200211": "9.27",
        "200212": "9.36",
        "200301": "10.50",
        "200302": "10.34",
        "200303": "9.69",
        "200304": "10.23",
        "200305": "10.10",
        "200306": "9.99",
        "200307": "9.89",
        "200308": "9.70",
        "200309": "9.55",
        "200310": "9.84",
        "200311": "10.14",
        "200312": "10.16",
        "200401": "10.90",
        "200402": "13.32",
        "200403": "13.47",
        "200404": "13.64",
        "200405": "12.76",
        "200406": "11.98",
        "200407": "11.85",
        "200408": "11.87",
        "200409": "12.36",
        "200410": "12.54",
        "200411": "12.31",
        "200412": "12.23",
        "200501": "12.51",
        "200502": "12.20",
        "200503": "12.56",
        "200504": "12.05",
        "200505": "12.77",
        "200506": "12.87",
        "200507": "12.67",
        "200508": "12.75",
        "200509": "12.48",
        "200510": "12.12",
        "200511": "12.18",
        "200512": "12.24",
        "200601": "12.21",
        "200602": "12.11",
        "200603": "12.13",
        "200604": "12.46",
        "200605": "14.60",
        "200606": "13.15",
        "200607": "12.88",
        "200608": "12.90",
        "200609": "13.76",
        "200610": "14.40",
        "200611": "15.39",
        "200612": "16.43",
        "200701": "16.46",
        "200702": "18.04",
        "200703": "18.10",
        "200704": "19.02",
        "200705": "17.39",
        "200706": "16.67",
        "200707": "18.12",
        "200708": "16.01",
        "200709": "16.28",
        "200710": "16.52",
        "200711": "16.30",
        "200712": "15.82",
        "200801": "15.90",
        "200802": "16.55",
        "200803": "17.80",
        "200804": "19.55",
        "200805": "22.06",
        "200806": "21.09",
        "200807": "17.78",
        "200808": "18.19",
        "200809": "15.61",
        "200810": "13.43",
        "200811": "11.43",
        "200812": "11.48",
        "200901": "11.58",
        "200902": "11.42",
        "200903": "12.32",
        "200904": "14.05",
        "200905": "14.83",
        "200906": "15.34",
        "200907": "16.16",
        "200908": "15.54",
        "200909": "15.72",
        "200910": "16.55",
        "200911": "16.15",
        "200912": "16.55",
        "201001": "17.45",
        "201002": "17.76",
        "201003": "18.08",
        "201004": "18.08",
        "201005": "17.20",
        "201006": "17.26",
        "201007": "16.82",
        "201008": "17.02",
        "201009": "17.13",
        "201010": "17.48",
        "201011": "17.52",
        "201012": "18.39",
        "201101": "18.53",
        "201102": "17.91",
        "201103": "17.77",
        "201104": "18.24",
        "201105": "18.24",
        "201106": "18.45",
        "201107": "17.96",
        "201108": "17.52",
        "201109": "17.33",
        "201110": "17.45",
        "201111": "18.03",
        "201112": "18.02",
        "201201": "17.97",
        "201202": "18.39",
        "201203": "18.84",
        "201204": "18.57",
        "201205": "18.80",
        "201206": "19.04",
        "201207": "18.84",
        "201208": "19.31",
        "201209": "20.71",
        "201210": "20.19",
        "201211": "19.70",
        "201212": "20.46",
        "201301": "20.92",
        "201302": "21.41",
        "201303": "21.52",
        "201304": "21.84",
        "201305": "22.03",
        "201306": "21.84",
        "201307": "22.20",
        "201308": "22.17",
        "201309": "22.13",
        "201310": "22.20",
        "201311": "22.14",
        "201312": "22.19",
        "201401": "23.14",
        "201402": "23.07",
        "201403": "23.16",
        "201404": "23.47",
        "201405": "23.69",
        "201406": "24.38",
        "201407": "24.85",
        "201408": "24.03",
        "201409": "24.00",
        "201410": "23.36",
        "201411": "23.02",
        "201412": "22.93",
        "201501": "23.00",
        "201502": "23.25",
        "201503": "23.45",
        "201504": "23.55",
        "201505": "24.04",
        "201506": "23.80",
        "201507": "23.18",
        "201508": "22.41",
        "201509": "21.61",
        "201510": "22.03",
        "201511": "22.09",
        "201512": "22.08",
        "201601": "22.12",
        "201602": "22.45",
        "201603": "23.07",
        "201604": "23.23",
        "201605": "23.20",
        "201606": "23.28",
        "201607": "23.78",
        "201608": "23.45",
        "201609": "23.84",
        "201610": "23.75",
        "201611": "23.91",
        "201612": "24.26",
        "201701": "24.29",
        "201702": "24.38",
        "201703": "24.57",
        "201704": "25.06",
        "201705": "25.34",
        "201706": "25.52",
        "201707": "25.34",
        "201708": "24.87",
        "201709": "25.20",
        "201710": "25.48",
        "201711": "26.19",
        "201712": "26.67",
        "201801": "26.85",
        "201802": "27.50",
        "201803": "27.85",
        "201804": "27.83",
        "201805": "27.89",
        "201806": "27.84",
        "201807": "27.65",
        "201808": "27.53",
        "201809": "28.27",
        "201810": "28.53",
        "201811": "28.57",
        "201812": "28.95",
        "201901": "29.11",
        "201902": "29.14",
        "201903": "29.32",
        "201904": "29.35",
        "201905": "29.15",
        "201906": "29.26",
        "201907": "29.61",
        "201908": "29.33",
        "201909": "30.04",
        "201910": "30.60",
        "201911": "31.29",
        "201912": "31.28",
        "202001": "31.69",
        "202002": "31.78",
        "202003": "29.64",
        "202004": "29.92",
        "202005": "30.08",
        "202006": "30.66",
        "202007": "30.97",
        "202008": "30.71",
        "202009": "30.93",
        "202010": "31.31",
        "202011": "32.09",
        "202012": "34.42",
        "202101": "33.55",
        "202102": "33.25",
        "202103": "33.66",
        "202104": "33.77",
        "202105": "33.67",
        "202106": "33.52",
        "202107": "33.42",
        "202108": "33.38",
        "202109": "32.98",
        "202110": "33.10",
        "202111": "33.27",
        "202112": "33.14",
        "202201": "33.03",
        "202202": "32.99",
        "202203": "32.96",
        "202204": "33.24",
        "202205": "32.94",
        "202206": "33.15",
        "202207": "33.40",
        "202208": "32.86",
        "202209": "32.25",
        "202210": "30.20",
        "202211": "30.79",
        "202212": "31.29",
        "202301": "31.02",
        "202302": "31.14",
        "202303": "31.40",
        "202304": "31.67",
        "202305": "32.23",
        "202306": "32.72"
    },
    "quarters": {
        "20011": {
            "year_quarter": 20011,
            "year": 2001,
            "quarter": 1,
            "eps": 0.16,
            "eps_growth_year": -15.79,
            "eps_4q": 0.22,
            "eps_4q_growth_year": -74.54,
            "roe": 1.36,
            "roe_4q": 1.36,
            "gross_profit": 87943,
            "gross_margin": 11.83,
            "gross_margin_4q_avg": 11.83,
            "net_income": 85723,
            "revenue": 743225,
            "common_shares": 5302000,
            "book_valuer_per_share": 11.99,
            "book_valuer_per_share_4q_avg": 11.99,
            "equity": 6356203,
            "current_ratio": 187.8,
            "debt_ratio": 36.23,
            "inventory_turnover_ratio": 2.87,
            "account_receivable_turnover_ratio": null,
            "reinvestment_rate": null,
            "research_to_sale_ratio": null,
            "price_fair": 0,
            "eps_avg_yearly": 0,
            "eps_latest_yearly": 0,
            "eps_growth_yearly": 0
        },
        "20012": {
            "year_quarter": 20012,
            "year": 2001,
            "quarter": 2,
            "eps": 0.05,
            "eps_growth_year": -28.57,
            "eps_4q": 0.2,
            "eps_4q_growth_year": -72.69,
            "roe": 0.46,
            "roe_4q": 1.82,
            "gross_profit": 77132,
            "gross_margin": 12.06,
            "gross_margin_4q_avg": 11.95,
            "net_income": 28878,
            "revenue": 639682,
            "common_shares": 5302000,
            "book_valuer_per_share": 11.93,
            "book_valuer_per_share_4q_avg": 11.96,
            "equity": 6324445,
            "current_ratio": 162.85,
            "debt_ratio": 36.42,
            "inventory_turnover_ratio": 2.38,
            "account_receivable_turnover_ratio": null,
            "reinvestment_rate": null,
            "research_to_sale_ratio": null,
            "price_fair": 0,
            "eps_avg_yearly": 0,
            "eps_latest_yearly": 0,
            "eps_growth_yearly": 0
        },
        "20013": {
            "year_quarter": 20013,
            "year": 2001,
            "quarter": 3,
            "eps": 0.06,
            "eps_growth_year": 50,
            "eps_4q": 0.23,
            "eps_4q_growth_year": -64.38,
            "roe": 0.52,
            "roe_4q": 2.34,
            "gross_profit": 54570,
            "gross_margin": 9.74,
            "gross_margin_4q_avg": 11.21,
            "net_income": 32546,
            "revenue": 560092,
            "common_shares": 5398000,
            "book_valuer_per_share": 11.58,
            "book_valuer_per_share_4q_avg": 11.83,
            "equity": 6251392,
            "current_ratio": 123.5,
            "debt_ratio": 37.3,
            "inventory_turnover_ratio": 2.09,
            "account_receivable_turnover_ratio": null,
            "reinvestment_rate": null,
            "research_to_sale_ratio": null,
            "price_fair": 0,
            "eps_avg_yearly": 0,
            "eps_latest_yearly": 0,
            "eps_growth_yearly": 0
        },
        "20014": {
            "year_quarter": 20014,
            "year": 2001,
            "quarter": 4,
            "eps": 0.2,
            "eps_growth_year": null,
            "eps_4q": 0.48,
            "eps_4q_growth_year": 91.58,
            "roe": 1.68,
            "roe_4q": 4.0200000000000005,
            "gross_profit": 120543,
            "gross_margin": 16.6,
            "gross_margin_4q_avg": 12.56,
            "net_income": 105505,
            "revenue": 725989,
            "common_shares": 5398000,
            "book_valuer_per_share": 11.75,
            "book_valuer_per_share_4q_avg": 11.81,
            "equity": 6340970,
            "current_ratio": 104.29,
            "debt_ratio": 38.3,
            "inventory_turnover_ratio": 2.61,
            "account_receivable_turnover_ratio": null,
            "reinvestment_rate": null,
            "research_to_sale_ratio": null,
            "price_fair": 0,
            "eps_avg_yearly": 0,
            "eps_latest_yearly": 0,
            "eps_growth_yearly": 0
        },
        "20021": {
            "year_quarter": 20021,
            "year": 2002,
            "quarter": 1,
            "eps": 0.04,
            "eps_growth_year": -75,
            "eps_4q": 0.31,
            "eps_4q_growth_year": 39.96,
            "roe": 0.38,
            "roe_4q": 3.04,
            "gross_profit": 85731,
            "gross_margin": 11.51,
            "gross_margin_4q_avg": 12.48,
            "net_income": 24295,
            "revenue": 745158,
            "common_shares": 5398000,
            "book_valuer_per_share": 11.79,
            "book_valuer_per_share_4q_avg": 11.76,
            "equity": 6362137,
            "current_ratio": 86.74,
            "debt_ratio": 39.82,
            "inventory_turnover_ratio": 2.97,
            "account_receivable_turnover_ratio": null,
            "reinvestment_rate": null,
            "research_to_sale_ratio": null,
            "price_fair": 0.48,
            "eps_avg_yearly": 0.16,
            "eps_latest_yearly": 0.16,
            "eps_growth_yearly": -320
        },
        "20022": {
            "year_quarter": 20022,
            "year": 2002,
            "quarter": 2,
            "eps": 0.24,
            "eps_growth_year": 380,
            "eps_4q": 0.54,
            "eps_4q_growth_year": 175,
            "roe": 2.04,
            "roe_4q": 4.619999999999999,
            "gross_profit": 75966,
            "gross_margin": 12.86,
            "gross_margin_4q_avg": 12.68,
            "net_income": 128582,
            "revenue": 590565,
            "common_shares": 5398000,
            "book_valuer_per_share": 11.62,
            "book_valuer_per_share_4q_avg": 11.69,
            "equity": 6270133,
            "current_ratio": 78.91,
            "debt_ratio": 40.99,
            "inventory_turnover_ratio": 2.42,
            "account_receivable_turnover_ratio": null,
            "reinvestment_rate": null,
            "research_to_sale_ratio": null,
            "price_fair": 19.6,
            "eps_avg_yearly": 0.56,
            "eps_latest_yearly": 0.96,
            "eps_growth_yearly": 840
        },
        "20023": {
            "year_quarter": 20023,
            "year": 2002,
            "quarter": 3,
            "eps": 0.02,
            "eps_growth_year": -66.67,
            "eps_4q": 0.41,
            "eps_4q_growth_year": 80.04,
            "roe": 0.21,
            "roe_4q": 4.31,
            "gross_profit": 45746,
            "gross_margin": 8.7,
            "gross_margin_4q_avg": 12.42,
            "net_income": 13088,
            "revenue": 526027,
            "common_shares": 5398000,
            "book_valuer_per_share": 11.64,
            "book_valuer_per_share_4q_avg": 11.7,
            "equity": 6280974,
            "current_ratio": 86.67,
            "debt_ratio": 40.42,
            "inventory_turnover_ratio": 2.33,
            "account_receivable_turnover_ratio": null,
            "reinvestment_rate": null,
            "research_to_sale_ratio": null,
            "price_fair": 14,
            "eps_avg_yearly": 0.4,
            "eps_latest_yearly": 0.08,
            "eps_growth_yearly": 437.78
        },
        "20024": {
            "year_quarter": 20024,
            "year": 2002,
            "quarter": 4,
            "eps": 0.19,
            "eps_growth_year": -5,
            "eps_4q": 0.51,
            "eps_4q_growth_year": 5.68,
            "roe": 1.58,
            "roe_4q": 4.21,
            "gross_profit": 106719,
            "gross_margin": 15.3,
            "gross_margin_4q_avg": 12.09,
            "net_income": 99738,
            "revenue": 697445,
            "common_shares": 5398000,
            "book_valuer_per_share": 11.7,
            "book_valuer_per_share_4q_avg": 11.69,
            "equity": 6313520,
            "current_ratio": 101.87,
            "debt_ratio": 41.88,
            "inventory_turnover_ratio": 2.89,
            "account_receivable_turnover_ratio": null,
            "reinvestment_rate": 35.78,
            "research_to_sale_ratio": null,
            "price_fair": 17.15,
            "eps_avg_yearly": 0.49,
            "eps_latest_yearly": 0.76,
            "eps_growth_yearly": 1178.33
        },
        "20031": {
            "year_quarter": 20031,
            "year": 2003,
            "quarter": 1,
            "eps": 0.13,
            "eps_growth_year": 225,
            "eps_4q": 0.59,
            "eps_4q_growth_year": 87.06,
            "roe": 1.08,
            "roe_4q": 4.91,
            "gross_profit": 93893,
            "gross_margin": 12.68,
            "gross_margin_4q_avg": 12.39,
            "net_income": 68383,
            "revenue": 740741,
            "common_shares": 5258000,
            "book_valuer_per_share": 12,
            "book_valuer_per_share_4q_avg": 11.74,
            "equity": 6310522,
            "current_ratio": 89.93,
            "debt_ratio": 42.49,
            "inventory_turnover_ratio": 3.41,
            "account_receivable_turnover_ratio": null,
            "reinvestment_rate": 46.19,
            "research_to_sale_ratio": null,
            "price_fair": 17.36,
            "eps_avg_yearly": 0.5,
            "eps_latest_yearly": 0.52,
            "eps_growth_yearly": 917.4
        },
        "20032": {
            "year_quarter": 20032,
            "year": 2003,
            "quarter": 2,
            "eps": 0.05,
            "eps_growth_year": -79.17,
            "eps_4q": 0.39,
            "eps_4q_growth_year": -28.03,
            "roe": 0.43,
            "roe_4q": 3.3,
            "gross_profit": 65955,
            "gross_margin": 10.75,
            "gross_margin_4q_avg": 11.86,
            "net_income": 26583,
            "revenue": 613667,
            "common_shares": 5258000,
            "book_valuer_per_share": 11.46,
            "book_valuer_per_share_4q_avg": 11.7,
            "equity": 6025713,
            "current_ratio": 64.62,
            "debt_ratio": 44.79,
            "inventory_turnover_ratio": 2.97,
            "account_receivable_turnover_ratio": null,
            "reinvestment_rate": 55.99,
            "research_to_sale_ratio": null,
            "price_fair": 15.63,
            "eps_avg_yearly": 0.45,
            "eps_latest_yearly": 0.2,
            "eps_growth_yearly": 723.48
        },
        "20033": {
            "year_quarter": 20033,
            "year": 2003,
            "quarter": 3,
            "eps": 0.61,
            "eps_growth_year": 2950,
            "eps_4q": 0.99,
            "eps_4q_growth_year": 139.6,
            "roe": 5.01,
            "roe_4q": 8.1,
            "gross_profit": 73251,
            "gross_margin": 12.66,
            "gross_margin_4q_avg": 12.85,
            "net_income": 309340,
            "revenue": 578546,
            "common_shares": 5188000,
            "book_valuer_per_share": 12.21,
            "book_valuer_per_share_4q_avg": 11.84,
            "equity": 6335053,
            "current_ratio": 65.71,
            "debt_ratio": 43.68,
            "inventory_turnover_ratio": 2.7,
            "account_receivable_turnover_ratio": null,
            "reinvestment_rate": 46.04,
            "research_to_sale_ratio": null,
            "price_fair": 25.6,
            "eps_avg_yearly": 0.73,
            "eps_latest_yearly": 2.44,
            "eps_growth_yearly": 1260.12
        },
        "20034": {
            "year_quarter": 20034,
            "year": 2003,
            "quarter": 4,
            "eps": 0.14,
            "eps_growth_year": -26.32,
            "eps_4q": 0.92,
            "eps_4q_growth_year": 82.68,
            "roe": 1.04,
            "roe_4q": 7.56,
            "gross_profit": 83418,
            "gross_margin": 11.16,
            "gross_margin_4q_avg": 11.81,
            "net_income": 72137,
            "revenue": 747558,
            "common_shares": 5163580,
            "book_valuer_per_share": 12.41,
            "book_valuer_per_share_4q_avg": 12.02,
            "equity": 7538647,
            "current_ratio": 179.46,
            "debt_ratio": 37.57,
            "inventory_turnover_ratio": 3.61,
            "account_receivable_turnover_ratio": null,
            "reinvestment_rate": 61.83,
            "research_to_sale_ratio": null,
            "price_fair": 24.85,
            "eps_avg_yearly": 0.71,
            "eps_latest_yearly": 0.56,
            "eps_growth_yearly": 1064.08
        },
        "20041": {
            "year_quarter": 20041,
            "year": 2004,
            "quarter": 1,
            "eps": 0.23,
            "eps_growth_year": 76.92,
            "eps_4q": 1.04,
            "eps_4q_growth_year": 76.73,
            "roe": 1.63,
            "roe_4q": 8.11,
            "gross_profit": 89733,
            "gross_margin": 11.36,
            "gross_margin_4q_avg": 11.48,
            "net_income": 115751,
            "revenue": 789563,
            "common_shares": 5163580,
            "book_valuer_per_share": 12.88,
            "book_valuer_per_share_4q_avg": 12.24,
            "equity": 6648792,
            "current_ratio": 80.59,
            "debt_ratio": 42.57,
            "inventory_turnover_ratio": 3.85,
            "account_receivable_turnover_ratio": null,
            "reinvestment_rate": 54.91,
            "research_to_sale_ratio": null,
            "price_fair": 25.67,
            "eps_avg_yearly": 0.73,
            "eps_latest_yearly": 0.92,
            "eps_growth_yearly": 974.42
        },
        "20042": {
            "year_quarter": 20042,
            "year": 2004,
            "quarter": 2,
            "eps": 0.2,
            "eps_growth_year": 300,
            "eps_4q": 1.16,
            "eps_4q_growth_year": 197.53,
            "roe": 1.59,
            "roe_4q": 9.27,
            "gross_profit": 54716,
            "gross_margin": 7.84,
            "gross_margin_4q_avg": 10.76,
            "net_income": 103281,
            "revenue": 698064,
            "common_shares": 5163580,
            "book_valuer_per_share": 12.32,
            "book_valuer_per_share_4q_avg": 12.46,
            "equity": 6363537,
            "current_ratio": 62.08,
            "debt_ratio": 45.16,
            "inventory_turnover_ratio": 3.44,
            "account_receivable_turnover_ratio": null,
            "reinvestment_rate": 48.78,
            "research_to_sale_ratio": null,
            "price_fair": 25.9,
            "eps_avg_yearly": 0.74,
            "eps_latest_yearly": 0.8,
            "eps_growth_yearly": 871.76
        },
        "20043": {
            "year_quarter": 20043,
            "year": 2004,
            "quarter": 3,
            "eps": 0.31,
            "eps_growth_year": -49.18,
            "eps_4q": 0.89,
            "eps_4q_growth_year": -10.93,
            "roe": 2.44,
            "roe_4q": 6.7,
            "gross_profit": 100810,
            "gross_margin": 14.54,
            "gross_margin_4q_avg": 11.23,
            "net_income": 156889,
            "revenue": 693309,
            "common_shares": 5163580,
            "book_valuer_per_share": 12.63,
            "book_valuer_per_share_4q_avg": 12.56,
            "equity": 6520426,
            "current_ratio": 65.69,
            "debt_ratio": 43.37,
            "inventory_turnover_ratio": 3.2,
            "account_receivable_turnover_ratio": null,
            "reinvestment_rate": 41.82,
            "research_to_sale_ratio": null,
            "price_fair": 27.49,
            "eps_avg_yearly": 0.79,
            "eps_latest_yearly": 1.24,
            "eps_growth_yearly": 812.51
        },
        "20044": {
            "year_quarter": 20044,
            "year": 2004,
            "quarter": 4,
            "eps": 0.15,
            "eps_growth_year": 7.14,
            "eps_4q": 0.86,
            "eps_4q_growth_year": -6.83,
            "roe": 1.12,
            "roe_4q": 6.78,
            "gross_profit": 91799,
            "gross_margin": 11.39,
            "gross_margin_4q_avg": 11.28,
            "net_income": 79249,
            "revenue": 805793,
            "common_shares": 5163580,
            "book_valuer_per_share": 12.78,
            "book_valuer_per_share_4q_avg": 12.65,
            "equity": 7663946,
            "current_ratio": 191.41,
            "debt_ratio": 38.11,
            "inventory_turnover_ratio": 4.04,
            "account_receivable_turnover_ratio": null,
            "reinvestment_rate": -20.94,
            "research_to_sale_ratio": null,
            "price_fair": 26.95,
            "eps_avg_yearly": 0.77,
            "eps_latest_yearly": 0.6,
            "eps_growth_yearly": 727.6
        },
        "20051": {
            "year_quarter": 20051,
            "year": 2005,
            "quarter": 1,
            "eps": 0.21,
            "eps_growth_year": -8.7,
            "eps_4q": 0.87,
            "eps_4q_growth_year": -16.01,
            "roe": 1.42,
            "roe_4q": 6.57,
            "gross_profit": 129280,
            "gross_margin": 13.55,
            "gross_margin_4q_avg": 11.83,
            "net_income": 107308,
            "revenue": 953932,
            "common_shares": 5163580,
            "book_valuer_per_share": 14.42,
            "book_valuer_per_share_4q_avg": 13.04,
            "equity": 7443411,
            "current_ratio": 76.19,
            "debt_ratio": 36.3,
            "inventory_turnover_ratio": 4.8,
            "account_receivable_turnover_ratio": null,
            "reinvestment_rate": -29.07,
            "research_to_sale_ratio": null,
            "price_fair": 27.14,
            "eps_avg_yearly": 0.78,
            "eps_latest_yearly": 0.84,
            "eps_growth_yearly": 683.94
        },
        "20052": {
            "year_quarter": 20052,
            "year": 2005,
            "quarter": 2,
            "eps": 0.27,
            "eps_growth_year": 35,
            "eps_4q": 0.94,
            "eps_4q_growth_year": -19.46,
            "roe": 1.9,
            "roe_4q": 6.879999999999999,
            "gross_profit": 98527,
            "gross_margin": 12.5,
            "gross_margin_4q_avg": 13,
            "net_income": 139111,
            "revenue": 788086,
            "common_shares": 5163580,
            "book_valuer_per_share": 13.88,
            "book_valuer_per_share_4q_avg": 13.43,
            "equity": 7166394,
            "current_ratio": 60.91,
            "debt_ratio": 38.43,
            "inventory_turnover_ratio": 4.07,
            "account_receivable_turnover_ratio": null,
            "reinvestment_rate": -34.21,
            "research_to_sale_ratio": null,
            "price_fair": 27.9,
            "eps_avg_yearly": 0.8,
            "eps_latest_yearly": 1.08,
            "eps_growth_yearly": 643.25
        },
        "20053": {
            "year_quarter": 20053,
            "year": 2005,
            "quarter": 3,
            "eps": 0.34,
            "eps_growth_year": 9.68,
            "eps_4q": 0.96,
            "eps_4q_growth_year": 8.96,
            "roe": 2.44,
            "roe_4q": 6.88,
            "gross_profit": 118626,
            "gross_margin": 15.65,
            "gross_margin_4q_avg": 13.27,
            "net_income": 177261,
            "revenue": 757991,
            "common_shares": 5163580,
            "book_valuer_per_share": 14.22,
            "book_valuer_per_share_4q_avg": 13.83,
            "equity": 7343656,
            "current_ratio": 63.07,
            "debt_ratio": 35.99,
            "inventory_turnover_ratio": 3.88,
            "account_receivable_turnover_ratio": null,
            "reinvestment_rate": -35.18,
            "research_to_sale_ratio": null,
            "price_fair": 29.21,
            "eps_avg_yearly": 0.83,
            "eps_latest_yearly": 1.36,
            "eps_growth_yearly": 607.28
        },
        "20054": {
            "year_quarter": 20054,
            "year": 2005,
            "quarter": 4,
            "eps": 0.13,
            "eps_growth_year": -13.33,
            "eps_4q": 0.94,
            "eps_4q_growth_year": 9.08,
            "roe": 0.87,
            "roe_4q": 6.63,
            "gross_profit": 117155,
            "gross_margin": 12.93,
            "gross_margin_4q_avg": 13.66,
            "net_income": 68019,
            "revenue": 905825,
            "common_shares": 5163580,
            "book_valuer_per_share": 14.35,
            "book_valuer_per_share_4q_avg": 14.22,
            "equity": 8313789,
            "current_ratio": 120.77,
            "debt_ratio": 30.92,
            "inventory_turnover_ratio": 4.85,
            "account_receivable_turnover_ratio": null,
            "reinvestment_rate": -49.15,
            "research_to_sale_ratio": null,
            "price_fair": 28.53,
            "eps_avg_yearly": 0.82,
            "eps_latest_yearly": 0.52,
            "eps_growth_yearly": 553.88
        },
        "20061": {
            "year_quarter": 20061,
            "year": 2006,
            "quarter": 1,
            "eps": 0.33,
            "eps_growth_year": 57.14,
            "eps_4q": 1.08,
            "eps_4q_growth_year": 23.42,
            "roe": 2.11,
            "roe_4q": 7.32,
            "gross_profit": 130464,
            "gross_margin": 13.39,
            "gross_margin_4q_avg": 13.62,
            "net_income": 169362,
            "revenue": 974290,
            "common_shares": 5163580,
            "book_valuer_per_share": 14.93,
            "book_valuer_per_share_4q_avg": 14.35,
            "equity": 7707303,
            "current_ratio": 37.67,
            "debt_ratio": 34.51,
            "inventory_turnover_ratio": 5.08,
            "account_receivable_turnover_ratio": null,
            "reinvestment_rate": -48.2,
            "research_to_sale_ratio": null,
            "price_fair": 31.06,
            "eps_avg_yearly": 0.89,
            "eps_latest_yearly": 1.32,
            "eps_growth_yearly": 612.34
        },
        "20062": {
            "year_quarter": 20062,
            "year": 2006,
            "quarter": 2,
            "eps": 0.51,
            "eps_growth_year": 88.89,
            "eps_4q": 1.33,
            "eps_4q_growth_year": 41.88,
            "roe": 3.38,
            "roe_4q": 8.8,
            "gross_profit": 113017,
            "gross_margin": 13.67,
            "gross_margin_4q_avg": 13.91,
            "net_income": 258249,
            "revenue": 826977,
            "common_shares": 5163580,
            "book_valuer_per_share": 14.64,
            "book_valuer_per_share_4q_avg": 14.54,
            "equity": 7559935,
            "current_ratio": 34.96,
            "debt_ratio": 34.22,
            "inventory_turnover_ratio": 4.33,
            "account_receivable_turnover_ratio": null,
            "reinvestment_rate": -29.96,
            "research_to_sale_ratio": null,
            "price_fair": 33.43,
            "eps_avg_yearly": 0.96,
            "eps_latest_yearly": 2.04,
            "eps_growth_yearly": 500.98
        },
        "20063": {
            "year_quarter": 20063,
            "year": 2006,
            "quarter": 3,
            "eps": 0.34,
            "eps_growth_year": 0,
            "eps_4q": 1.32,
            "eps_4q_growth_year": 36.99,
            "roe": 2.25,
            "roe_4q": 8.61,
            "gross_profit": 108232,
            "gross_margin": 14.15,
            "gross_margin_4q_avg": 13.54,
            "net_income": 171690,
            "revenue": 764879,
            "common_shares": 5163580,
            "book_valuer_per_share": 14.94,
            "book_valuer_per_share_4q_avg": 14.72,
            "equity": 7712992,
            "current_ratio": 38.79,
            "debt_ratio": 32.33,
            "inventory_turnover_ratio": 3.99,
            "account_receivable_turnover_ratio": null,
            "reinvestment_rate": -40.52,
            "research_to_sale_ratio": null,
            "price_fair": 36.23,
            "eps_avg_yearly": 1.04,
            "eps_latest_yearly": 1.36,
            "eps_growth_yearly": 515.56
        },
        "20064": {
            "year_quarter": 20064,
            "year": 2006,
            "quarter": 4,
            "eps": 0.25,
            "eps_growth_year": 92.31,
            "eps_4q": 1.41,
            "eps_4q_growth_year": 50.41,
            "roe": 1.56,
            "roe_4q": 9.299999999999999,
            "gross_profit": 143646,
            "gross_margin": 14.56,
            "gross_margin_4q_avg": 13.94,
            "net_income": 128774,
            "revenue": 986608,
            "common_shares": 5163580,
            "book_valuer_per_share": 15.26,
            "book_valuer_per_share_4q_avg": 14.94,
            "equity": 8759171,
            "current_ratio": 166.69,
            "debt_ratio": 28.22,
            "inventory_turnover_ratio": 5.19,
            "account_receivable_turnover_ratio": null,
            "reinvestment_rate": -51.63,
            "research_to_sale_ratio": null,
            "price_fair": 36.75,
            "eps_avg_yearly": 1.05,
            "eps_latest_yearly": 1,
            "eps_growth_yearly": 296.45
        },
        "20071": {
            "year_quarter": 20071,
            "year": 2007,
            "quarter": 1,
            "eps": 0.14,
            "eps_growth_year": -57.58,
            "eps_4q": 1.22,
            "eps_4q_growth_year": 13.47,
            "roe": 0.86,
            "roe_4q": 8.05,
            "gross_profit": 149889,
            "gross_margin": 13.94,
            "gross_margin_4q_avg": 14.08,
            "net_income": 72138,
            "revenue": 1075174,
            "common_shares": 5163580,
            "book_valuer_per_share": 15.4,
            "book_valuer_per_share_4q_avg": 15.06,
            "equity": 7951360,
            "current_ratio": 51.85,
            "debt_ratio": 31.35,
            "inventory_turnover_ratio": 5.98,
            "account_receivable_turnover_ratio": null,
            "reinvestment_rate": -52.31,
            "research_to_sale_ratio": null,
            "price_fair": 36.84,
            "eps_avg_yearly": 1.05,
            "eps_latest_yearly": 0.56,
            "eps_growth_yearly": 293.34
        },
        "20072": {
            "year_quarter": 20072,
            "year": 2007,
            "quarter": 2,
            "eps": 0.42,
            "eps_growth_year": -17.65,
            "eps_4q": 1.15,
            "eps_4q_growth_year": -13.56,
            "roe": 2.75,
            "roe_4q": 7.42,
            "gross_profit": 128690,
            "gross_margin": 13.83,
            "gross_margin_4q_avg": 14.12,
            "net_income": 214770,
            "revenue": 930274,
            "common_shares": 5163580,
            "book_valuer_per_share": 14.87,
            "book_valuer_per_share_4q_avg": 15.12,
            "equity": 7680791,
            "current_ratio": 61.13,
            "debt_ratio": 33.71,
            "inventory_turnover_ratio": 4.94,
            "account_receivable_turnover_ratio": null,
            "reinvestment_rate": -51.2,
            "research_to_sale_ratio": null,
            "price_fair": 40.08,
            "eps_avg_yearly": 1.15,
            "eps_latest_yearly": 1.68,
            "eps_growth_yearly": 358.73
        },
        "20073": {
            "year_quarter": 20073,
            "year": 2007,
            "quarter": 3,
            "eps": 0.21,
            "eps_growth_year": -38.24,
            "eps_4q": 1.03,
            "eps_4q_growth_year": -21.85,
            "roe": 1.37,
            "roe_4q": 6.540000000000001,
            "gross_profit": 149369,
            "gross_margin": 16.98,
            "gross_margin_4q_avg": 14.83,
            "net_income": 106099,
            "revenue": 879426,
            "common_shares": 5163580,
            "book_valuer_per_share": 15.09,
            "book_valuer_per_share_4q_avg": 15.16,
            "equity": 7791547,
            "current_ratio": 57.03,
            "debt_ratio": 29.99,
            "inventory_turnover_ratio": 3.94,
            "account_receivable_turnover_ratio": null,
            "reinvestment_rate": -59.18,
            "research_to_sale_ratio": null,
            "price_fair": 36.58,
            "eps_avg_yearly": 1.05,
            "eps_latest_yearly": 0.84,
            "eps_growth_yearly": 66.23
        },
        "20074": {
            "year_quarter": 20074,
            "year": 2007,
            "quarter": 4,
            "eps": 0.09,
            "eps_growth_year": -64,
            "eps_4q": 0.9,
            "eps_4q_growth_year": -36.32,
            "roe": 0.53,
            "roe_4q": 5.510000000000001,
            "gross_profit": 164571,
            "gross_margin": 15.25,
            "gross_margin_4q_avg": 15,
            "net_income": 43663,
            "revenue": 1078983,
            "common_shares": 5163580,
            "book_valuer_per_share": 15.06,
            "book_valuer_per_share_4q_avg": 15.11,
            "equity": 8627987,
            "current_ratio": 163.34,
            "debt_ratio": 26.95,
            "inventory_turnover_ratio": 4.61,
            "account_receivable_turnover_ratio": null,
            "reinvestment_rate": -72.01,
            "research_to_sale_ratio": null,
            "price_fair": 36.14,
            "eps_avg_yearly": 1.03,
            "eps_latest_yearly": 0.36,
            "eps_growth_yearly": 71.2
        },
        "20081": {
            "year_quarter": 20081,
            "year": 2008,
            "quarter": 1,
            "eps": 0.19,
            "eps_growth_year": 35.71,
            "eps_4q": 0.92,
            "eps_4q_growth_year": -24.66,
            "roe": 1.1,
            "roe_4q": 5.75,
            "gross_profit": 163481,
            "gross_margin": 13.94,
            "gross_margin_4q_avg": 15,
            "net_income": 95477,
            "revenue": 1173118,
            "common_shares": 5163580,
            "book_valuer_per_share": 15.36,
            "book_valuer_per_share_4q_avg": 15.1,
            "equity": 8784311,
            "current_ratio": 183.93,
            "debt_ratio": 26.66,
            "inventory_turnover_ratio": 5.1,
            "account_receivable_turnover_ratio": null,
            "reinvestment_rate": -69.72,
            "research_to_sale_ratio": null,
            "price_fair": 35.79,
            "eps_avg_yearly": 1.02,
            "eps_latest_yearly": 0.76,
            "eps_growth_yearly": 82.91
        },
        "20082": {
            "year_quarter": 20082,
            "year": 2008,
            "quarter": 2,
            "eps": 0.16,
            "eps_growth_year": -61.9,
            "eps_4q": 0.64,
            "eps_4q_growth_year": -44.12,
            "roe": 0.95,
            "roe_4q": 3.95,
            "gross_profit": 172196,
            "gross_margin": 15.51,
            "gross_margin_4q_avg": 15.42,
            "net_income": 81960,
            "revenue": 1109969,
            "common_shares": 5163580,
            "book_valuer_per_share": 14.6,
            "book_valuer_per_share_4q_avg": 15.03,
            "equity": 8385225,
            "current_ratio": 152.56,
            "debt_ratio": 30.3,
            "inventory_turnover_ratio": 4.71,
            "account_receivable_turnover_ratio": null,
            "reinvestment_rate": -70.65,
            "research_to_sale_ratio": null,
            "price_fair": 35.44,
            "eps_avg_yearly": 1.01,
            "eps_latest_yearly": 0.64,
            "eps_growth_yearly": 82.22
        },
        "20083": {
            "year_quarter": 20083,
            "year": 2008,
            "quarter": 3,
            "eps": 0.43,
            "eps_growth_year": 104.76,
            "eps_4q": 1.01,
            "eps_4q_growth_year": -2.18,
            "roe": 2.25,
            "roe_4q": 4.830000000000001,
            "gross_profit": 159802,
            "gross_margin": 14.77,
            "gross_margin_4q_avg": 14.87,
            "net_income": 187412,
            "revenue": 1081793,
            "common_shares": 5163580,
            "book_valuer_per_share": 14.51,
            "book_valuer_per_share_4q_avg": 14.88,
            "equity": 8280418,
            "current_ratio": 149.66,
            "debt_ratio": 27.28,
            "inventory_turnover_ratio": 4.46,
            "account_receivable_turnover_ratio": null,
            "reinvestment_rate": -70.1,
            "research_to_sale_ratio": null,
            "price_fair": 36.49,
            "eps_avg_yearly": 1.04,
            "eps_latest_yearly": 1.72,
            "eps_growth_yearly": 110.66
        },
        "20084": {
            "year_quarter": 20084,
            "year": 2008,
            "quarter": 4,
            "eps": 0.12,
            "eps_growth_year": 33.33,
            "eps_4q": 1.25,
            "eps_4q_growth_year": 38.59,
            "roe": 0.53,
            "roe_4q": 4.83,
            "gross_profit": 126455,
            "gross_margin": 10.77,
            "gross_margin_4q_avg": 13.75,
            "net_income": 44271,
            "revenue": 1173790,
            "common_shares": 5163580,
            "book_valuer_per_share": 14.71,
            "book_valuer_per_share_4q_avg": 14.8,
            "equity": 8370581,
            "current_ratio": 176.4,
            "debt_ratio": 27.49,
            "inventory_turnover_ratio": 5.26,
            "account_receivable_turnover_ratio": 4.04,
            "reinvestment_rate": -30.04,
            "research_to_sale_ratio": null,
            "price_fair": 36.23,
            "eps_avg_yearly": 1.04,
            "eps_latest_yearly": 0.48,
            "eps_growth_yearly": 105.54
        },
        "20091": {
            "year_quarter": 20091,
            "year": 2009,
            "quarter": 1,
            "eps": 0.02,
            "eps_growth_year": -89.47,
            "eps_4q": 1.28,
            "eps_4q_growth_year": 38.31,
            "roe": -0.07,
            "roe_4q": 3.66,
            "gross_profit": 154292,
            "gross_margin": 13.98,
            "gross_margin_4q_avg": 13.76,
            "net_income": -5856,
            "revenue": 1103299,
            "common_shares": 5163580,
            "book_valuer_per_share": 15,
            "book_valuer_per_share_4q_avg": 14.71,
            "equity": 8516670,
            "current_ratio": 187.8,
            "debt_ratio": 26.53,
            "inventory_turnover_ratio": 5.18,
            "account_receivable_turnover_ratio": 1.99,
            "reinvestment_rate": -27.13,
            "research_to_sale_ratio": null,
            "price_fair": 34.56,
            "eps_avg_yearly": 0.99,
            "eps_latest_yearly": 0.08,
            "eps_growth_yearly": 74.71
        },
        "20092": {
            "year_quarter": 20092,
            "year": 2009,
            "quarter": 2,
            "eps": 0.51,
            "eps_growth_year": 218.75,
            "eps_4q": 1.1,
            "eps_4q_growth_year": 71.27,
            "roe": 3.02,
            "roe_4q": 5.73,
            "gross_profit": 176697,
            "gross_margin": 17.07,
            "gross_margin_4q_avg": 14.15,
            "net_income": 256063,
            "revenue": 1035351,
            "common_shares": 5163580,
            "book_valuer_per_share": 14.88,
            "book_valuer_per_share_4q_avg": 14.78,
            "equity": 8450764,
            "current_ratio": 170.33,
            "debt_ratio": 29.02,
            "inventory_turnover_ratio": 4.64,
            "account_receivable_turnover_ratio": 2.13,
            "reinvestment_rate": -25.32,
            "research_to_sale_ratio": null,
            "price_fair": 36.66,
            "eps_avg_yearly": 1.05,
            "eps_latest_yearly": 2.04,
            "eps_growth_yearly": 680.06
        },
        "20093": {
            "year_quarter": 20093,
            "year": 2009,
            "quarter": 3,
            "eps": 0.24,
            "eps_growth_year": -44.19,
            "eps_4q": 0.89,
            "eps_4q_growth_year": -12.19,
            "roe": 1.44,
            "roe_4q": 4.92,
            "gross_profit": 138145,
            "gross_margin": 15.65,
            "gross_margin_4q_avg": 14.37,
            "net_income": 123137,
            "revenue": 882749,
            "common_shares": 5163580,
            "book_valuer_per_share": 15.14,
            "book_valuer_per_share_4q_avg": 14.93,
            "equity": 8593869,
            "current_ratio": 207.34,
            "debt_ratio": 25.79,
            "inventory_turnover_ratio": 3.99,
            "account_receivable_turnover_ratio": 1.98,
            "reinvestment_rate": -26.59,
            "research_to_sale_ratio": null,
            "price_fair": 35.79,
            "eps_avg_yearly": 1.02,
            "eps_latest_yearly": 0.96,
            "eps_growth_yearly": 660.35
        },
        "20094": {
            "year_quarter": 20094,
            "year": 2009,
            "quarter": 4,
            "eps": 0.24,
            "eps_growth_year": 100,
            "eps_4q": 1.01,
            "eps_4q_growth_year": -19.19,
            "roe": 1.3,
            "roe_4q": 5.6899999999999995,
            "gross_profit": 130494,
            "gross_margin": 11.39,
            "gross_margin_4q_avg": 14.52,
            "net_income": 112444,
            "revenue": 1145824,
            "common_shares": 5163580,
            "book_valuer_per_share": 15.65,
            "book_valuer_per_share_4q_avg": 15.17,
            "equity": 8755112,
            "current_ratio": 206.98,
            "debt_ratio": 26.46,
            "inventory_turnover_ratio": 5.54,
            "account_receivable_turnover_ratio": 3.86,
            "reinvestment_rate": 88.67,
            "research_to_sale_ratio": null,
            "price_fair": 36.75,
            "eps_avg_yearly": 1.05,
            "eps_latest_yearly": 0.96,
            "eps_growth_yearly": 675.79
        },
        "20101": {
            "year_quarter": 20101,
            "year": 2010,
            "quarter": 1,
            "eps": 0.18,
            "eps_growth_year": 800,
            "eps_4q": 1.16,
            "eps_4q_growth_year": -8.99,
            "roe": 0.9,
            "roe_4q": 6.66,
            "gross_profit": 152672,
            "gross_margin": 11.79,
            "gross_margin_4q_avg": 13.98,
            "net_income": 79145,
            "revenue": 1295031,
            "common_shares": 5163580,
            "book_valuer_per_share": 15.98,
            "book_valuer_per_share_4q_avg": 15.41,
            "equity": 8915662,
            "current_ratio": 212.59,
            "debt_ratio": 26.47,
            "inventory_turnover_ratio": 6.4,
            "account_receivable_turnover_ratio": 2.11,
            "reinvestment_rate": 88.31,
            "research_to_sale_ratio": null,
            "price_fair": 35.44,
            "eps_avg_yearly": 1.01,
            "eps_latest_yearly": 0.72,
            "eps_growth_yearly": 631.08
        },
        "20102": {
            "year_quarter": 20102,
            "year": 2010,
            "quarter": 2,
            "eps": 0.39,
            "eps_growth_year": -22.74,
            "eps_4q": 1.05,
            "eps_4q_growth_year": -4.63,
            "roe": 2.33,
            "roe_4q": 5.970000000000001,
            "gross_profit": 183020,
            "gross_margin": 15.43,
            "gross_margin_4q_avg": 13.57,
            "net_income": 203972,
            "revenue": 1186139,
            "common_shares": 5163580,
            "book_valuer_per_share": 15.31,
            "book_valuer_per_share_4q_avg": 15.52,
            "equity": 8568419,
            "current_ratio": 184.24,
            "debt_ratio": 28.77,
            "inventory_turnover_ratio": 5.63,
            "account_receivable_turnover_ratio": 2.02,
            "reinvestment_rate": 90.74,
            "research_to_sale_ratio": null,
            "price_fair": 34.39,
            "eps_avg_yearly": 0.98,
            "eps_latest_yearly": 1.56,
            "eps_growth_yearly": 646.61
        },
        "20103": {
            "year_quarter": 20103,
            "year": 2010,
            "quarter": 3,
            "eps": 0.5,
            "eps_growth_year": 108.21,
            "eps_4q": 1.31,
            "eps_4q_growth_year": 47.79,
            "roe": 3.13,
            "roe_4q": 7.66,
            "gross_profit": 147219,
            "gross_margin": 14.88,
            "gross_margin_4q_avg": 13.37,
            "net_income": 274142,
            "revenue": 989698,
            "common_shares": 5163580,
            "book_valuer_per_share": 16.05,
            "book_valuer_per_share_4q_avg": 15.75,
            "equity": 8970379,
            "current_ratio": 242.25,
            "debt_ratio": 25.35,
            "inventory_turnover_ratio": 4.59,
            "account_receivable_turnover_ratio": 1.88,
            "reinvestment_rate": 83.2,
            "research_to_sale_ratio": null,
            "price_fair": 35.79,
            "eps_avg_yearly": 1.02,
            "eps_latest_yearly": 2,
            "eps_growth_yearly": 661.99
        },
        "20104": {
            "year_quarter": 20104,
            "year": 2010,
            "quarter": 4,
            "eps": 0.35,
            "eps_growth_year": 44.62,
            "eps_4q": 1.42,
            "eps_4q_growth_year": 40.68,
            "roe": 1.88,
            "roe_4q": 8.24,
            "gross_profit": 152688,
            "gross_margin": 12.92,
            "gross_margin_4q_avg": 13.76,
            "net_income": 171441,
            "revenue": 1181450,
            "common_shares": 5163580,
            "book_valuer_per_share": 16.55,
            "book_valuer_per_share_4q_avg": 15.97,
            "equity": 9227633,
            "current_ratio": 241.12,
            "debt_ratio": 25.69,
            "inventory_turnover_ratio": 5.84,
            "account_receivable_turnover_ratio": 1.94,
            "reinvestment_rate": 93.33,
            "research_to_sale_ratio": null,
            "price_fair": 36.66,
            "eps_avg_yearly": 1.05,
            "eps_latest_yearly": 1.4,
            "eps_growth_yearly": 661.11
        },
        "20111": {
            "year_quarter": 20111,
            "year": 2011,
            "quarter": 1,
            "eps": 0.09,
            "eps_growth_year": -50,
            "eps_4q": 1.33,
            "eps_4q_growth_year": 14.92,
            "roe": 0.42,
            "roe_4q": 7.76,
            "gross_profit": 136709,
            "gross_margin": 10.45,
            "gross_margin_4q_avg": 13.42,
            "net_income": 39016,
            "revenue": 1308519,
            "common_shares": 5163580,
            "book_valuer_per_share": 16.53,
            "book_valuer_per_share_4q_avg": 16.11,
            "equity": 9208252,
            "current_ratio": 243.28,
            "debt_ratio": 25.65,
            "inventory_turnover_ratio": 6.94,
            "account_receivable_turnover_ratio": 1.85,
            "reinvestment_rate": 89.54,
            "research_to_sale_ratio": null,
            "price_fair": 36.23,
            "eps_avg_yearly": 1.04,
            "eps_latest_yearly": 0.36,
            "eps_growth_yearly": 653.54
        },
        "20112": {
            "year_quarter": 20112,
            "year": 2011,
            "quarter": 2,
            "eps": 0.44,
            "eps_growth_year": 12.52,
            "eps_4q": 1.38,
            "eps_4q_growth_year": 31.98,
            "roe": 2.54,
            "roe_4q": 7.97,
            "gross_profit": 190568,
            "gross_margin": 16.24,
            "gross_margin_4q_avg": 13.62,
            "net_income": 231234,
            "revenue": 1173359,
            "common_shares": 5163580,
            "book_valuer_per_share": 16.06,
            "book_valuer_per_share_4q_avg": 16.3,
            "equity": 8976910,
            "current_ratio": 200.99,
            "debt_ratio": 28.77,
            "inventory_turnover_ratio": 5.83,
            "account_receivable_turnover_ratio": 1.85,
            "reinvestment_rate": 92.66,
            "research_to_sale_ratio": null,
            "price_fair": 36.4,
            "eps_avg_yearly": 1.04,
            "eps_latest_yearly": 1.76,
            "eps_growth_yearly": 700.76
        },
        "20113": {
            "year_quarter": 20113,
            "year": 2011,
            "quarter": 3,
            "eps": 0.37,
            "eps_growth_year": -26.82,
            "eps_4q": 1.27,
            "eps_4q_growth_year": -3.45,
            "roe": 2.17,
            "roe_4q": 7.01,
            "gross_profit": 174556,
            "gross_margin": 16.06,
            "gross_margin_4q_avg": 13.92,
            "net_income": 194340,
            "revenue": 1086925,
            "common_shares": 5163580,
            "book_valuer_per_share": 16.31,
            "book_valuer_per_share_4q_avg": 16.36,
            "equity": 8960882,
            "current_ratio": 241.84,
            "debt_ratio": 25.28,
            "inventory_turnover_ratio": 5.62,
            "account_receivable_turnover_ratio": 1.94,
            "reinvestment_rate": 89.06,
            "research_to_sale_ratio": null,
            "price_fair": 37.8,
            "eps_avg_yearly": 1.08,
            "eps_latest_yearly": 1.48,
            "eps_growth_yearly": 709.28
        },
        "20114": {
            "year_quarter": 20114,
            "year": 2011,
            "quarter": 4,
            "eps": 0.26,
            "eps_growth_year": -24.32,
            "eps_4q": 1.18,
            "eps_4q_growth_year": -17.14,
            "roe": 1.47,
            "roe_4q": 6.6,
            "gross_profit": 141576,
            "gross_margin": 10.88,
            "gross_margin_4q_avg": 13.41,
            "net_income": 133583,
            "revenue": 1301624,
            "common_shares": 5163580,
            "book_valuer_per_share": 16.67,
            "book_valuer_per_share_4q_avg": 16.39,
            "equity": 9161398,
            "current_ratio": 233.94,
            "debt_ratio": 25.91,
            "inventory_turnover_ratio": 7.4,
            "account_receivable_turnover_ratio": 2,
            "reinvestment_rate": 95.65,
            "research_to_sale_ratio": null,
            "price_fair": 39.29,
            "eps_avg_yearly": 1.12,
            "eps_latest_yearly": 1.04,
            "eps_growth_yearly": 716.14
        },
        "20121": {
            "year_quarter": 20121,
            "year": 2012,
            "quarter": 1,
            "eps": 0.3,
            "eps_growth_year": 233.33,
            "eps_4q": 1.38,
            "eps_4q_growth_year": 3.17,
            "roe": 1.6,
            "roe_4q": 7.78,
            "gross_profit": 137321,
            "gross_margin": 9.4,
            "gross_margin_4q_avg": 13.15,
            "net_income": 147879,
            "revenue": 1460563,
            "common_shares": 5163580,
            "book_valuer_per_share": 17.1,
            "book_valuer_per_share_4q_avg": 16.54,
            "equity": 9372388,
            "current_ratio": 247.35,
            "debt_ratio": 25.38,
            "inventory_turnover_ratio": 8.79,
            "account_receivable_turnover_ratio": 1.95,
            "reinvestment_rate": 94.71,
            "research_to_sale_ratio": null,
            "price_fair": 40.25,
            "eps_avg_yearly": 1.15,
            "eps_latest_yearly": 1.2,
            "eps_growth_yearly": 692.2
        },
        "20122": {
            "year_quarter": 20122,
            "year": 2012,
            "quarter": 2,
            "eps": 0.3,
            "eps_growth_year": -31.99,
            "eps_4q": 1.23,
            "eps_4q_growth_year": -11.34,
            "roe": 1.59,
            "roe_4q": 6.83,
            "gross_profit": 169405,
            "gross_margin": 13.5,
            "gross_margin_4q_avg": 12.46,
            "net_income": 144660,
            "revenue": 1254981,
            "common_shares": 5163580,
            "book_valuer_per_share": 16.15,
            "book_valuer_per_share_4q_avg": 16.56,
            "equity": 8873391,
            "current_ratio": 202.85,
            "debt_ratio": 28.18,
            "inventory_turnover_ratio": 7.17,
            "account_receivable_turnover_ratio": 1.86,
            "reinvestment_rate": 91.46,
            "research_to_sale_ratio": null,
            "price_fair": 41.48,
            "eps_avg_yearly": 1.19,
            "eps_latest_yearly": 1.2,
            "eps_growth_yearly": 696.15
        },
        "20123": {
            "year_quarter": 20123,
            "year": 2012,
            "quarter": 3,
            "eps": 0.44,
            "eps_growth_year": 20.72,
            "eps_4q": 1.3,
            "eps_4q_growth_year": 2.9,
            "roe": 2.65,
            "roe_4q": 7.31,
            "gross_profit": 131211,
            "gross_margin": 11.84,
            "gross_margin_4q_avg": 11.41,
            "net_income": 241011,
            "revenue": 1107747,
            "common_shares": 5163580,
            "book_valuer_per_share": 16.91,
            "book_valuer_per_share_4q_avg": 16.71,
            "equity": 9297333,
            "current_ratio": 256.48,
            "debt_ratio": 24.57,
            "inventory_turnover_ratio": 6.18,
            "account_receivable_turnover_ratio": 1.92,
            "reinvestment_rate": 94.81,
            "research_to_sale_ratio": null,
            "price_fair": 41.56,
            "eps_avg_yearly": 1.19,
            "eps_latest_yearly": 1.76,
            "eps_growth_yearly": 665.63
        },
        "20124": {
            "year_quarter": 20124,
            "year": 2012,
            "quarter": 4,
            "eps": 0.17,
            "eps_growth_year": -36.09,
            "eps_4q": 1.21,
            "eps_4q_growth_year": 2.79,
            "roe": 0.84,
            "roe_4q": 6.68,
            "gross_profit": 121689,
            "gross_margin": 8.57,
            "gross_margin_4q_avg": 10.83,
            "net_income": 78168,
            "revenue": 1419298,
            "common_shares": 5163580,
            "book_valuer_per_share": 17.05,
            "book_valuer_per_share_4q_avg": 16.8,
            "equity": 9366937,
            "current_ratio": 247.05,
            "debt_ratio": 25.33,
            "inventory_turnover_ratio": 7.88,
            "account_receivable_turnover_ratio": 2.17,
            "reinvestment_rate": 95.55,
            "research_to_sale_ratio": null,
            "price_fair": 42,
            "eps_avg_yearly": 1.2,
            "eps_latest_yearly": 0.68,
            "eps_growth_yearly": 668.31
        },
        "20131": {
            "year_quarter": 20131,
            "year": 2013,
            "quarter": 1,
            "eps": 0.15,
            "eps_growth_year": -50,
            "eps_4q": 1.06,
            "eps_4q_growth_year": -22.72,
            "roe": 0.7,
            "roe_4q": 5.779999999999999,
            "gross_profit": 130119,
            "gross_margin": 8.78,
            "gross_margin_4q_avg": 10.67,
            "net_income": 68743,
            "revenue": 1482270,
            "common_shares": 5163580,
            "book_valuer_per_share": 18.93,
            "book_valuer_per_share_4q_avg": 17.26,
            "equity": 10364857,
            "current_ratio": 264.64,
            "debt_ratio": 23.51,
            "inventory_turnover_ratio": 8.18,
            "account_receivable_turnover_ratio": 1.96,
            "reinvestment_rate": 132.09,
            "research_to_sale_ratio": null,
            "price_fair": 43.14,
            "eps_avg_yearly": 1.23,
            "eps_latest_yearly": 0.6,
            "eps_growth_yearly": 686.2
        },
        "20132": {
            "year_quarter": 20132,
            "year": 2013,
            "quarter": 2,
            "eps": 0.36,
            "eps_growth_year": 19.39,
            "eps_4q": 1.12,
            "eps_4q_growth_year": -8.9,
            "roe": 1.77,
            "roe_4q": 5.959999999999999,
            "gross_profit": 176904,
            "gross_margin": 13.46,
            "gross_margin_4q_avg": 10.66,
            "net_income": 180289,
            "revenue": 1314488,
            "common_shares": 5163580,
            "book_valuer_per_share": 18.24,
            "book_valuer_per_share_4q_avg": 17.78,
            "equity": 10000811,
            "current_ratio": 214.22,
            "debt_ratio": 26.96,
            "inventory_turnover_ratio": 7.2,
            "account_receivable_turnover_ratio": 1.93,
            "reinvestment_rate": 138.63,
            "research_to_sale_ratio": null,
            "price_fair": 41.83,
            "eps_avg_yearly": 1.2,
            "eps_latest_yearly": 1.44,
            "eps_growth_yearly": 108.7
        },
        "20133": {
            "year_quarter": 20133,
            "year": 2013,
            "quarter": 3,
            "eps": 0.52,
            "eps_growth_year": 17.79,
            "eps_4q": 1.2,
            "eps_4q_growth_year": -8.24,
            "roe": 2.73,
            "roe_4q": 6.04,
            "gross_profit": 166602,
            "gross_margin": 14.86,
            "gross_margin_4q_avg": 11.42,
            "net_income": 276958,
            "revenue": 1120856,
            "common_shares": 5163580,
            "book_valuer_per_share": 18.77,
            "book_valuer_per_share_4q_avg": 18.25,
            "equity": 10276210,
            "current_ratio": 265.8,
            "debt_ratio": 24.22,
            "inventory_turnover_ratio": 6.16,
            "account_receivable_turnover_ratio": 2,
            "reinvestment_rate": 135.3,
            "research_to_sale_ratio": null,
            "price_fair": 44.28,
            "eps_avg_yearly": 1.27,
            "eps_latest_yearly": 2.08,
            "eps_growth_yearly": 133.05
        },
        "20134": {
            "year_quarter": 20134,
            "year": 2013,
            "quarter": 4,
            "eps": 0.22,
            "eps_growth_year": 30.66,
            "eps_4q": 1.25,
            "eps_4q_growth_year": 3.22,
            "roe": 1,
            "roe_4q": 6.2,
            "gross_profit": 152801,
            "gross_margin": 10.66,
            "gross_margin_4q_avg": 11.94,
            "net_income": 102811,
            "revenue": 1433834,
            "common_shares": 5163580,
            "book_valuer_per_share": 18.99,
            "book_valuer_per_share_4q_avg": 18.73,
            "equity": 10386672,
            "current_ratio": 254.29,
            "debt_ratio": 25.56,
            "inventory_turnover_ratio": 8.43,
            "account_receivable_turnover_ratio": 2.23,
            "reinvestment_rate": 50.42,
            "research_to_sale_ratio": null,
            "price_fair": 44.1,
            "eps_avg_yearly": 1.26,
            "eps_latest_yearly": 0.88,
            "eps_growth_yearly": 118.63
        },
        "20141": {
            "year_quarter": 20141,
            "year": 2014,
            "quarter": 1,
            "eps": 0.18,
            "eps_growth_year": 20,
            "eps_4q": 1.28,
            "eps_4q_growth_year": 19.99,
            "roe": 0.86,
            "roe_4q": 6.359999999999999,
            "gross_profit": 131177,
            "gross_margin": 8.44,
            "gross_margin_4q_avg": 11.86,
            "net_income": 89414,
            "revenue": 1553553,
            "common_shares": 5163580,
            "book_valuer_per_share": 19.15,
            "book_valuer_per_share_4q_avg": 18.79,
            "equity": 10474628,
            "current_ratio": 267.86,
            "debt_ratio": 25.36,
            "inventory_turnover_ratio": 9.8,
            "account_receivable_turnover_ratio": 1.98,
            "reinvestment_rate": 52.88,
            "research_to_sale_ratio": null,
            "price_fair": 44.1,
            "eps_avg_yearly": 1.26,
            "eps_latest_yearly": 0.72,
            "eps_growth_yearly": 120.33
        },
        "20142": {
            "year_quarter": 20142,
            "year": 2014,
            "quarter": 2,
            "eps": 0.5,
            "eps_growth_year": 38.89,
            "eps_4q": 1.43,
            "eps_4q_growth_year": 27.51,
            "roe": 2.64,
            "roe_4q": 7.23,
            "gross_profit": 197595,
            "gross_margin": 14.71,
            "gross_margin_4q_avg": 12.17,
            "net_income": 273943,
            "revenue": 1343159,
            "common_shares": 5163580,
            "book_valuer_per_share": 18.74,
            "book_valuer_per_share_4q_avg": 18.91,
            "equity": 10282399,
            "current_ratio": 224.6,
            "debt_ratio": 28.43,
            "inventory_turnover_ratio": 7.75,
            "account_receivable_turnover_ratio": 1.89,
            "reinvestment_rate": 53.43,
            "research_to_sale_ratio": null,
            "price_fair": 45.06,
            "eps_avg_yearly": 1.29,
            "eps_latest_yearly": 2,
            "eps_growth_yearly": 135.61
        },
        "20143": {
            "year_quarter": 20143,
            "year": 2014,
            "quarter": 3,
            "eps": 0.44,
            "eps_growth_year": -15.38,
            "eps_4q": 1.35,
            "eps_4q_growth_year": 12.8,
            "roe": 2.22,
            "roe_4q": 6.720000000000001,
            "gross_profit": 201447,
            "gross_margin": 17.06,
            "gross_margin_4q_avg": 12.72,
            "net_income": 231097,
            "revenue": 1180775,
            "common_shares": 5163580,
            "book_valuer_per_share": 19.28,
            "book_valuer_per_share_4q_avg": 19.04,
            "equity": 10578093,
            "current_ratio": 272.75,
            "debt_ratio": 25.93,
            "inventory_turnover_ratio": 6.41,
            "account_receivable_turnover_ratio": 2.03,
            "reinvestment_rate": 62.86,
            "research_to_sale_ratio": null,
            "price_fair": 44.54,
            "eps_avg_yearly": 1.27,
            "eps_latest_yearly": 1.76,
            "eps_growth_yearly": 125.56
        },
        "20144": {
            "year_quarter": 20144,
            "year": 2014,
            "quarter": 4,
            "eps": 0.18,
            "eps_growth_year": -16.93,
            "eps_4q": 1.31,
            "eps_4q_growth_year": 5.17,
            "roe": 0.89,
            "roe_4q": 6.61,
            "gross_profit": 164649,
            "gross_margin": 11.43,
            "gross_margin_4q_avg": 12.91,
            "net_income": 94006,
            "revenue": 1439959,
            "common_shares": 5163580,
            "book_valuer_per_share": 19.39,
            "book_valuer_per_share_4q_avg": 19.14,
            "equity": 10629665,
            "current_ratio": 262.56,
            "debt_ratio": 26.82,
            "inventory_turnover_ratio": 8.52,
            "account_receivable_turnover_ratio": 2.33,
            "reinvestment_rate": 64.26,
            "research_to_sale_ratio": null,
            "price_fair": 43.05,
            "eps_avg_yearly": 1.23,
            "eps_latest_yearly": 0.72,
            "eps_growth_yearly": 118.29
        },
        "20151": {
            "year_quarter": 20151,
            "year": 2015,
            "quarter": 1,
            "eps": 0.2,
            "eps_growth_year": 11.11,
            "eps_4q": 1.33,
            "eps_4q_growth_year": 4.03,
            "roe": 1,
            "roe_4q": 6.75,
            "gross_profit": 144437,
            "gross_margin": 11.58,
            "gross_margin_4q_avg": 13.7,
            "net_income": 108139,
            "revenue": 1247759,
            "common_shares": 5163580,
            "book_valuer_per_share": 19.87,
            "book_valuer_per_share_4q_avg": 19.32,
            "equity": 10890874,
            "current_ratio": 282.65,
            "debt_ratio": 26.02,
            "inventory_turnover_ratio": 7.31,
            "account_receivable_turnover_ratio": 1.94,
            "reinvestment_rate": 71.17,
            "research_to_sale_ratio": null,
            "price_fair": 44.01,
            "eps_avg_yearly": 1.26,
            "eps_latest_yearly": 0.8,
            "eps_growth_yearly": 139.64
        },
        "20152": {
            "year_quarter": 20152,
            "year": 2015,
            "quarter": 2,
            "eps": 0.33,
            "eps_growth_year": -34,
            "eps_4q": 1.15,
            "eps_4q_growth_year": -19.22,
            "roe": 1.7,
            "roe_4q": 5.8100000000000005,
            "gross_profit": 206707,
            "gross_margin": 19.9,
            "gross_margin_4q_avg": 14.99,
            "net_income": 182128,
            "revenue": 1038728,
            "common_shares": 5163580,
            "book_valuer_per_share": 19.1,
            "book_valuer_per_share_4q_avg": 19.41,
            "equity": 10510540,
            "current_ratio": 233.27,
            "debt_ratio": 28.79,
            "inventory_turnover_ratio": 5.51,
            "account_receivable_turnover_ratio": 2.08,
            "reinvestment_rate": 71.95,
            "research_to_sale_ratio": null,
            "price_fair": 43.05,
            "eps_avg_yearly": 1.23,
            "eps_latest_yearly": 1.32,
            "eps_growth_yearly": 58.66
        },
        "20153": {
            "year_quarter": 20153,
            "year": 2015,
            "quarter": 3,
            "eps": 0.49,
            "eps_growth_year": 11.36,
            "eps_4q": 1.2,
            "eps_4q_growth_year": -11.04,
            "roe": 2.51,
            "roe_4q": 6.1,
            "gross_profit": 193430,
            "gross_margin": 21.86,
            "gross_margin_4q_avg": 16.19,
            "net_income": 264895,
            "revenue": 884953,
            "common_shares": 5163580,
            "book_valuer_per_share": 19.26,
            "book_valuer_per_share_4q_avg": 19.41,
            "equity": 10596994,
            "current_ratio": 291.49,
            "debt_ratio": 26.06,
            "inventory_turnover_ratio": 4.47,
            "account_receivable_turnover_ratio": 2.34,
            "reinvestment_rate": 68.86,
            "research_to_sale_ratio": null,
            "price_fair": 44.1,
            "eps_avg_yearly": 1.26,
            "eps_latest_yearly": 1.96,
            "eps_growth_yearly": 74.76
        },
        "20154": {
            "year_quarter": 20154,
            "year": 2015,
            "quarter": 4,
            "eps": 0.19,
            "eps_growth_year": 4.93,
            "eps_4q": 1.21,
            "eps_4q_growth_year": -7.83,
            "roe": 0.88,
            "roe_4q": 6.09,
            "gross_profit": 164215,
            "gross_margin": 17.09,
            "gross_margin_4q_avg": 17.61,
            "net_income": 94188,
            "revenue": 960620,
            "common_shares": 5163580,
            "book_valuer_per_share": 19.6,
            "book_valuer_per_share_4q_avg": 19.46,
            "equity": 10763090,
            "current_ratio": 282.52,
            "debt_ratio": 26.89,
            "inventory_turnover_ratio": 4.92,
            "account_receivable_turnover_ratio": 2.47,
            "reinvestment_rate": 68.89,
            "research_to_sale_ratio": null,
            "price_fair": 43.49,
            "eps_avg_yearly": 1.24,
            "eps_latest_yearly": 0.76,
            "eps_growth_yearly": 66.89
        },
        "20161": {
            "year_quarter": 20161,
            "year": 2016,
            "quarter": 1,
            "eps": 0.17,
            "eps_growth_year": -15,
            "eps_4q": 1.18,
            "eps_4q_growth_year": -11.36,
            "roe": 0.76,
            "roe_4q": 5.8500000000000005,
            "gross_profit": 173657,
            "gross_margin": 16.62,
            "gross_margin_4q_avg": 18.87,
            "net_income": 81445,
            "revenue": 1045058,
            "common_shares": 5163580,
            "book_valuer_per_share": 19.57,
            "book_valuer_per_share_4q_avg": 19.38,
            "equity": 10731274,
            "current_ratio": 299.27,
            "debt_ratio": 26.69,
            "inventory_turnover_ratio": 5.46,
            "account_receivable_turnover_ratio": 2.45,
            "reinvestment_rate": 69.39,
            "research_to_sale_ratio": null,
            "price_fair": 42.35,
            "eps_avg_yearly": 1.21,
            "eps_latest_yearly": 0.68,
            "eps_growth_yearly": 60.41
        },
        "20162": {
            "year_quarter": 20162,
            "year": 2016,
            "quarter": 2,
            "eps": 0.43,
            "eps_growth_year": 30.3,
            "eps_4q": 1.28,
            "eps_4q_growth_year": 11.25,
            "roe": 2.19,
            "roe_4q": 6.34,
            "gross_profit": 207341,
            "gross_margin": 24.01,
            "gross_margin_4q_avg": 19.9,
            "net_income": 233212,
            "revenue": 863567,
            "common_shares": 5163580,
            "book_valuer_per_share": 19.16,
            "book_valuer_per_share_4q_avg": 19.4,
            "equity": 10541896,
            "current_ratio": 248.72,
            "debt_ratio": 29.34,
            "inventory_turnover_ratio": 4.3,
            "account_receivable_turnover_ratio": 2.34,
            "reinvestment_rate": 71.46,
            "research_to_sale_ratio": null,
            "price_fair": 43.49,
            "eps_avg_yearly": 1.24,
            "eps_latest_yearly": 1.72,
            "eps_growth_yearly": 98.65
        },
        "20163": {
            "year_quarter": 20163,
            "year": 2016,
            "quarter": 3,
            "eps": 0.61,
            "eps_growth_year": 24.49,
            "eps_4q": 1.4,
            "eps_4q_growth_year": 16.37,
            "roe": 2.95,
            "roe_4q": 6.78,
            "gross_profit": 195392,
            "gross_margin": 25.22,
            "gross_margin_4q_avg": 20.74,
            "net_income": 315589,
            "revenue": 774822,
            "common_shares": 5163580,
            "book_valuer_per_share": 19.72,
            "book_valuer_per_share_4q_avg": 19.51,
            "equity": 10834645,
            "current_ratio": 323.8,
            "debt_ratio": 26.26,
            "inventory_turnover_ratio": 3.92,
            "account_receivable_turnover_ratio": 2.6,
            "reinvestment_rate": 68.22,
            "research_to_sale_ratio": null,
            "price_fair": 44.98,
            "eps_avg_yearly": 1.29,
            "eps_latest_yearly": 2.44,
            "eps_growth_yearly": 97.44
        },
        "20164": {
            "year_quarter": 20164,
            "year": 2016,
            "quarter": 4,
            "eps": 0.21,
            "eps_growth_year": 11.17,
            "eps_4q": 1.42,
            "eps_4q_growth_year": 17.27,
            "roe": 0.9,
            "roe_4q": 6.8,
            "gross_profit": 145131,
            "gross_margin": 17.24,
            "gross_margin_4q_avg": 20.77,
            "net_income": 99649,
            "revenue": 841771,
            "common_shares": 5163580,
            "book_valuer_per_share": 20.57,
            "book_valuer_per_share_4q_avg": 19.76,
            "equity": 11280579,
            "current_ratio": 289.97,
            "debt_ratio": 27.26,
            "inventory_turnover_ratio": 4.69,
            "account_receivable_turnover_ratio": 2.62,
            "reinvestment_rate": 81.07,
            "research_to_sale_ratio": null,
            "price_fair": 45.33,
            "eps_avg_yearly": 1.3,
            "eps_latest_yearly": 0.84,
            "eps_growth_yearly": 96.39
        },
        "20171": {
            "year_quarter": 20171,
            "year": 2017,
            "quarter": 1,
            "eps": 0.44,
            "eps_growth_year": 158.82,
            "eps_4q": 1.69,
            "eps_4q_growth_year": 43.25,
            "roe": 1.88,
            "roe_4q": 7.92,
            "gross_profit": 182721,
            "gross_margin": 18.48,
            "gross_margin_4q_avg": 21.24,
            "net_income": 214808,
            "revenue": 988638,
            "common_shares": 5163580,
            "book_valuer_per_share": 21.12,
            "book_valuer_per_share_4q_avg": 20.14,
            "equity": 11559607,
            "current_ratio": 316.46,
            "debt_ratio": 26.61,
            "inventory_turnover_ratio": 5.4,
            "account_receivable_turnover_ratio": 2.59,
            "reinvestment_rate": 43.72,
            "research_to_sale_ratio": null,
            "price_fair": 47.86,
            "eps_avg_yearly": 1.37,
            "eps_latest_yearly": 1.76,
            "eps_growth_yearly": 126.71
        },
        "20172": {
            "year_quarter": 20172,
            "year": 2017,
            "quarter": 2,
            "eps": 0.28,
            "eps_growth_year": -34.88,
            "eps_4q": 1.54,
            "eps_4q_growth_year": 20.36,
            "roe": 1.33,
            "roe_4q": 7.0600000000000005,
            "gross_profit": 213261,
            "gross_margin": 23.22,
            "gross_margin_4q_avg": 21.04,
            "net_income": 150993,
            "revenue": 918338,
            "common_shares": 5163580,
            "book_valuer_per_share": 20.43,
            "book_valuer_per_share_4q_avg": 20.46,
            "equity": 11196584,
            "current_ratio": 260.12,
            "debt_ratio": 29.46,
            "inventory_turnover_ratio": 4.67,
            "account_receivable_turnover_ratio": 2.44,
            "reinvestment_rate": 41.15,
            "research_to_sale_ratio": null,
            "price_fair": 47.16,
            "eps_avg_yearly": 1.35,
            "eps_latest_yearly": 1.12,
            "eps_growth_yearly": 82.62
        },
        "20173": {
            "year_quarter": 20173,
            "year": 2017,
            "quarter": 3,
            "eps": 0.62,
            "eps_growth_year": 1.64,
            "eps_4q": 1.55,
            "eps_4q_growth_year": 11.35,
            "roe": 3.01,
            "roe_4q": 7.12,
            "gross_profit": 197440,
            "gross_margin": 23.95,
            "gross_margin_4q_avg": 20.72,
            "net_income": 341534,
            "revenue": 824250,
            "common_shares": 5163580,
            "book_valuer_per_share": 20.94,
            "book_valuer_per_share_4q_avg": 20.77,
            "equity": 11476268,
            "current_ratio": 313.93,
            "debt_ratio": 27.06,
            "inventory_turnover_ratio": 3.92,
            "account_receivable_turnover_ratio": 2.59,
            "reinvestment_rate": 38.03,
            "research_to_sale_ratio": null,
            "price_fair": 48.04,
            "eps_avg_yearly": 1.37,
            "eps_latest_yearly": 2.48,
            "eps_growth_yearly": 101.87
        },
        "20174": {
            "year_quarter": 20174,
            "year": 2017,
            "quarter": 4,
            "eps": 0.2,
            "eps_growth_year": -4.47,
            "eps_4q": 1.54,
            "eps_4q_growth_year": 9.01,
            "roe": 0.85,
            "roe_4q": 7.069999999999999,
            "gross_profit": 159586,
            "gross_margin": 16.41,
            "gross_margin_4q_avg": 20.52,
            "net_income": 97989,
            "revenue": 972525,
            "common_shares": 5163580,
            "book_valuer_per_share": 21.2,
            "book_valuer_per_share_4q_avg": 20.92,
            "equity": 11606660,
            "current_ratio": 304.04,
            "debt_ratio": 27.7,
            "inventory_turnover_ratio": 4.89,
            "account_receivable_turnover_ratio": 2.64,
            "reinvestment_rate": 39.24,
            "research_to_sale_ratio": null,
            "price_fair": 47.86,
            "eps_avg_yearly": 1.37,
            "eps_latest_yearly": 0.8,
            "eps_growth_yearly": 99.36
        },
        "20181": {
            "year_quarter": 20181,
            "year": 2018,
            "quarter": 1,
            "eps": 0.23,
            "eps_growth_year": -47.73,
            "eps_4q": 1.34,
            "eps_4q_growth_year": -20.81,
            "roe": 0.98,
            "roe_4q": 6.17,
            "gross_profit": 193269,
            "gross_margin": 17.71,
            "gross_margin_4q_avg": 20.32,
            "net_income": 115301,
            "revenue": 1091448,
            "common_shares": 5163580,
            "book_valuer_per_share": 21.68,
            "book_valuer_per_share_4q_avg": 21.06,
            "equity": 11976043,
            "current_ratio": 306.54,
            "debt_ratio": 27.52,
            "inventory_turnover_ratio": 5.34,
            "account_receivable_turnover_ratio": 2.37,
            "reinvestment_rate": -71.1,
            "research_to_sale_ratio": null,
            "price_fair": 48.3,
            "eps_avg_yearly": 1.38,
            "eps_latest_yearly": 0.92,
            "eps_growth_yearly": 107.65
        },
        "20182": {
            "year_quarter": 20182,
            "year": 2018,
            "quarter": 2,
            "eps": 0.31,
            "eps_growth_year": 10.71,
            "eps_4q": 1.36,
            "eps_4q_growth_year": -11.49,
            "roe": 1.44,
            "roe_4q": 6.279999999999999,
            "gross_profit": 243667,
            "gross_margin": 24.62,
            "gross_margin_4q_avg": 20.67,
            "net_income": 169103,
            "revenue": 989727,
            "common_shares": 5163580,
            "book_valuer_per_share": 20.9,
            "book_valuer_per_share_4q_avg": 21.18,
            "equity": 11579623,
            "current_ratio": 248.77,
            "debt_ratio": 30.64,
            "inventory_turnover_ratio": 4.33,
            "account_receivable_turnover_ratio": 2.26,
            "reinvestment_rate": -75.29,
            "research_to_sale_ratio": null,
            "price_fair": 46.64,
            "eps_avg_yearly": 1.33,
            "eps_latest_yearly": 1.24,
            "eps_growth_yearly": 71.9
        },
        "20183": {
            "year_quarter": 20183,
            "year": 2018,
            "quarter": 3,
            "eps": 0.63,
            "eps_growth_year": 1.61,
            "eps_4q": 1.37,
            "eps_4q_growth_year": -11.72,
            "roe": 2.94,
            "roe_4q": 6.209999999999999,
            "gross_profit": 219522,
            "gross_margin": 23.9,
            "gross_margin_4q_avg": 20.66,
            "net_income": 345276,
            "revenue": 918531,
            "common_shares": 5163580,
            "book_valuer_per_share": 21.48,
            "book_valuer_per_share_4q_avg": 21.32,
            "equity": 11890830,
            "current_ratio": 308.68,
            "debt_ratio": 27.88,
            "inventory_turnover_ratio": 3.97,
            "account_receivable_turnover_ratio": 2.39,
            "reinvestment_rate": -73.45,
            "research_to_sale_ratio": null,
            "price_fair": 48.3,
            "eps_avg_yearly": 1.38,
            "eps_latest_yearly": 2.52,
            "eps_growth_yearly": 100.71
        },
        "20184": {
            "year_quarter": 20184,
            "year": 2018,
            "quarter": 4,
            "eps": 0.15,
            "eps_growth_year": -25.5,
            "eps_4q": 1.32,
            "eps_4q_growth_year": -14.53,
            "roe": 0.64,
            "roe_4q": 6,
            "gross_profit": 179889,
            "gross_margin": 16.97,
            "gross_margin_4q_avg": 20.8,
            "net_income": 76083,
            "revenue": 1060207,
            "common_shares": 5163580,
            "book_valuer_per_share": 21.33,
            "book_valuer_per_share_4q_avg": 21.35,
            "equity": 11899918,
            "current_ratio": 293.5,
            "debt_ratio": 28.7,
            "inventory_turnover_ratio": 4.93,
            "account_receivable_turnover_ratio": 2.56,
            "reinvestment_rate": -74.82,
            "research_to_sale_ratio": null,
            "price_fair": 48.04,
            "eps_avg_yearly": 1.37,
            "eps_latest_yearly": 0.6,
            "eps_growth_yearly": 96.43
        },
        "20191": {
            "year_quarter": 20191,
            "year": 2019,
            "quarter": 1,
            "eps": 0.33,
            "eps_growth_year": 43.48,
            "eps_4q": 1.42,
            "eps_4q_growth_year": 6.51,
            "roe": 1.4,
            "roe_4q": 6.42,
            "gross_profit": 195949,
            "gross_margin": 16.57,
            "gross_margin_4q_avg": 20.52,
            "net_income": 167524,
            "revenue": 1182655,
            "common_shares": 5163580,
            "book_valuer_per_share": 21.71,
            "book_valuer_per_share_4q_avg": 21.36,
            "equity": 12095041,
            "current_ratio": 299.11,
            "debt_ratio": 28.7,
            "inventory_turnover_ratio": 5.55,
            "account_receivable_turnover_ratio": 2.36,
            "reinvestment_rate": -76.46,
            "research_to_sale_ratio": null,
            "price_fair": 49.18,
            "eps_avg_yearly": 1.41,
            "eps_latest_yearly": 1.32,
            "eps_growth_yearly": 123.66
        },
        "20192": {
            "year_quarter": 20192,
            "year": 2019,
            "quarter": 2,
            "eps": 0.41,
            "eps_growth_year": 32.26,
            "eps_4q": 1.52,
            "eps_4q_growth_year": 11.48,
            "roe": 1.84,
            "roe_4q": 6.82,
            "gross_profit": 260513,
            "gross_margin": 23.48,
            "gross_margin_4q_avg": 20.23,
            "net_income": 219353,
            "revenue": 1109523,
            "common_shares": 5163580,
            "book_valuer_per_share": 21.09,
            "book_valuer_per_share_4q_avg": 21.4,
            "equity": 11783164,
            "current_ratio": 250.72,
            "debt_ratio": 31.31,
            "inventory_turnover_ratio": 4.79,
            "account_receivable_turnover_ratio": 2.18,
            "reinvestment_rate": -75.07,
            "research_to_sale_ratio": null,
            "price_fair": 49.88,
            "eps_avg_yearly": 1.43,
            "eps_latest_yearly": 1.64,
            "eps_growth_yearly": 113.47
        },
        "20193": {
            "year_quarter": 20193,
            "year": 2019,
            "quarter": 3,
            "eps": 0.68,
            "eps_growth_year": 7.94,
            "eps_4q": 1.57,
            "eps_4q_growth_year": 14.67,
            "roe": 3.08,
            "roe_4q": 6.96,
            "gross_profit": 230148,
            "gross_margin": 24.26,
            "gross_margin_4q_avg": 20.32,
            "net_income": 367859,
            "revenue": 948552,
            "common_shares": 5163580,
            "book_valuer_per_share": 21.6,
            "book_valuer_per_share_4q_avg": 21.43,
            "equity": 12071763,
            "current_ratio": 318.69,
            "debt_ratio": 28.27,
            "inventory_turnover_ratio": 3.96,
            "account_receivable_turnover_ratio": 2.21,
            "reinvestment_rate": -68.93,
            "research_to_sale_ratio": null,
            "price_fair": 51.54,
            "eps_avg_yearly": 1.47,
            "eps_latest_yearly": 2.72,
            "eps_growth_yearly": 117.81
        },
        "20194": {
            "year_quarter": 20194,
            "year": 2019,
            "quarter": 4,
            "eps": 0.26,
            "eps_growth_year": 70.73,
            "eps_4q": 1.68,
            "eps_4q_growth_year": 27.27,
            "roe": 1.07,
            "roe_4q": 7.390000000000001,
            "gross_profit": 184339,
            "gross_margin": 18.51,
            "gross_margin_4q_avg": 20.71,
            "net_income": 128905,
            "revenue": 995864,
            "common_shares": 5163580,
            "book_valuer_per_share": 21.81,
            "book_valuer_per_share_4q_avg": 21.55,
            "equity": 12075463,
            "current_ratio": 301.39,
            "debt_ratio": 29.23,
            "inventory_turnover_ratio": 4.43,
            "account_receivable_turnover_ratio": 2.41,
            "reinvestment_rate": -68.98,
            "research_to_sale_ratio": null,
            "price_fair": 52.15,
            "eps_avg_yearly": 1.49,
            "eps_latest_yearly": 1.04,
            "eps_growth_yearly": 117.67
        },
        "20201": {
            "year_quarter": 20201,
            "year": 2020,
            "quarter": 1,
            "eps": 0.11,
            "eps_growth_year": -66.67,
            "eps_4q": 1.46,
            "eps_4q_growth_year": 2.56,
            "roe": 0.44,
            "roe_4q": 6.43,
            "gross_profit": 266383,
            "gross_margin": 23.77,
            "gross_margin_4q_avg": 22.51,
            "net_income": 52173,
            "revenue": 1120647,
            "common_shares": 5163580,
            "book_valuer_per_share": 21.24,
            "book_valuer_per_share_4q_avg": 21.44,
            "equity": 11763175,
            "current_ratio": 302.45,
            "debt_ratio": 29.64,
            "inventory_turnover_ratio": 4.82,
            "account_receivable_turnover_ratio": 2.49,
            "reinvestment_rate": -67.62,
            "research_to_sale_ratio": null,
            "price_fair": 51.63,
            "eps_avg_yearly": 1.48,
            "eps_latest_yearly": 0.44,
            "eps_growth_yearly": 105.88
        },
        "20202": {
            "year_quarter": 20202,
            "year": 2020,
            "quarter": 2,
            "eps": 0.54,
            "eps_growth_year": 31.71,
            "eps_4q": 1.59,
            "eps_4q_growth_year": 4.44,
            "roe": 2.44,
            "roe_4q": 7.03,
            "gross_profit": 223213,
            "gross_margin": 26.06,
            "gross_margin_4q_avg": 23.15,
            "net_income": 287003,
            "revenue": 856467,
            "common_shares": 5163580,
            "book_valuer_per_share": 21.2,
            "book_valuer_per_share_4q_avg": 21.46,
            "equity": 11770609,
            "current_ratio": 265.51,
            "debt_ratio": 31.4,
            "inventory_turnover_ratio": 3.66,
            "account_receivable_turnover_ratio": 2.18,
            "reinvestment_rate": -68.09,
            "research_to_sale_ratio": null,
            "price_fair": 52.59,
            "eps_avg_yearly": 1.5,
            "eps_latest_yearly": 2.16,
            "eps_growth_yearly": 165.37
        },
        "20203": {
            "year_quarter": 20203,
            "year": 2020,
            "quarter": 3,
            "eps": 0.7,
            "eps_growth_year": 2.94,
            "eps_4q": 1.6,
            "eps_4q_growth_year": 2,
            "roe": 3.15,
            "roe_4q": 7.1000000000000005,
            "gross_profit": 232958,
            "gross_margin": 30.97,
            "gross_margin_4q_avg": 24.83,
            "net_income": 376244,
            "revenue": 752218,
            "common_shares": 5163580,
            "book_valuer_per_share": 21.8,
            "book_valuer_per_share_4q_avg": 21.51,
            "equity": 12089555,
            "current_ratio": 314.39,
            "debt_ratio": 28.61,
            "inventory_turnover_ratio": 2.91,
            "account_receivable_turnover_ratio": 2.51,
            "reinvestment_rate": -66.45,
            "research_to_sale_ratio": null,
            "price_fair": 53.38,
            "eps_avg_yearly": 1.53,
            "eps_latest_yearly": 2.8,
            "eps_growth_yearly": 162.32
        },
        "20204": {
            "year_quarter": 20204,
            "year": 2020,
            "quarter": 4,
            "eps": 0.3,
            "eps_growth_year": 15.29,
            "eps_4q": 1.64,
            "eps_4q_growth_year": -2.14,
            "roe": 1.23,
            "roe_4q": 7.260000000000001,
            "gross_profit": 155802,
            "gross_margin": 19.2,
            "gross_margin_4q_avg": 25,
            "net_income": 151862,
            "revenue": 811322,
            "common_shares": 5163580,
            "book_valuer_per_share": 22.73,
            "book_valuer_per_share_4q_avg": 21.74,
            "equity": 12592350,
            "current_ratio": 310.77,
            "debt_ratio": 28.52,
            "inventory_turnover_ratio": 3.64,
            "account_receivable_turnover_ratio": 2.63,
            "reinvestment_rate": -75.86,
            "research_to_sale_ratio": null,
            "price_fair": 54.16,
            "eps_avg_yearly": 1.55,
            "eps_latest_yearly": 1.2,
            "eps_growth_yearly": 164.42
        },
        "20211": {
            "year_quarter": 20211,
            "year": 2021,
            "quarter": 1,
            "eps": 0.41,
            "eps_growth_year": 272.73,
            "eps_4q": 1.94,
            "eps_4q_growth_year": 33.22,
            "roe": 1.61,
            "roe_4q": 8.43,
            "gross_profit": 235596,
            "gross_margin": 25.66,
            "gross_margin_4q_avg": 25.47,
            "net_income": 205601,
            "revenue": 918153,
            "common_shares": 5163580,
            "book_valuer_per_share": 23.38,
            "book_valuer_per_share_4q_avg": 22.28,
            "equity": 12927384,
            "current_ratio": 322.06,
            "debt_ratio": 27.97,
            "inventory_turnover_ratio": 3.85,
            "account_receivable_turnover_ratio": 2.47,
            "reinvestment_rate": -74.22,
            "research_to_sale_ratio": null,
            "price_fair": 53.9,
            "eps_avg_yearly": 1.54,
            "eps_latest_yearly": 1.64,
            "eps_growth_yearly": 146.21
        },
        "20212": {
            "year_quarter": 20212,
            "year": 2021,
            "quarter": 2,
            "eps": 0.35,
            "eps_growth_year": -35.19,
            "eps_4q": 1.75,
            "eps_4q_growth_year": 10.37,
            "roe": 1.35,
            "roe_4q": 7.34,
            "gross_profit": 212565,
            "gross_margin": 28.19,
            "gross_margin_4q_avg": 26.01,
            "net_income": 176281,
            "revenue": 754167,
            "common_shares": 5163580,
            "book_valuer_per_share": 23.79,
            "book_valuer_per_share_4q_avg": 22.93,
            "equity": 13127953,
            "current_ratio": 348.35,
            "debt_ratio": 27.16,
            "inventory_turnover_ratio": 3.02,
            "account_receivable_turnover_ratio": 2.18,
            "reinvestment_rate": -73.36,
            "research_to_sale_ratio": null,
            "price_fair": 54.51,
            "eps_avg_yearly": 1.56,
            "eps_latest_yearly": 1.4,
            "eps_growth_yearly": 151.64
        },
        "20213": {
            "year_quarter": 20213,
            "year": 2021,
            "quarter": 3,
            "eps": 0.54,
            "eps_growth_year": -22.86,
            "eps_4q": 1.6,
            "eps_4q_growth_year": -0.3,
            "roe": 2.43,
            "roe_4q": 6.620000000000001,
            "gross_profit": 192058,
            "gross_margin": 28.49,
            "gross_margin_4q_avg": 25.39,
            "net_income": 318660,
            "revenue": 674024,
            "common_shares": 5163580,
            "book_valuer_per_share": 23.64,
            "book_valuer_per_share_4q_avg": 23.39,
            "equity": 13083337,
            "current_ratio": 312.26,
            "debt_ratio": 28.37,
            "inventory_turnover_ratio": 2.73,
            "account_receivable_turnover_ratio": 2.2,
            "reinvestment_rate": -71.43,
            "research_to_sale_ratio": null,
            "price_fair": 53.81,
            "eps_avg_yearly": 1.54,
            "eps_latest_yearly": 2.16,
            "eps_growth_yearly": 134.86
        },
        "20214": {
            "year_quarter": 20214,
            "year": 2021,
            "quarter": 4,
            "eps": 0.45,
            "eps_growth_year": 49.54,
            "eps_4q": 1.75,
            "eps_4q_growth_year": 6.27,
            "roe": 1.71,
            "roe_4q": 7.1000000000000005,
            "gross_profit": 187472,
            "gross_margin": 22.88,
            "gross_margin_4q_avg": 26.31,
            "net_income": 225500,
            "revenue": 819529,
            "common_shares": 5163580,
            "book_valuer_per_share": 24.14,
            "book_valuer_per_share_4q_avg": 23.74,
            "equity": 13350615,
            "current_ratio": 326.21,
            "debt_ratio": 27.98,
            "inventory_turnover_ratio": 3.71,
            "account_receivable_turnover_ratio": 2.38,
            "reinvestment_rate": -67.24,
            "research_to_sale_ratio": null,
            "price_fair": 56,
            "eps_avg_yearly": 1.6,
            "eps_latest_yearly": 1.8,
            "eps_growth_yearly": 147.63
        },
        "20221": {
            "year_quarter": 20221,
            "year": 2022,
            "quarter": 1,
            "eps": 0.32,
            "eps_growth_year": -21.95,
            "eps_4q": 1.66,
            "eps_4q_growth_year": -14.48,
            "roe": 1.19,
            "roe_4q": 6.68,
            "gross_profit": 216321,
            "gross_margin": 24.12,
            "gross_margin_4q_avg": 25.92,
            "net_income": 161862,
            "revenue": 896869,
            "common_shares": 5163580,
            "book_valuer_per_share": 25,
            "book_valuer_per_share_4q_avg": 24.14,
            "equity": 13814767,
            "current_ratio": 347.9,
            "debt_ratio": 27.29,
            "inventory_turnover_ratio": 4.19,
            "account_receivable_turnover_ratio": 2.31,
            "reinvestment_rate": 28.78,
            "research_to_sale_ratio": null,
            "price_fair": 56.79,
            "eps_avg_yearly": 1.62,
            "eps_latest_yearly": 1.28,
            "eps_growth_yearly": 136.65
        },
        "20222": {
            "year_quarter": 20222,
            "year": 2022,
            "quarter": 2,
            "eps": 0.26,
            "eps_growth_year": -25.71,
            "eps_4q": 1.57,
            "eps_4q_growth_year": -10.61,
            "roe": 1.02,
            "roe_4q": 6.35,
            "gross_profit": 228722,
            "gross_margin": 28.19,
            "gross_margin_4q_avg": 25.92,
            "net_income": 137826,
            "revenue": 811483,
            "common_shares": 5163580,
            "book_valuer_per_share": 23.75,
            "book_valuer_per_share_4q_avg": 24.13,
            "equity": 13166982,
            "current_ratio": 273.95,
            "debt_ratio": 30.55,
            "inventory_turnover_ratio": 3.79,
            "account_receivable_turnover_ratio": 2.2,
            "reinvestment_rate": 28.61,
            "research_to_sale_ratio": null,
            "price_fair": 56.35,
            "eps_avg_yearly": 1.61,
            "eps_latest_yearly": 1.04,
            "eps_growth_yearly": 123.27
        },
        "20223": {
            "year_quarter": 20223,
            "year": 2022,
            "quarter": 3,
            "eps": 0.65,
            "eps_growth_year": 20.37,
            "eps_4q": 1.67,
            "eps_4q_growth_year": 4.61,
            "roe": 2.8,
            "roe_4q": 6.72,
            "gross_profit": 208071,
            "gross_margin": 28.3,
            "gross_margin_4q_avg": 25.87,
            "net_income": 371132,
            "revenue": 735172,
            "common_shares": 5163580,
            "book_valuer_per_share": 24.04,
            "book_valuer_per_share_4q_avg": 24.23,
            "equity": 13349314,
            "current_ratio": 336.41,
            "debt_ratio": 28.27,
            "inventory_turnover_ratio": 3.52,
            "account_receivable_turnover_ratio": 2.21,
            "reinvestment_rate": 28.19,
            "research_to_sale_ratio": null,
            "price_fair": 56.53,
            "eps_avg_yearly": 1.62,
            "eps_latest_yearly": 2.6,
            "eps_growth_yearly": 134.96
        },
        "20224": {
            "year_quarter": 20224,
            "year": 2022,
            "quarter": 4,
            "eps": 0.32,
            "eps_growth_year": -28.35,
            "eps_4q": 1.55,
            "eps_4q_growth_year": -11.44,
            "roe": 1.19,
            "roe_4q": 6.199999999999999,
            "gross_profit": 210282,
            "gross_margin": 24.02,
            "gross_margin_4q_avg": 26.16,
            "net_income": 159584,
            "revenue": 875286,
            "common_shares": 5163580,
            "book_valuer_per_share": 24.49,
            "book_valuer_per_share_4q_avg": 24.32,
            "equity": 13570766,
            "current_ratio": 330.12,
            "debt_ratio": 28.24,
            "inventory_turnover_ratio": 4.4,
            "account_receivable_turnover_ratio": 2.46,
            "reinvestment_rate": 27.22,
            "research_to_sale_ratio": null,
            "price_fair": 58.01,
            "eps_avg_yearly": 1.66,
            "eps_latest_yearly": 1.28,
            "eps_growth_yearly": 141.32
        },
        "20231": {
            "year_quarter": 20231,
            "year": 2023,
            "quarter": 1,
            "eps": 0.51,
            "eps_growth_year": 59.38,
            "eps_4q": 1.74,
            "eps_4q_growth_year": 4.49,
            "roe": 1.89,
            "roe_4q": 6.9,
            "gross_profit": 230870,
            "gross_margin": 24.8,
            "gross_margin_4q_avg": 26.33,
            "net_income": 259915,
            "revenue": 930935,
            "common_shares": 5163580,
            "book_valuer_per_share": 25.28,
            "book_valuer_per_share_4q_avg": 24.39,
            "equity": 13975526,
            "current_ratio": 338.91,
            "debt_ratio": 27.72,
            "inventory_turnover_ratio": 4.6,
            "account_receivable_turnover_ratio": 2.31,
            "reinvestment_rate": 26.21,
            "research_to_sale_ratio": null,
            "price_fair": 59.59,
            "eps_avg_yearly": 1.7,
            "eps_latest_yearly": 2.04,
            "eps_growth_yearly": 126.16
        }
    },
    "months": {
        "2001-06": {
            "month": "2001-06",
            "price": "10.17",
            "revenue": 212976
        },
        "2001-07": {
            "month": "2001-07",
            "price": "9.69",
            "revenue": 223584
        },
        "2001-08": {
            "month": "2001-08",
            "price": "10.32",
            "revenue": 199762
        },
        "2001-09": {
            "month": "2001-09",
            "price": "10.60",
            "revenue": 196774
        },
        "2001-10": {
            "month": "2001-10",
            "price": "10.15",
            "revenue": 219036
        },
        "2001-11": {
            "month": "2001-11",
            "price": "9.98",
            "revenue": 241226
        },
        "2001-12": {
            "month": "2001-12",
            "price": "10.51",
            "revenue": 320002
        },
        "2002-01": {
            "month": "2002-01",
            "price": "11.22",
            "revenue": 305951
        },
        "2002-02": {
            "month": "2002-02",
            "price": "10.85",
            "revenue": 252704
        },
        "2002-03": {
            "month": "2002-03",
            "price": "11.30",
            "revenue": 254749
        },
        "2002-04": {
            "month": "2002-04",
            "price": "11.93",
            "revenue": 238855
        },
        "2002-05": {
            "month": "2002-05",
            "price": "11.04",
            "revenue": 211884
        },
        "2002-06": {
            "month": "2002-06",
            "price": "11.05",
            "revenue": 191117
        },
        "2002-07": {
            "month": "2002-07",
            "price": "10.05",
            "revenue": 194256
        },
        "2002-08": {
            "month": "2002-08",
            "price": "9.52",
            "revenue": 180854
        },
        "2002-09": {
            "month": "2002-09",
            "price": "8.95",
            "revenue": 207674
        },
        "2002-10": {
            "month": "2002-10",
            "price": "9.51",
            "revenue": 228893
        },
        "2002-11": {
            "month": "2002-11",
            "price": "9.27",
            "revenue": 237260
        },
        "2002-12": {
            "month": "2002-12",
            "price": "9.36",
            "revenue": 270540
        },
        "2003-01": {
            "month": "2003-01",
            "price": "10.50",
            "revenue": 295043
        },
        "2003-02": {
            "month": "2003-02",
            "price": "10.34",
            "revenue": 229810
        },
        "2003-03": {
            "month": "2003-03",
            "price": "9.69",
            "revenue": 260561
        },
        "2003-04": {
            "month": "2003-04",
            "price": "10.23",
            "revenue": 233221
        },
        "2003-05": {
            "month": "2003-05",
            "price": "10.10",
            "revenue": 218336
        },
        "2003-06": {
            "month": "2003-06",
            "price": "9.99",
            "revenue": 203958
        },
        "2003-07": {
            "month": "2003-07",
            "price": "9.89",
            "revenue": 185777
        },
        "2003-08": {
            "month": "2003-08",
            "price": "9.70",
            "revenue": 211600
        },
        "2003-09": {
            "month": "2003-09",
            "price": "9.55",
            "revenue": 218227
        },
        "2003-10": {
            "month": "2003-10",
            "price": "9.84",
            "revenue": 219260
        },
        "2003-11": {
            "month": "2003-11",
            "price": "10.14",
            "revenue": 229678
        },
        "2003-12": {
            "month": "2003-12",
            "price": "10.16",
            "revenue": 326039
        },
        "2004-01": {
            "month": "2004-01",
            "price": "10.90",
            "revenue": 264930
        },
        "2004-02": {
            "month": "2004-02",
            "price": "13.32",
            "revenue": 280457
        },
        "2004-03": {
            "month": "2004-03",
            "price": "13.47",
            "revenue": 276192
        },
        "2004-04": {
            "month": "2004-04",
            "price": "13.64",
            "revenue": 252283
        },
        "2004-05": {
            "month": "2004-05",
            "price": "12.76",
            "revenue": 231176
        },
        "2004-06": {
            "month": "2004-06",
            "price": "11.98",
            "revenue": 236974
        },
        "2004-07": {
            "month": "2004-07",
            "price": "11.85",
            "revenue": 219852
        },
        "2004-08": {
            "month": "2004-08",
            "price": "11.87",
            "revenue": 251843
        },
        "2004-09": {
            "month": "2004-09",
            "price": "12.36",
            "revenue": 260886
        },
        "2004-10": {
            "month": "2004-10",
            "price": "12.54",
            "revenue": 249153
        },
        "2004-11": {
            "month": "2004-11",
            "price": "12.31",
            "revenue": 265985
        },
        "2004-12": {
            "month": "2004-12",
            "price": "12.23",
            "revenue": 325355
        },
        "2005-01": {
            "month": "2005-01",
            "price": "12.51",
            "revenue": 338752
        },
        "2005-02": {
            "month": "2005-02",
            "price": "12.20",
            "revenue": 296210
        },
        "2005-03": {
            "month": "2005-03",
            "price": "12.56",
            "revenue": 363488
        },
        "2005-04": {
            "month": "2005-04",
            "price": "12.05",
            "revenue": 295057
        },
        "2005-05": {
            "month": "2005-05",
            "price": "12.77",
            "revenue": 267992
        },
        "2005-06": {
            "month": "2005-06",
            "price": "12.87",
            "revenue": 275472
        },
        "2005-07": {
            "month": "2005-07",
            "price": "12.67",
            "revenue": 255038
        },
        "2005-08": {
            "month": "2005-08",
            "price": "12.75",
            "revenue": 263543
        },
        "2005-09": {
            "month": "2005-09",
            "price": "12.48",
            "revenue": 274033
        },
        "2005-10": {
            "month": "2005-10",
            "price": "12.12",
            "revenue": 298054
        },
        "2005-11": {
            "month": "2005-11",
            "price": "12.18",
            "revenue": 311414
        },
        "2005-12": {
            "month": "2005-12",
            "price": "12.24",
            "revenue": 393259
        },
        "2006-01": {
            "month": "2006-01",
            "price": "12.21",
            "revenue": 345735
        },
        "2006-02": {
            "month": "2006-02",
            "price": "12.11",
            "revenue": 326698
        },
        "2006-03": {
            "month": "2006-03",
            "price": "12.13",
            "revenue": 362133
        },
        "2006-04": {
            "month": "2006-04",
            "price": "12.46",
            "revenue": 305509
        },
        "2006-05": {
            "month": "2006-05",
            "price": "14.60",
            "revenue": 309034
        },
        "2006-06": {
            "month": "2006-06",
            "price": "13.15",
            "revenue": 268202
        },
        "2006-07": {
            "month": "2006-07",
            "price": "12.88",
            "revenue": 297159
        },
        "2006-08": {
            "month": "2006-08",
            "price": "12.90",
            "revenue": 271470
        },
        "2006-09": {
            "month": "2006-09",
            "price": "13.76",
            "revenue": 291858
        },
        "2006-10": {
            "month": "2006-10",
            "price": "14.40",
            "revenue": 289034
        },
        "2006-11": {
            "month": "2006-11",
            "price": "15.39",
            "revenue": 300485
        },
        "2006-12": {
            "month": "2006-12",
            "price": "16.43",
            "revenue": 380541
        },
        "2007-01": {
            "month": "2007-01",
            "price": "16.46",
            "revenue": 364446
        },
        "2007-02": {
            "month": "2007-02",
            "price": "18.04",
            "revenue": 327025
        },
        "2007-03": {
            "month": "2007-03",
            "price": "18.10",
            "revenue": 383663
        },
        "2007-04": {
            "month": "2007-04",
            "price": "19.02",
            "revenue": 333558
        },
        "2007-05": {
            "month": "2007-05",
            "price": "17.39",
            "revenue": 319818
        },
        "2007-06": {
            "month": "2007-06",
            "price": "16.67",
            "revenue": 288074
        },
        "2007-07": {
            "month": "2007-07",
            "price": "18.12",
            "revenue": 263726
        },
        "2007-08": {
            "month": "2007-08",
            "price": "16.01",
            "revenue": 301854
        },
        "2007-09": {
            "month": "2007-09",
            "price": "16.28",
            "revenue": 290955
        },
        "2007-10": {
            "month": "2007-10",
            "price": "16.52",
            "revenue": 354364
        },
        "2007-11": {
            "month": "2007-11",
            "price": "16.30",
            "revenue": 342223
        },
        "2007-12": {
            "month": "2007-12",
            "price": "15.82",
            "revenue": 398050
        },
        "2008-01": {
            "month": "2008-01",
            "price": "15.90",
            "revenue": 374941
        },
        "2008-02": {
            "month": "2008-02",
            "price": "16.55",
            "revenue": 380872
        },
        "2008-03": {
            "month": "2008-03",
            "price": "17.80",
            "revenue": 413180
        },
        "2008-04": {
            "month": "2008-04",
            "price": "19.55",
            "revenue": 328816
        },
        "2008-05": {
            "month": "2008-05",
            "price": "22.06",
            "revenue": 376597
        },
        "2008-06": {
            "month": "2008-06",
            "price": "21.09",
            "revenue": 382836
        },
        "2008-07": {
            "month": "2008-07",
            "price": "17.78",
            "revenue": 361964
        },
        "2008-08": {
            "month": "2008-08",
            "price": "18.19",
            "revenue": 336356
        },
        "2008-09": {
            "month": "2008-09",
            "price": "15.61",
            "revenue": 369055
        },
        "2008-10": {
            "month": "2008-10",
            "price": "13.43",
            "revenue": 356815
        },
        "2008-11": {
            "month": "2008-11",
            "price": "11.43",
            "revenue": 406674
        },
        "2008-12": {
            "month": "2008-12",
            "price": "11.48",
            "revenue": 413184
        },
        "2009-01": {
            "month": "2009-01",
            "price": "11.58",
            "revenue": 366416
        },
        "2009-02": {
            "month": "2009-02",
            "price": "11.42",
            "revenue": 328349
        },
        "2009-03": {
            "month": "2009-03",
            "price": "12.32",
            "revenue": 385057
        },
        "2009-04": {
            "month": "2009-04",
            "price": "14.05",
            "revenue": 353919
        },
        "2009-05": {
            "month": "2009-05",
            "price": "14.83",
            "revenue": 317375
        },
        "2009-06": {
            "month": "2009-06",
            "price": "15.34",
            "revenue": 389622
        },
        "2009-07": {
            "month": "2009-07",
            "price": "16.16",
            "revenue": 278096
        },
        "2009-08": {
            "month": "2009-08",
            "price": "15.54",
            "revenue": 294982
        },
        "2009-09": {
            "month": "2009-09",
            "price": "15.72",
            "revenue": 295931
        },
        "2009-10": {
            "month": "2009-10",
            "price": "16.55",
            "revenue": 349863
        },
        "2009-11": {
            "month": "2009-11",
            "price": "16.15",
            "revenue": 347811
        },
        "2009-12": {
            "month": "2009-12",
            "price": "16.55",
            "revenue": 438866
        },
        "2010-01": {
            "month": "2010-01",
            "price": "17.45",
            "revenue": 463644
        },
        "2010-02": {
            "month": "2010-02",
            "price": "17.76",
            "revenue": 375261
        },
        "2010-03": {
            "month": "2010-03",
            "price": "18.08",
            "revenue": 436238
        },
        "2010-04": {
            "month": "2010-04",
            "price": "18.08",
            "revenue": 428859
        },
        "2010-05": {
            "month": "2010-05",
            "price": "17.20",
            "revenue": 402476
        },
        "2010-06": {
            "month": "2010-06",
            "price": "17.26",
            "revenue": 355903
        },
        "2010-07": {
            "month": "2010-07",
            "price": "16.82",
            "revenue": 326199
        },
        "2010-08": {
            "month": "2010-08",
            "price": "17.02",
            "revenue": 324583
        },
        "2010-09": {
            "month": "2010-09",
            "price": "17.13",
            "revenue": 331093
        },
        "2010-10": {
            "month": "2010-10",
            "price": "17.48",
            "revenue": 351388
        },
        "2010-11": {
            "month": "2010-11",
            "price": "17.52",
            "revenue": 378974
        },
        "2010-12": {
            "month": "2010-12",
            "price": "18.39",
            "revenue": 439557
        },
        "2011-01": {
            "month": "2011-01",
            "price": "18.53",
            "revenue": 472747
        },
        "2011-02": {
            "month": "2011-02",
            "price": "17.91",
            "revenue": 385673
        },
        "2011-03": {
            "month": "2011-03",
            "price": "17.77",
            "revenue": 434044
        },
        "2011-04": {
            "month": "2011-04",
            "price": "18.24",
            "revenue": 416696
        },
        "2011-05": {
            "month": "2011-05",
            "price": "18.24",
            "revenue": 398671
        },
        "2011-06": {
            "month": "2011-06",
            "price": "18.45",
            "revenue": 351717
        },
        "2011-07": {
            "month": "2011-07",
            "price": "17.96",
            "revenue": 349538
        },
        "2011-08": {
            "month": "2011-08",
            "price": "17.52",
            "revenue": 348145
        },
        "2011-09": {
            "month": "2011-09",
            "price": "17.33",
            "revenue": 379043
        },
        "2011-10": {
            "month": "2011-10",
            "price": "17.45",
            "revenue": 399378
        },
        "2011-11": {
            "month": "2011-11",
            "price": "18.03",
            "revenue": 408120
        },
        "2011-12": {
            "month": "2011-12",
            "price": "18.02",
            "revenue": 483113
        },
        "2012-01": {
            "month": "2012-01",
            "price": "17.97",
            "revenue": 487457
        },
        "2012-02": {
            "month": "2012-02",
            "price": "18.39",
            "revenue": 486181
        },
        "2012-03": {
            "month": "2012-03",
            "price": "18.84",
            "revenue": 477765
        },
        "2012-04": {
            "month": "2012-04",
            "price": "18.57",
            "revenue": 434128
        },
        "2012-05": {
            "month": "2012-05",
            "price": "18.80",
            "revenue": 412880
        },
        "2012-06": {
            "month": "2012-06",
            "price": "19.04",
            "revenue": 400132
        },
        "2012-07": {
            "month": "2012-07",
            "price": "18.84",
            "revenue": 361269
        },
        "2012-08": {
            "month": "2012-08",
            "price": "19.31",
            "revenue": 360001
        },
        "2012-09": {
            "month": "2012-09",
            "price": "20.71",
            "revenue": 379763
        },
        "2012-10": {
            "month": "2012-10",
            "price": "20.19",
            "revenue": 422637
        },
        "2012-11": {
            "month": "2012-11",
            "price": "19.70",
            "revenue": 445677
        },
        "2012-12": {
            "month": "2012-12",
            "price": "20.46",
            "revenue": 521173
        },
        "2013-01": {
            "month": "2013-01",
            "price": "20.92",
            "revenue": 533123
        },
        "2013-02": {
            "month": "2013-02",
            "price": "21.41",
            "revenue": 449762
        },
        "2013-03": {
            "month": "2013-03",
            "price": "21.52",
            "revenue": 489163
        },
        "2013-04": {
            "month": "2013-04",
            "price": "21.84",
            "revenue": 502474
        },
        "2013-05": {
            "month": "2013-05",
            "price": "22.03",
            "revenue": 454990
        },
        "2013-06": {
            "month": "2013-06",
            "price": "21.84",
            "revenue": 367164
        },
        "2013-07": {
            "month": "2013-07",
            "price": "22.20",
            "revenue": 380278
        },
        "2013-08": {
            "month": "2013-08",
            "price": "22.17",
            "revenue": 372046
        },
        "2013-09": {
            "month": "2013-09",
            "price": "22.13",
            "revenue": 368519
        },
        "2013-10": {
            "month": "2013-10",
            "price": "22.20",
            "revenue": 413318
        },
        "2013-11": {
            "month": "2013-11",
            "price": "22.14",
            "revenue": 468649
        },
        "2013-12": {
            "month": "2013-12",
            "price": "22.19",
            "revenue": 564974
        },
        "2014-01": {
            "month": "2014-01",
            "price": "23.14",
            "revenue": 525350
        },
        "2014-02": {
            "month": "2014-02",
            "price": "23.07",
            "revenue": 493951
        },
        "2014-03": {
            "month": "2014-03",
            "price": "23.16",
            "revenue": 534227
        },
        "2014-04": {
            "month": "2014-04",
            "price": "23.47",
            "revenue": 471585
        },
        "2014-05": {
            "month": "2014-05",
            "price": "23.69",
            "revenue": 467191
        },
        "2014-06": {
            "month": "2014-06",
            "price": "24.38",
            "revenue": 404414
        },
        "2014-07": {
            "month": "2014-07",
            "price": "24.85",
            "revenue": 417973
        },
        "2014-08": {
            "month": "2014-08",
            "price": "24.03",
            "revenue": 389976
        },
        "2014-09": {
            "month": "2014-09",
            "price": "24.00",
            "revenue": 372829
        },
        "2014-10": {
            "month": "2014-10",
            "price": "23.36",
            "revenue": 433144
        },
        "2014-11": {
            "month": "2014-11",
            "price": "23.02",
            "revenue": 462069
        },
        "2014-12": {
            "month": "2014-12",
            "price": "22.93",
            "revenue": 544756
        },
        "2015-01": {
            "month": "2015-01",
            "price": "23.00",
            "revenue": 443544
        },
        "2015-02": {
            "month": "2015-02",
            "price": "23.25",
            "revenue": 388551
        },
        "2015-03": {
            "month": "2015-03",
            "price": "23.45",
            "revenue": 415668
        },
        "2015-04": {
            "month": "2015-04",
            "price": "23.55",
            "revenue": 383499
        },
        "2015-05": {
            "month": "2015-05",
            "price": "24.04",
            "revenue": 359181
        },
        "2015-06": {
            "month": "2015-06",
            "price": "23.80",
            "revenue": 296049
        },
        "2015-07": {
            "month": "2015-07",
            "price": "23.18",
            "revenue": 307469
        },
        "2015-08": {
            "month": "2015-08",
            "price": "22.41",
            "revenue": 292536
        },
        "2015-09": {
            "month": "2015-09",
            "price": "21.61",
            "revenue": 284948
        },
        "2015-10": {
            "month": "2015-10",
            "price": "22.03",
            "revenue": 305970
        },
        "2015-11": {
            "month": "2015-11",
            "price": "22.09",
            "revenue": 303896
        },
        "2015-12": {
            "month": "2015-12",
            "price": "22.08",
            "revenue": 349787
        },
        "2016-01": {
            "month": "2016-01",
            "price": "22.12",
            "revenue": 363951
        },
        "2016-02": {
            "month": "2016-02",
            "price": "22.45",
            "revenue": 331377
        },
        "2016-03": {
            "month": "2016-03",
            "price": "23.07",
            "revenue": 349728
        },
        "2016-04": {
            "month": "2016-04",
            "price": "23.23",
            "revenue": 302305
        },
        "2016-05": {
            "month": "2016-05",
            "price": "23.20",
            "revenue": 299113
        },
        "2016-06": {
            "month": "2016-06",
            "price": "23.28",
            "revenue": 262151
        },
        "2016-07": {
            "month": "2016-07",
            "price": "23.78",
            "revenue": 265396
        },
        "2016-08": {
            "month": "2016-08",
            "price": "23.45",
            "revenue": 256122
        },
        "2016-09": {
            "month": "2016-09",
            "price": "23.84",
            "revenue": 253309
        },
        "2016-10": {
            "month": "2016-10",
            "price": "23.75",
            "revenue": 244014
        },
        "2016-11": {
            "month": "2016-11",
            "price": "23.91",
            "revenue": 277888
        },
        "2016-12": {
            "month": "2016-12",
            "price": "24.26",
            "revenue": 306853
        },
        "2017-01": {
            "month": "2017-01",
            "price": "24.29",
            "revenue": 331321
        },
        "2017-02": {
            "month": "2017-02",
            "price": "24.38",
            "revenue": 308623
        },
        "2017-03": {
            "month": "2017-03",
            "price": "24.57",
            "revenue": 348619
        },
        "2017-04": {
            "month": "2017-04",
            "price": "25.06",
            "revenue": 327669
        },
        "2017-05": {
            "month": "2017-05",
            "price": "25.34",
            "revenue": 307422
        },
        "2017-06": {
            "month": "2017-06",
            "price": "25.52",
            "revenue": 283311
        },
        "2017-07": {
            "month": "2017-07",
            "price": "25.34",
            "revenue": 289702
        },
        "2017-08": {
            "month": "2017-08",
            "price": "24.87",
            "revenue": 276286
        },
        "2017-09": {
            "month": "2017-09",
            "price": "25.20",
            "revenue": 258269
        },
        "2017-10": {
            "month": "2017-10",
            "price": "25.48",
            "revenue": 282640
        },
        "2017-11": {
            "month": "2017-11",
            "price": "26.19",
            "revenue": 335454
        },
        "2017-12": {
            "month": "2017-12",
            "price": "26.67",
            "revenue": 354427
        },
        "2018-01": {
            "month": "2018-01",
            "price": "26.85",
            "revenue": 374747
        },
        "2018-02": {
            "month": "2018-02",
            "price": "27.50",
            "revenue": 358863
        },
        "2018-03": {
            "month": "2018-03",
            "price": "27.85",
            "revenue": 357836
        },
        "2018-04": {
            "month": "2018-04",
            "price": "27.83",
            "revenue": 354628
        },
        "2018-05": {
            "month": "2018-05",
            "price": "27.89",
            "revenue": 327229
        },
        "2018-06": {
            "month": "2018-06",
            "price": "27.84",
            "revenue": 307867
        },
        "2018-07": {
            "month": "2018-07",
            "price": "27.65",
            "revenue": 305433
        },
        "2018-08": {
            "month": "2018-08",
            "price": "27.53",
            "revenue": 307700
        },
        "2018-09": {
            "month": "2018-09",
            "price": "28.27",
            "revenue": 305399
        },
        "2018-10": {
            "month": "2018-10",
            "price": "28.53",
            "revenue": 343386
        },
        "2018-11": {
            "month": "2018-11",
            "price": "28.57",
            "revenue": 346644
        },
        "2018-12": {
            "month": "2018-12",
            "price": "28.95",
            "revenue": 370179
        },
        "2019-01": {
            "month": "2019-01",
            "price": "29.11",
            "revenue": 413413
        },
        "2019-02": {
            "month": "2019-02",
            "price": "29.14",
            "revenue": 356739
        },
        "2019-03": {
            "month": "2019-03",
            "price": "29.32",
            "revenue": 412504
        },
        "2019-04": {
            "month": "2019-04",
            "price": "29.35",
            "revenue": 381565
        },
        "2019-05": {
            "month": "2019-05",
            "price": "29.15",
            "revenue": 392245
        },
        "2019-06": {
            "month": "2019-06",
            "price": "29.26",
            "revenue": 335669
        },
        "2019-07": {
            "month": "2019-07",
            "price": "29.61",
            "revenue": 325187
        },
        "2019-08": {
            "month": "2019-08",
            "price": "29.33",
            "revenue": 316178
        },
        "2019-09": {
            "month": "2019-09",
            "price": "30.04",
            "revenue": 307232
        },
        "2019-10": {
            "month": "2019-10",
            "price": "30.60",
            "revenue": 310293
        },
        "2019-11": {
            "month": "2019-11",
            "price": "31.29",
            "revenue": 328185
        },
        "2019-12": {
            "month": "2019-12",
            "price": "31.28",
            "revenue": 346802
        },
        "2020-01": {
            "month": "2020-01",
            "price": "31.69",
            "revenue": 352378
        },
        "2020-02": {
            "month": "2020-02",
            "price": "31.78",
            "revenue": 354384
        },
        "2020-03": {
            "month": "2020-03",
            "price": "29.64",
            "revenue": 413888
        },
        "2020-04": {
            "month": "2020-04",
            "price": "29.92",
            "revenue": 326040
        },
        "2020-05": {
            "month": "2020-05",
            "price": "30.08",
            "revenue": 278769
        },
        "2020-06": {
            "month": "2020-06",
            "price": "30.66",
            "revenue": 251632
        },
        "2020-07": {
            "month": "2020-07",
            "price": "30.97",
            "revenue": 246764
        },
        "2020-08": {
            "month": "2020-08",
            "price": "30.71",
            "revenue": 236788
        },
        "2020-09": {
            "month": "2020-09",
            "price": "30.93",
            "revenue": 268691
        },
        "2020-10": {
            "month": "2020-10",
            "price": "31.31",
            "revenue": 268273
        },
        "2020-11": {
            "month": "2020-11",
            "price": "32.09",
            "revenue": 265787
        },
        "2020-12": {
            "month": "2020-12",
            "price": "34.42",
            "revenue": 279232
        },
        "2021-01": {
            "month": "2021-01",
            "price": "33.55",
            "revenue": 316661
        },
        "2021-02": {
            "month": "2021-02",
            "price": "33.25",
            "revenue": 285270
        },
        "2021-03": {
            "month": "2021-03",
            "price": "33.66",
            "revenue": 316223
        },
        "2021-04": {
            "month": "2021-04",
            "price": "33.77",
            "revenue": 281124
        },
        "2021-05": {
            "month": "2021-05",
            "price": "33.67",
            "revenue": 245281
        },
        "2021-06": {
            "month": "2021-06",
            "price": "33.52",
            "revenue": 226103
        },
        "2021-07": {
            "month": "2021-07",
            "price": "33.42",
            "revenue": 204044
        },
        "2021-08": {
            "month": "2021-08",
            "price": "33.38",
            "revenue": 245630
        },
        "2021-09": {
            "month": "2021-09",
            "price": "32.98",
            "revenue": 224354
        },
        "2021-10": {
            "month": "2021-10",
            "price": "33.10",
            "revenue": 240902
        },
        "2021-11": {
            "month": "2021-11",
            "price": "33.27",
            "revenue": 289885
        },
        "2021-12": {
            "month": "2021-12",
            "price": "33.14",
            "revenue": 288745
        },
        "2022-01": {
            "month": "2022-01",
            "price": "33.03",
            "revenue": 291933
        },
        "2022-02": {
            "month": "2022-02",
            "price": "32.99",
            "revenue": 275617
        },
        "2022-03": {
            "month": "2022-03",
            "price": "32.96",
            "revenue": 329319
        },
        "2022-04": {
            "month": "2022-04",
            "price": "33.24",
            "revenue": 284975
        },
        "2022-05": {
            "month": "2022-05",
            "price": "32.94",
            "revenue": 267891
        },
        "2022-06": {
            "month": "2022-06",
            "price": "33.15",
            "revenue": 258619
        },
        "2022-07": {
            "month": "2022-07",
            "price": "33.40",
            "revenue": 237531
        },
        "2022-08": {
            "month": "2022-08",
            "price": "32.86",
            "revenue": 238805
        },
        "2022-09": {
            "month": "2022-09",
            "price": "32.25",
            "revenue": 255479
        },
        "2022-10": {
            "month": "2022-10",
            "price": "30.20",
            "revenue": 274634
        },
        "2022-11": {
            "month": "2022-11",
            "price": "30.79",
            "revenue": 282223
        },
        "2022-12": {
            "month": "2022-12",
            "price": "31.29",
            "revenue": 329390
        },
        "2023-01": {
            "month": "2023-01",
            "price": "31.02",
            "revenue": 307262
        },
        "2023-02": {
            "month": "2023-02",
            "price": "31.14",
            "revenue": 296718
        },
        "2023-03": {
            "month": "2023-03",
            "price": "31.40",
            "revenue": 326956
        },
        "2023-04": {
            "month": "2023-04",
            "price": "31.67",
            "revenue": 288464
        },
        "2023-05": {
            "month": "2023-05",
            "price": "32.23",
            "revenue": 275352
        }
    }
}
