{
    "summary": {
        "stock_name": "豐泰",
        "stock_id": "9910",
        "category": "運動休閒",
        "main_business": "製鞋、機械設備製造、模具製造<br>產品設計、國際貿易、企業經營管理顧問<br>除許可業務外，得經營法令非禁止或限制之業務",
        "website_url": "http://www.fengtay.com",
        "ceo": "陳昭吉",
        "pe_ratio": 32,
        "report_year_from": 2001,
        "report_year_to": 2023,
        "age": 23,
        "eps_negative_percentage": 0,
        "eps_growth_avg": {
            "last_all": 8.14,
            "last_2y": 12.76,
            "last_4y": 3.1,
            "last_8y": 6.67,
            "last_12y": 9.74,
            "last_16y": 12.61,
            "last_20y": 8.33,
            "at_2006_last_3y": -9.87,
            "at_2007_last_3y": 1.88,
            "at_2008_last_3y": -6.27,
            "at_2009_last_3y": 12.87,
            "at_2010_last_3y": 21.96,
            "at_2011_last_3y": 7.45,
            "at_2012_last_3y": 18.44,
            "at_2013_last_3y": 8.84,
            "at_2014_last_3y": 16.65,
            "at_2015_last_3y": 27.1,
            "at_2016_last_3y": 22.42,
            "at_2017_last_3y": 13.6,
            "at_2018_last_3y": 11.13,
            "at_2019_last_3y": 5.44,
            "at_2020_last_3y": -1.64,
            "at_2021_last_3y": -3.64,
            "at_2022_last_3y": 16.42,
            "at_2023_last_3y": 1.34,
            "at_2024_last_3y": 1.34,
            "at_2006_last_all": -7.09,
            "at_2007_last_all": 2.28,
            "at_2008_last_all": -2.31,
            "at_2009_last_all": 6.75,
            "at_2010_last_all": 5.82,
            "at_2011_last_all": 4.35,
            "at_2012_last_all": 5.23,
            "at_2013_last_all": 7.44,
            "at_2014_last_all": 9.15,
            "at_2015_last_all": 10.85,
            "at_2016_last_all": 9.82,
            "at_2017_last_all": 8.98,
            "at_2018_last_all": 9.62,
            "at_2019_last_all": 9.65,
            "at_2020_last_all": 7.4,
            "at_2021_last_all": 6.46,
            "at_2022_last_all": 10.91,
            "at_2023_last_all": 8.14,
            "at_2024_last_all": 8.14
        },
        "latest_eps": 5.04,
        "latest_price": 162.5,
        "latest_roe": 20.97,
        "latest_gross_margin": 23.26,
        "latest_equity": 25054831,
        "latest_revenue": 22535192,
        "latest_gross_profit": 5242011,
        "latest_net_income": 1436713,
        "latest_debt_ratio": 50.53,
        "latest_current_ratio": 166.02,
        "latest_account_receivable_turnover_ratio": 2.76,
        "latest_inventory_turnover_ratio": 1.96,
        "latest_reinvestment_rate": 19.48,
        "latest_research_to_sale_ratio": 3.24
    },
    "eps_dividends": {
        "1990": {
            "cash": 2,
            "stock": 7,
            "eps": 0
        },
        "1991": {
            "cash": 1.5,
            "stock": 3.5,
            "eps": 0
        },
        "1992": {
            "cash": 2.7,
            "stock": 0,
            "eps": 0
        },
        "1993": {
            "cash": 1.5,
            "stock": 1.5,
            "eps": 0
        },
        "1995": {
            "cash": 0,
            "stock": 4,
            "eps": 0
        },
        "1996": {
            "cash": 1.2,
            "stock": 1.3,
            "eps": 0
        },
        "1997": {
            "cash": 0,
            "stock": 3.5,
            "eps": 0
        },
        "1998": {
            "cash": 0,
            "stock": 3.8,
            "eps": 0
        },
        "1999": {
            "cash": 0,
            "stock": 2.5,
            "eps": 0
        },
        "2000": {
            "cash": 0.5,
            "stock": 1.6,
            "eps": 0
        },
        "2001": {
            "cash": 0.8,
            "stock": 1,
            "eps": 2.73
        },
        "2002": {
            "cash": 1,
            "stock": 1,
            "eps": 2.84
        },
        "2003": {
            "cash": 2.2,
            "stock": 0,
            "eps": 2.9
        },
        "2004": {
            "cash": 1.6,
            "stock": 0.8,
            "eps": 2.98
        },
        "2005": {
            "cash": 1.8,
            "stock": 0.8,
            "eps": 2.79
        },
        "2006": {
            "cash": 1.8,
            "stock": 0.7,
            "eps": 1.73
        },
        "2007": {
            "cash": 1.4,
            "stock": 0.24,
            "eps": 2.58
        },
        "2008": {
            "cash": 2,
            "stock": 0,
            "eps": 1.81
        },
        "2009": {
            "cash": 1.2,
            "stock": 0,
            "eps": 3.08
        },
        "2010": {
            "cash": 1.8,
            "stock": 0.6,
            "eps": 3.03
        },
        "2011": {
            "cash": 3.6,
            "stock": 0.3,
            "eps": 2.76
        },
        "2012": {
            "cash": 0,
            "stock": 0,
            "eps": 3.15
        },
        "2013": {
            "cash": 2.2,
            "stock": 0.4,
            "eps": 4.15
        },
        "2014": {
            "cash": 3.3,
            "stock": 0.4,
            "eps": 5.38
        },
        "2015": {
            "cash": 3.7,
            "stock": 0.3,
            "eps": 7.15
        },
        "2016": {
            "cash": 5,
            "stock": 1.2,
            "eps": 6.82
        },
        "2017": {
            "cash": 5.2,
            "stock": 0,
            "eps": 6.58
        },
        "2018": {
            "cash": 5,
            "stock": 0,
            "eps": 7.88
        },
        "2019": {
            "cash": 6.7,
            "stock": 1,
            "eps": 8.68
        },
        "2020": {
            "cash": 4,
            "stock": 2,
            "eps": 5.82
        },
        "2021": {
            "cash": 3.7,
            "stock": 0,
            "eps": 5.15
        },
        "2022": {
            "cash": 4.1,
            "stock": 0,
            "eps": 10.3
        },
        "2023": {
            "cash": 7.7,
            "stock": 1.2,
            "eps": 5.13
        },
        "2024": {
            "cash": 4.3,
            "stock": 0,
            "eps": 0
        }
    },
    "dividends": {
        "1990-04-07": {
            "cash": 2,
            "stock": 7
        },
        "1991-03-29": {
            "cash": 1.5,
            "stock": 3.5
        },
        "1992-06-08": {
            "cash": 2.7,
            "stock": 0
        },
        "1993-05-31": {
            "cash": 1.5,
            "stock": 1.5
        },
        "1995-04-10": {
            "cash": 0,
            "stock": 4
        },
        "1996-05-13": {
            "cash": 1.2,
            "stock": 1.3
        },
        "1997-06-02": {
            "cash": 0,
            "stock": 3.5
        },
        "1998-05-18": {
            "cash": 0,
            "stock": 3.8
        },
        "1999-06-04": {
            "cash": 0,
            "stock": 2.5
        },
        "2000-05-22": {
            "cash": 0.5,
            "stock": 1.6
        },
        "2001-06-04": {
            "cash": 0.8,
            "stock": 1
        },
        "2002-06-17": {
            "cash": 1,
            "stock": 1
        },
        "2003-03-20": {
            "cash": 2.2,
            "stock": 0
        },
        "2004-03-18": {
            "cash": 1.6,
            "stock": 0.8
        },
        "2005-03-08": {
            "cash": 1.8,
            "stock": 0.8
        },
        "2006-03-10": {
            "cash": 1.8,
            "stock": 0.7
        },
        "2007-03-02": {
            "cash": 1.4,
            "stock": 0.24
        },
        "2008-03-10": {
            "cash": 2,
            "stock": 0
        },
        "2009-03-13": {
            "cash": 1.2,
            "stock": 0
        },
        "2010-03-15": {
            "cash": 1.8,
            "stock": 0.6
        },
        "2011-01-01": {
            "cash": 1.8,
            "stock": 0.3
        },
        "2011-03-18": {
            "cash": 1.8,
            "stock": 0
        },
        "2013-03-15": {
            "cash": 2.2,
            "stock": 0.4
        },
        "2014-09-12": {
            "cash": 3.3,
            "stock": 0.4
        },
        "2015-09-30": {
            "cash": 3.7,
            "stock": 0.3
        },
        "2016-08-30": {
            "cash": 5,
            "stock": 1.2
        },
        "2017-07-28": {
            "cash": 5.2,
            "stock": 0
        },
        "2018-08-09": {
            "cash": 5,
            "stock": 0
        },
        "2019-08-29": {
            "cash": 6.7,
            "stock": 1
        },
        "2020-09-16": {
            "cash": 4,
            "stock": 2
        },
        "2021-08-30": {
            "cash": 3.7,
            "stock": 0
        },
        "2022-08-02": {
            "cash": 4.1,
            "stock": 0
        },
        "2023-09-01": {
            "cash": 7.7,
            "stock": 1.2
        },
        "2024-03-14": {
            "cash": 4.3,
            "stock": 0
        }
    },
    "prices": {
        "200101": "23.02",
        "200102": "25.68",
        "200103": "25.32",
        "200104": "24.57",
        "200105": "21.53",
        "200106": "23.20",
        "200107": "22.82",
        "200108": "21.54",
        "200109": "21.14",
        "200110": "20.59",
        "200111": "22.26",
        "200112": "25.16",
        "200201": "26.28",
        "200202": "26.20",
        "200203": "27.10",
        "200204": "30.71",
        "200205": "33.36",
        "200206": "31.20",
        "200207": "27.45",
        "200208": "26.11",
        "200209": "25.15",
        "200210": "25.95",
        "200211": "28.70",
        "200212": "28.51",
        "200301": "29.40",
        "200302": "27.58",
        "200303": "27.35",
        "200304": "27.20",
        "200305": "25.77",
        "200306": "27.39",
        "200307": "26.30",
        "200308": "26.38",
        "200309": "26.90",
        "200310": "29.82",
        "200311": "31.10",
        "200312": "31.02",
        "200401": "33.25",
        "200402": "36.86",
        "200403": "36.31",
        "200404": "35.83",
        "200405": "34.28",
        "200406": "33.90",
        "200407": "33.37",
        "200408": "33.82",
        "200409": "33.30",
        "200410": "33.84",
        "200411": "34.92",
        "200412": "35.12",
        "200501": "35.34",
        "200502": "35.06",
        "200503": "35.31",
        "200504": "35.10",
        "200505": "35.01",
        "200506": "35.64",
        "200507": "33.48",
        "200508": "33.19",
        "200509": "35.11",
        "200510": "34.97",
        "200511": "34.67",
        "200512": "34.92",
        "200601": "35.38",
        "200602": "35.15",
        "200603": "34.79",
        "200604": "34.03",
        "200605": "33.47",
        "200606": "31.06",
        "200607": "28.58",
        "200608": "27.93",
        "200609": "26.98",
        "200610": "26.35",
        "200611": "25.44",
        "200612": "27.23",
        "200701": "28.05",
        "200702": "27.22",
        "200703": "26.55",
        "200704": "27.90",
        "200705": "26.69",
        "200706": "26.96",
        "200707": "27.15",
        "200708": "28.41",
        "200709": "28.08",
        "200710": "27.75",
        "200711": "26.61",
        "200712": "25.40",
        "200801": "24.01",
        "200802": "22.09",
        "200803": "24.26",
        "200804": "25.09",
        "200805": "24.62",
        "200806": "22.51",
        "200807": "20.28",
        "200808": "20.48",
        "200809": "18.45",
        "200810": "16.88",
        "200811": "15.64",
        "200812": "15.68",
        "200901": "15.42",
        "200902": "16.14",
        "200903": "18.40",
        "200904": "18.69",
        "200905": "23.47",
        "200906": "22.57",
        "200907": "22.67",
        "200908": "24.92",
        "200909": "25.84",
        "200910": "25.87",
        "200911": "28.41",
        "200912": "29.00",
        "201001": "28.82",
        "201002": "26.91",
        "201003": "28.82",
        "201004": "32.65",
        "201005": "31.37",
        "201006": "30.34",
        "201007": "30.41",
        "201008": "29.74",
        "201009": "30.11",
        "201010": "32.16",
        "201011": "31.89",
        "201012": "32.69",
        "201101": "32.38",
        "201102": "31.62",
        "201103": "30.98",
        "201104": "31.62",
        "201105": "30.98",
        "201106": "29.16",
        "201107": "27.15",
        "201108": "25.73",
        "201109": "24.76",
        "201110": "25.01",
        "201111": "25.85",
        "201112": "26.07",
        "201201": "26.13",
        "201202": "27.76",
        "201203": "27.92",
        "201204": "28.11",
        "201205": "28.02",
        "201206": "28.11",
        "201207": "28.94",
        "201208": "29.01",
        "201209": "30.23",
        "201210": "33.12",
        "201211": "33.36",
        "201212": "33.95",
        "201301": "35.15",
        "201302": "37.73",
        "201303": "42.17",
        "201304": "48.14",
        "201305": "47.87",
        "201306": "48.92",
        "201307": "60.45",
        "201308": "61.24",
        "201309": "66.95",
        "201310": "75.05",
        "201311": "75.69",
        "201312": "70.25",
        "201401": "66.52",
        "201402": "72.31",
        "201403": "83.43",
        "201404": "85.83",
        "201405": "82.74",
        "201406": "85.64",
        "201407": "82.01",
        "201408": "83.72",
        "201409": "84.80",
        "201410": "79.97",
        "201411": "84.84",
        "201412": "91.07",
        "201501": "103.64",
        "201502": "121.42",
        "201503": "155.18",
        "201504": "182.98",
        "201505": "172.62",
        "201506": "159.60",
        "201507": "167.50",
        "201508": "183.38",
        "201509": "193.52",
        "201510": "189.21",
        "201511": "183.81",
        "201512": "170.15",
        "201601": "167.26",
        "201602": "177.96",
        "201603": "174.91",
        "201604": "155.21",
        "201605": "132.24",
        "201606": "128.88",
        "201607": "151.62",
        "201608": "148.26",
        "201609": "148.87",
        "201610": "133.32",
        "201611": "118.52",
        "201612": "120.64",
        "201701": "132.16",
        "201702": "131.69",
        "201703": "126.33",
        "201704": "116.11",
        "201705": "118.55",
        "201706": "123.02",
        "201707": "135.93",
        "201708": "140.89",
        "201709": "143.11",
        "201710": "137.68",
        "201711": "133.09",
        "201712": "134.07",
        "201801": "139.77",
        "201802": "132.19",
        "201803": "132.59",
        "201804": "134.61",
        "201805": "132.55",
        "201806": "138.48",
        "201807": "160.73",
        "201808": "181.41",
        "201809": "189.42",
        "201810": "180.00",
        "201811": "189.66",
        "201812": "181.26",
        "201901": "190.81",
        "201902": "193.08",
        "201903": "209.15",
        "201904": "231.58",
        "201905": "250.52",
        "201906": "240.11",
        "201907": "229.98",
        "201908": "202.17",
        "201909": "211.37",
        "201910": "216.64",
        "201911": "197.67",
        "201912": "193.18",
        "202001": "190.50",
        "202002": "180.55",
        "202003": "145.00",
        "202004": "145.72",
        "202005": "171.18",
        "202006": "184.40",
        "202007": "174.89",
        "202008": "182.67",
        "202009": "170.50",
        "202010": "176.68",
        "202011": "186.17",
        "202012": "194.30",
        "202101": "190.02",
        "202102": "184.65",
        "202103": "194.18",
        "202104": "205.76",
        "202105": "211.98",
        "202106": "233.26",
        "202107": "234.66",
        "202108": "217.98",
        "202109": "216.10",
        "202110": "211.68",
        "202111": "216.00",
        "202112": "219.95",
        "202201": "231.19",
        "202202": "221.20",
        "202203": "191.28",
        "202204": "193.08",
        "202205": "179.69",
        "202206": "194.98",
        "202207": "173.81",
        "202208": "171.96",
        "202209": "169.60",
        "202210": "158.50",
        "202211": "178.77",
        "202212": "195.16",
        "202301": "203.96",
        "202302": "191.61",
        "202303": "186.15",
        "202304": "189.88",
        "202305": "193.82",
        "202306": "196.65",
        "202307": "200.93",
        "202308": "178.09",
        "202309": "190.08",
        "202310": "184.02",
        "202311": "183.36",
        "202312": "178.24",
        "202401": "166.09",
        "202402": "165.04",
        "202403": "163.82"
    },
    "quarters": {
        "20011": {
            "year_quarter": 20011,
            "year": 2001,
            "quarter": 1,
            "eps": 0.8,
            "eps_growth_year": 66.67,
            "eps_4q": 2.52,
            "eps_4q_growth_year": 7.95,
            "roe": 3.75,
            "roe_4q": 3.75,
            "gross_profit": 285723,
            "gross_margin": 15.39,
            "gross_margin_4q_avg": 15.39,
            "net_income": 254402,
            "net_income_4q": null,
            "revenue": 1857032,
            "revenue_4q": null,
            "common_shares": 3170706,
            "book_valuer_per_share": 15.29,
            "book_valuer_per_share_4q_avg": 15.29,
            "equity": 4849314,
            "current_ratio": 100.64,
            "debt_ratio": 28.95,
            "inventory_turnover_ratio": 1.8,
            "account_receivable_turnover_ratio": null,
            "reinvestment_rate": null,
            "research_to_sale_ratio": null,
            "price_fair": 0,
            "eps_avg_yearly": 0,
            "eps_latest_yearly": 0,
            "eps_growth_yearly": 0
        },
        "20012": {
            "year_quarter": 20012,
            "year": 2001,
            "quarter": 2,
            "eps": 0.61,
            "eps_growth_year": -14.08,
            "eps_4q": 2.25,
            "eps_4q_growth_year": -2.98,
            "roe": 4.38,
            "roe_4q": 8.129999999999999,
            "gross_profit": 394942,
            "gross_margin": 19.48,
            "gross_margin_4q_avg": 17.44,
            "net_income": 214470,
            "net_income_4q": null,
            "revenue": 2027526,
            "revenue_4q": null,
            "common_shares": 3170706,
            "book_valuer_per_share": 15.59,
            "book_valuer_per_share_4q_avg": 15.44,
            "equity": 4943091,
            "current_ratio": 94.02,
            "debt_ratio": 29.94,
            "inventory_turnover_ratio": 18.6,
            "account_receivable_turnover_ratio": null,
            "reinvestment_rate": null,
            "research_to_sale_ratio": null,
            "price_fair": 0,
            "eps_avg_yearly": 0,
            "eps_latest_yearly": 0,
            "eps_growth_yearly": 0
        },
        "20013": {
            "year_quarter": 20013,
            "year": 2001,
            "quarter": 3,
            "eps": 0.41,
            "eps_growth_year": -10.87,
            "eps_4q": 2.25,
            "eps_4q_growth_year": -13.39,
            "roe": 2.86,
            "roe_4q": 10.99,
            "gross_profit": 361264,
            "gross_margin": 17.13,
            "gross_margin_4q_avg": 17.33,
            "net_income": 143619,
            "net_income_4q": null,
            "revenue": 2108485,
            "revenue_4q": null,
            "common_shares": 3487777,
            "book_valuer_per_share": 14.6,
            "book_valuer_per_share_4q_avg": 15.16,
            "equity": 5092522,
            "current_ratio": 100.1,
            "debt_ratio": 28.26,
            "inventory_turnover_ratio": 21,
            "account_receivable_turnover_ratio": null,
            "reinvestment_rate": null,
            "research_to_sale_ratio": null,
            "price_fair": 0,
            "eps_avg_yearly": 0,
            "eps_latest_yearly": 0,
            "eps_growth_yearly": 0
        },
        "20014": {
            "year_quarter": 20014,
            "year": 2001,
            "quarter": 4,
            "eps": 0.91,
            "eps_growth_year": 65.45,
            "eps_4q": 2.67,
            "eps_4q_growth_year": 25.52,
            "roe": 4.15,
            "roe_4q": 15.14,
            "gross_profit": 348018,
            "gross_margin": 14.18,
            "gross_margin_4q_avg": 16.55,
            "net_income": 316977,
            "net_income_4q": null,
            "revenue": 2454292,
            "revenue_4q": null,
            "common_shares": 3487777,
            "book_valuer_per_share": 15.66,
            "book_valuer_per_share_4q_avg": 15.29,
            "equity": 10168269,
            "current_ratio": 200.54,
            "debt_ratio": 24.24,
            "inventory_turnover_ratio": 2.28,
            "account_receivable_turnover_ratio": null,
            "reinvestment_rate": null,
            "research_to_sale_ratio": null,
            "price_fair": 0,
            "eps_avg_yearly": 0,
            "eps_latest_yearly": 0,
            "eps_growth_yearly": 0
        },
        "20021": {
            "year_quarter": 20021,
            "year": 2002,
            "quarter": 1,
            "eps": 0.73,
            "eps_growth_year": -8.75,
            "eps_4q": 2.71,
            "eps_4q_growth_year": 7.53,
            "roe": 3.17,
            "roe_4q": 14.559999999999999,
            "gross_profit": 433970,
            "gross_margin": 17.96,
            "gross_margin_4q_avg": 17.19,
            "net_income": 249228,
            "net_income_4q": null,
            "revenue": 2416550,
            "revenue_4q": null,
            "common_shares": 3487777,
            "book_valuer_per_share": 15.94,
            "book_valuer_per_share_4q_avg": 15.45,
            "equity": 5559829,
            "current_ratio": 122.03,
            "debt_ratio": 28.77,
            "inventory_turnover_ratio": 2.12,
            "account_receivable_turnover_ratio": null,
            "reinvestment_rate": null,
            "research_to_sale_ratio": null,
            "price_fair": 8.76,
            "eps_avg_yearly": 2.92,
            "eps_latest_yearly": 2.92,
            "eps_growth_yearly": -79.12
        },
        "20022": {
            "year_quarter": 20022,
            "year": 2002,
            "quarter": 2,
            "eps": 0.54,
            "eps_growth_year": -11.48,
            "eps_4q": 2.41,
            "eps_4q_growth_year": 7.03,
            "roe": 3.81,
            "roe_4q": 13.99,
            "gross_profit": 424278,
            "gross_margin": 19.12,
            "gross_margin_4q_avg": 17.1,
            "net_income": 205408,
            "net_income_4q": null,
            "revenue": 2218818,
            "revenue_4q": null,
            "common_shares": 3487777,
            "book_valuer_per_share": 15.01,
            "book_valuer_per_share_4q_avg": 15.3,
            "equity": 5235310,
            "current_ratio": 113.35,
            "debt_ratio": 31.87,
            "inventory_turnover_ratio": 16.53,
            "account_receivable_turnover_ratio": null,
            "reinvestment_rate": null,
            "research_to_sale_ratio": null,
            "price_fair": 7.62,
            "eps_avg_yearly": 2.54,
            "eps_latest_yearly": 2.16,
            "eps_growth_yearly": -91.62
        },
        "20023": {
            "year_quarter": 20023,
            "year": 2002,
            "quarter": 3,
            "eps": 0.71,
            "eps_growth_year": 73.17,
            "eps_4q": 2.76,
            "eps_4q_growth_year": 22.62,
            "roe": 4.92,
            "roe_4q": 16.05,
            "gross_profit": 319786,
            "gross_margin": 14.93,
            "gross_margin_4q_avg": 16.55,
            "net_income": 267635,
            "net_income_4q": null,
            "revenue": 2142113,
            "revenue_4q": null,
            "common_shares": 3836554,
            "book_valuer_per_share": 14.7,
            "book_valuer_per_share_4q_avg": 15.33,
            "equity": 5641602,
            "current_ratio": 127.86,
            "debt_ratio": 28,
            "inventory_turnover_ratio": 19.68,
            "account_receivable_turnover_ratio": null,
            "reinvestment_rate": null,
            "research_to_sale_ratio": null,
            "price_fair": 7.92,
            "eps_avg_yearly": 2.64,
            "eps_latest_yearly": 2.84,
            "eps_growth_yearly": -19.1
        },
        "20024": {
            "year_quarter": 20024,
            "year": 2002,
            "quarter": 4,
            "eps": 0.86,
            "eps_growth_year": -5.49,
            "eps_4q": 2.78,
            "eps_4q_growth_year": 4.22,
            "roe": 3.91,
            "roe_4q": 15.81,
            "gross_profit": 407020,
            "gross_margin": 16.57,
            "gross_margin_4q_avg": 17.15,
            "net_income": 323345,
            "net_income_4q": null,
            "revenue": 2456700,
            "revenue_4q": null,
            "common_shares": 3836554,
            "book_valuer_per_share": 15.46,
            "book_valuer_per_share_4q_avg": 15.28,
            "equity": 10886737,
            "current_ratio": 213.13,
            "debt_ratio": 23.94,
            "inventory_turnover_ratio": 2.55,
            "account_receivable_turnover_ratio": null,
            "reinvestment_rate": 171.08,
            "research_to_sale_ratio": null,
            "price_fair": 47.71,
            "eps_avg_yearly": 2.84,
            "eps_latest_yearly": 3.44,
            "eps_growth_yearly": 6.8
        },
        "20031": {
            "year_quarter": 20031,
            "year": 2003,
            "quarter": 1,
            "eps": 0.37,
            "eps_growth_year": -49.32,
            "eps_4q": 2.49,
            "eps_4q_growth_year": -8.19,
            "roe": 1.64,
            "roe_4q": 14.28,
            "gross_profit": 323430,
            "gross_margin": 14.03,
            "gross_margin_4q_avg": 16.16,
            "net_income": 139284,
            "net_income_4q": null,
            "revenue": 2304672,
            "revenue_4q": null,
            "common_shares": 3836554,
            "book_valuer_per_share": 15.83,
            "book_valuer_per_share_4q_avg": 15.25,
            "equity": 6072057,
            "current_ratio": 182.1,
            "debt_ratio": 25.95,
            "inventory_turnover_ratio": 2.49,
            "account_receivable_turnover_ratio": null,
            "reinvestment_rate": 28.09,
            "research_to_sale_ratio": null,
            "price_fair": 7.7,
            "eps_avg_yearly": 2.57,
            "eps_latest_yearly": 1.48,
            "eps_growth_yearly": -40.14
        },
        "20032": {
            "year_quarter": 20032,
            "year": 2003,
            "quarter": 2,
            "eps": 1.13,
            "eps_growth_year": 109.26,
            "eps_4q": 3.06,
            "eps_4q_growth_year": 27.23,
            "roe": 7.32,
            "roe_4q": 17.79,
            "gross_profit": 381409,
            "gross_margin": 16.39,
            "gross_margin_4q_avg": 15.48,
            "net_income": 427305,
            "net_income_4q": null,
            "revenue": 2327399,
            "revenue_4q": null,
            "common_shares": 3836554,
            "book_valuer_per_share": 14.61,
            "book_valuer_per_share_4q_avg": 15.15,
            "equity": 5604783,
            "current_ratio": 124.89,
            "debt_ratio": 33.56,
            "inventory_turnover_ratio": 30.88,
            "account_receivable_turnover_ratio": null,
            "reinvestment_rate": 11.58,
            "research_to_sale_ratio": null,
            "price_fair": 101.27,
            "eps_avg_yearly": 2.89,
            "eps_latest_yearly": 4.52,
            "eps_growth_yearly": 103.49
        },
        "20033": {
            "year_quarter": 20033,
            "year": 2003,
            "quarter": 3,
            "eps": 0.65,
            "eps_growth_year": -8.45,
            "eps_4q": 3,
            "eps_4q_growth_year": 8.92,
            "roe": 4.33,
            "roe_4q": 17.200000000000003,
            "gross_profit": 403544,
            "gross_margin": 17.12,
            "gross_margin_4q_avg": 16.03,
            "net_income": 245835,
            "net_income_4q": null,
            "revenue": 2356690,
            "revenue_4q": null,
            "common_shares": 3836554,
            "book_valuer_per_share": 15,
            "book_valuer_per_share_4q_avg": 15.23,
            "equity": 5755376,
            "current_ratio": 134.96,
            "debt_ratio": 26.81,
            "inventory_turnover_ratio": 23.59,
            "account_receivable_turnover_ratio": null,
            "reinvestment_rate": 11.82,
            "research_to_sale_ratio": null,
            "price_fair": 99.8,
            "eps_avg_yearly": 2.85,
            "eps_latest_yearly": 2.6,
            "eps_growth_yearly": 64.43
        },
        "20034": {
            "year_quarter": 20034,
            "year": 2003,
            "quarter": 4,
            "eps": 0.75,
            "eps_growth_year": -12.79,
            "eps_4q": 2.89,
            "eps_4q_growth_year": 4.02,
            "roe": 3.41,
            "roe_4q": 16.7,
            "gross_profit": 516371,
            "gross_margin": 18.27,
            "gross_margin_4q_avg": 16.45,
            "net_income": 284355,
            "net_income_4q": null,
            "revenue": 2827042,
            "revenue_4q": null,
            "common_shares": 3836554,
            "book_valuer_per_share": 15.82,
            "book_valuer_per_share_4q_avg": 15.32,
            "equity": 10902069,
            "current_ratio": 205.58,
            "debt_ratio": 24.96,
            "inventory_turnover_ratio": 2.75,
            "account_receivable_turnover_ratio": null,
            "reinvestment_rate": 127.71,
            "research_to_sale_ratio": null,
            "price_fair": 100.45,
            "eps_avg_yearly": 2.87,
            "eps_latest_yearly": 3,
            "eps_growth_yearly": 64.07
        },
        "20041": {
            "year_quarter": 20041,
            "year": 2004,
            "quarter": 1,
            "eps": 0.89,
            "eps_growth_year": 140.54,
            "eps_4q": 3.42,
            "eps_4q_growth_year": 37.6,
            "roe": 3.91,
            "roe_4q": 18.97,
            "gross_profit": 446258,
            "gross_margin": 17.88,
            "gross_margin_4q_avg": 17.42,
            "net_income": 336808,
            "net_income_4q": null,
            "revenue": 2496099,
            "revenue_4q": null,
            "common_shares": 3836554,
            "book_valuer_per_share": 16.46,
            "book_valuer_per_share_4q_avg": 15.47,
            "equity": 6316107,
            "current_ratio": 183.82,
            "debt_ratio": 24.67,
            "inventory_turnover_ratio": 2.49,
            "account_receivable_turnover_ratio": null,
            "reinvestment_rate": 9.32,
            "research_to_sale_ratio": null,
            "price_fair": 103.13,
            "eps_avg_yearly": 2.95,
            "eps_latest_yearly": 3.56,
            "eps_growth_yearly": 65.25
        },
        "20042": {
            "year_quarter": 20042,
            "year": 2004,
            "quarter": 2,
            "eps": 0.9,
            "eps_growth_year": -20.35,
            "eps_4q": 3.2,
            "eps_4q_growth_year": 4.59,
            "roe": 5.47,
            "roe_4q": 17.119999999999997,
            "gross_profit": 434471,
            "gross_margin": 18.61,
            "gross_margin_4q_avg": 17.97,
            "net_income": 339002,
            "net_income_4q": null,
            "revenue": 2335197,
            "revenue_4q": null,
            "common_shares": 3836554,
            "book_valuer_per_share": 15.87,
            "book_valuer_per_share_4q_avg": 15.79,
            "equity": 6088508,
            "current_ratio": 133.15,
            "debt_ratio": 30.6,
            "inventory_turnover_ratio": 29.16,
            "account_receivable_turnover_ratio": null,
            "reinvestment_rate": 7.94,
            "research_to_sale_ratio": null,
            "price_fair": 105.42,
            "eps_avg_yearly": 3.01,
            "eps_latest_yearly": 3.6,
            "eps_growth_yearly": 59.17
        },
        "20043": {
            "year_quarter": 20043,
            "year": 2004,
            "quarter": 3,
            "eps": 0.79,
            "eps_growth_year": 21.54,
            "eps_4q": 3.14,
            "eps_4q_growth_year": 4.45,
            "roe": 5.14,
            "roe_4q": 17.93,
            "gross_profit": 418865,
            "gross_margin": 16.38,
            "gross_margin_4q_avg": 17.79,
            "net_income": 323254,
            "net_income_4q": null,
            "revenue": 2557932,
            "revenue_4q": null,
            "common_shares": 4143479,
            "book_valuer_per_share": 15.68,
            "book_valuer_per_share_4q_avg": 15.96,
            "equity": 6497532,
            "current_ratio": 159.39,
            "debt_ratio": 23.98,
            "inventory_turnover_ratio": 28.72,
            "account_receivable_turnover_ratio": null,
            "reinvestment_rate": 5.7,
            "research_to_sale_ratio": null,
            "price_fair": 105.89,
            "eps_avg_yearly": 3.03,
            "eps_latest_yearly": 3.16,
            "eps_growth_yearly": 49.35
        },
        "20044": {
            "year_quarter": 20044,
            "year": 2004,
            "quarter": 4,
            "eps": 0.4,
            "eps_growth_year": -46.67,
            "eps_4q": 2.83,
            "eps_4q_growth_year": -2.3,
            "roe": 1.87,
            "roe_4q": 16.39,
            "gross_profit": 473913,
            "gross_margin": 15.83,
            "gross_margin_4q_avg": 17.18,
            "net_income": 164706,
            "net_income_4q": null,
            "revenue": 2994025,
            "revenue_4q": null,
            "common_shares": 4143478,
            "book_valuer_per_share": 15.33,
            "book_valuer_per_share_4q_avg": 15.84,
            "equity": 11145726,
            "current_ratio": 185.38,
            "debt_ratio": 27.56,
            "inventory_turnover_ratio": 2.52,
            "account_receivable_turnover_ratio": null,
            "reinvestment_rate": 8.93,
            "research_to_sale_ratio": null,
            "price_fair": 101.73,
            "eps_avg_yearly": 2.91,
            "eps_latest_yearly": 1.6,
            "eps_growth_yearly": 28.78
        },
        "20051": {
            "year_quarter": 20051,
            "year": 2005,
            "quarter": 1,
            "eps": 0.58,
            "eps_growth_year": -34.83,
            "eps_4q": 2.59,
            "eps_4q_growth_year": -24.28,
            "roe": 2.68,
            "roe_4q": 15.16,
            "gross_profit": 415861,
            "gross_margin": 15.7,
            "gross_margin_4q_avg": 16.63,
            "net_income": 238671,
            "net_income_4q": null,
            "revenue": 2649379,
            "revenue_4q": null,
            "common_shares": 4143478,
            "book_valuer_per_share": 16.16,
            "book_valuer_per_share_4q_avg": 15.76,
            "equity": 6697373,
            "current_ratio": 168.69,
            "debt_ratio": 26.54,
            "inventory_turnover_ratio": 2.22,
            "account_receivable_turnover_ratio": null,
            "reinvestment_rate": 3.33,
            "research_to_sale_ratio": null,
            "price_fair": 100.15,
            "eps_avg_yearly": 2.86,
            "eps_latest_yearly": 2.32,
            "eps_growth_yearly": 40.41
        },
        "20052": {
            "year_quarter": 20052,
            "year": 2005,
            "quarter": 2,
            "eps": 0.72,
            "eps_growth_year": -20,
            "eps_4q": 2.48,
            "eps_4q_growth_year": -22.42,
            "roe": 4.6,
            "roe_4q": 14.29,
            "gross_profit": 474820,
            "gross_margin": 15.88,
            "gross_margin_4q_avg": 15.95,
            "net_income": 296618,
            "net_income_4q": null,
            "revenue": 2990160,
            "revenue_4q": null,
            "common_shares": 4143478,
            "book_valuer_per_share": 14.98,
            "book_valuer_per_share_4q_avg": 15.54,
            "equity": 6208024,
            "current_ratio": 110.73,
            "debt_ratio": 36.87,
            "inventory_turnover_ratio": 27.97,
            "account_receivable_turnover_ratio": null,
            "reinvestment_rate": 5.58,
            "research_to_sale_ratio": null,
            "price_fair": 100.2,
            "eps_avg_yearly": 2.86,
            "eps_latest_yearly": 2.88,
            "eps_growth_yearly": 44.42
        },
        "20053": {
            "year_quarter": 20053,
            "year": 2005,
            "quarter": 3,
            "eps": 1.04,
            "eps_growth_year": 31.65,
            "eps_4q": 2.61,
            "eps_4q_growth_year": -16.94,
            "roe": 7.1,
            "roe_4q": 16.25,
            "gross_profit": 501316,
            "gross_margin": 16.26,
            "gross_margin_4q_avg": 15.92,
            "net_income": 465122,
            "net_income_4q": null,
            "revenue": 3083168,
            "revenue_4q": null,
            "common_shares": 4474957,
            "book_valuer_per_share": 15.4,
            "book_valuer_per_share_4q_avg": 15.47,
            "equity": 6893214,
            "current_ratio": 123.51,
            "debt_ratio": 30.26,
            "inventory_turnover_ratio": 26.87,
            "account_receivable_turnover_ratio": null,
            "reinvestment_rate": 6,
            "research_to_sale_ratio": null,
            "price_fair": 103.23,
            "eps_avg_yearly": 2.95,
            "eps_latest_yearly": 4.16,
            "eps_growth_yearly": 53.31
        },
        "20054": {
            "year_quarter": 20054,
            "year": 2005,
            "quarter": 4,
            "eps": 0.45,
            "eps_growth_year": 12.5,
            "eps_4q": 2.67,
            "eps_4q_growth_year": -5.52,
            "roe": 2.09,
            "roe_4q": 16.47,
            "gross_profit": 476484,
            "gross_margin": 17.72,
            "gross_margin_4q_avg": 16.39,
            "net_income": 202751,
            "net_income_4q": null,
            "revenue": 2689463,
            "revenue_4q": null,
            "common_shares": 4474956,
            "book_valuer_per_share": 15.66,
            "book_valuer_per_share_4q_avg": 15.55,
            "equity": 12501489,
            "current_ratio": 199.81,
            "debt_ratio": 28.55,
            "inventory_turnover_ratio": 1.96,
            "account_receivable_turnover_ratio": null,
            "reinvestment_rate": 24.27,
            "research_to_sale_ratio": null,
            "price_fair": 100.71,
            "eps_avg_yearly": 2.88,
            "eps_latest_yearly": 1.8,
            "eps_growth_yearly": 35.8
        },
        "20061": {
            "year_quarter": 20061,
            "year": 2006,
            "quarter": 1,
            "eps": 0.32,
            "eps_growth_year": -44.83,
            "eps_4q": 2.48,
            "eps_4q_growth_year": -4.18,
            "roe": 1.46,
            "roe_4q": 15.249999999999998,
            "gross_profit": 455810,
            "gross_margin": 16.37,
            "gross_margin_4q_avg": 16.56,
            "net_income": 142797,
            "net_income_4q": null,
            "revenue": 2785144,
            "revenue_4q": null,
            "common_shares": 4474956,
            "book_valuer_per_share": 15.91,
            "book_valuer_per_share_4q_avg": 15.49,
            "equity": 7119129,
            "current_ratio": 122.2,
            "debt_ratio": 29.23,
            "inventory_turnover_ratio": 2.11,
            "account_receivable_turnover_ratio": null,
            "reinvestment_rate": 7.14,
            "research_to_sale_ratio": null,
            "price_fair": 97.13,
            "eps_avg_yearly": 2.78,
            "eps_latest_yearly": 1.28,
            "eps_growth_yearly": 33.52
        },
        "20062": {
            "year_quarter": 20062,
            "year": 2006,
            "quarter": 2,
            "eps": 0.48,
            "eps_growth_year": -33.33,
            "eps_4q": 2.16,
            "eps_4q_growth_year": -12.85,
            "roe": 3.4,
            "roe_4q": 14.049999999999999,
            "gross_profit": 479303,
            "gross_margin": 17.53,
            "gross_margin_4q_avg": 16.97,
            "net_income": 230968,
            "net_income_4q": null,
            "revenue": 2734935,
            "revenue_4q": null,
            "common_shares": 4474956,
            "book_valuer_per_share": 14.46,
            "book_valuer_per_share_4q_avg": 15.36,
            "equity": 6471282,
            "current_ratio": 84.92,
            "debt_ratio": 42.58,
            "inventory_turnover_ratio": 32.52,
            "account_receivable_turnover_ratio": null,
            "reinvestment_rate": 7.65,
            "research_to_sale_ratio": null,
            "price_fair": 96.6,
            "eps_avg_yearly": 2.76,
            "eps_latest_yearly": 1.92,
            "eps_growth_yearly": 52.53
        },
        "20063": {
            "year_quarter": 20063,
            "year": 2006,
            "quarter": 3,
            "eps": 0.53,
            "eps_growth_year": -49.04,
            "eps_4q": 1.74,
            "eps_4q_growth_year": -33.06,
            "roe": 3.78,
            "roe_4q": 10.73,
            "gross_profit": 454273,
            "gross_margin": 16.07,
            "gross_margin_4q_avg": 16.92,
            "net_income": 251734,
            "net_income_4q": null,
            "revenue": 2826925,
            "revenue_4q": null,
            "common_shares": 4788204,
            "book_valuer_per_share": 14.28,
            "book_valuer_per_share_4q_avg": 15.08,
            "equity": 6837891,
            "current_ratio": 91.37,
            "debt_ratio": 39.63,
            "inventory_turnover_ratio": 28.99,
            "account_receivable_turnover_ratio": null,
            "reinvestment_rate": 8.01,
            "research_to_sale_ratio": null,
            "price_fair": 95.03,
            "eps_avg_yearly": 2.72,
            "eps_latest_yearly": 2.12,
            "eps_growth_yearly": 47.26
        },
        "20064": {
            "year_quarter": 20064,
            "year": 2006,
            "quarter": 4,
            "eps": 0.4,
            "eps_growth_year": -11.11,
            "eps_4q": 1.72,
            "eps_4q_growth_year": -35.62,
            "roe": 2.19,
            "roe_4q": 10.829999999999998,
            "gross_profit": 428966,
            "gross_margin": 16.1,
            "gross_margin_4q_avg": 16.52,
            "net_income": 189658,
            "net_income_4q": null,
            "revenue": 2664509,
            "revenue_4q": null,
            "common_shares": 4788203,
            "book_valuer_per_share": 14.64,
            "book_valuer_per_share_4q_avg": 14.82,
            "equity": 10483470,
            "current_ratio": 170.42,
            "debt_ratio": 40.55,
            "inventory_turnover_ratio": 1.68,
            "account_receivable_turnover_ratio": null,
            "reinvestment_rate": 28.5,
            "research_to_sale_ratio": null,
            "price_fair": 91,
            "eps_avg_yearly": 2.6,
            "eps_latest_yearly": 1.6,
            "eps_growth_yearly": 35.85
        },
        "20071": {
            "year_quarter": 20071,
            "year": 2007,
            "quarter": 1,
            "eps": 0.35,
            "eps_growth_year": 9.38,
            "eps_4q": 1.76,
            "eps_4q_growth_year": -28.9,
            "roe": 1.87,
            "roe_4q": 11.24,
            "gross_profit": 406510,
            "gross_margin": 15.62,
            "gross_margin_4q_avg": 16.33,
            "net_income": 166402,
            "net_income_4q": null,
            "revenue": 2601808,
            "revenue_4q": null,
            "common_shares": 4788204,
            "book_valuer_per_share": 15.22,
            "book_valuer_per_share_4q_avg": 14.65,
            "equity": 7289754,
            "current_ratio": 95.6,
            "debt_ratio": 35.96,
            "inventory_turnover_ratio": 1.62,
            "account_receivable_turnover_ratio": null,
            "reinvestment_rate": 8.06,
            "research_to_sale_ratio": null,
            "price_fair": 90.83,
            "eps_avg_yearly": 2.6,
            "eps_latest_yearly": 1.4,
            "eps_growth_yearly": 46.97
        },
        "20072": {
            "year_quarter": 20072,
            "year": 2007,
            "quarter": 2,
            "eps": 0.52,
            "eps_growth_year": 8.33,
            "eps_4q": 1.75,
            "eps_4q_growth_year": -19.19,
            "roe": 3.65,
            "roe_4q": 11.489999999999998,
            "gross_profit": 493847,
            "gross_margin": 17.95,
            "gross_margin_4q_avg": 16.44,
            "net_income": 257110,
            "net_income_4q": null,
            "revenue": 2751374,
            "revenue_4q": null,
            "common_shares": 4788203,
            "book_valuer_per_share": 14.18,
            "book_valuer_per_share_4q_avg": 14.58,
            "equity": 6790826,
            "current_ratio": 71.15,
            "debt_ratio": 40.92,
            "inventory_turnover_ratio": 16.59,
            "account_receivable_turnover_ratio": null,
            "reinvestment_rate": 8.03,
            "research_to_sale_ratio": null,
            "price_fair": 43.37,
            "eps_avg_yearly": 2.44,
            "eps_latest_yearly": 2.08,
            "eps_growth_yearly": 7.76
        },
        "20073": {
            "year_quarter": 20073,
            "year": 2007,
            "quarter": 3,
            "eps": 0.89,
            "eps_growth_year": 67.92,
            "eps_4q": 2.13,
            "eps_4q_growth_year": 22.41,
            "roe": 6.29,
            "roe_4q": 13.999999999999998,
            "gross_profit": 480701,
            "gross_margin": 16.98,
            "gross_margin_4q_avg": 16.66,
            "net_income": 438463,
            "net_income_4q": null,
            "revenue": 2830504,
            "revenue_4q": null,
            "common_shares": 4903121,
            "book_valuer_per_share": 14.6,
            "book_valuer_per_share_4q_avg": 14.66,
            "equity": 7159567,
            "current_ratio": 71.14,
            "debt_ratio": 38.95,
            "inventory_turnover_ratio": 19.39,
            "account_receivable_turnover_ratio": null,
            "reinvestment_rate": 6.78,
            "research_to_sale_ratio": null,
            "price_fair": 87.59,
            "eps_avg_yearly": 2.5,
            "eps_latest_yearly": 3.56,
            "eps_growth_yearly": 36.17
        },
        "20074": {
            "year_quarter": 20074,
            "year": 2007,
            "quarter": 4,
            "eps": 0.82,
            "eps_growth_year": 105,
            "eps_4q": 2.57,
            "eps_4q_growth_year": 49.65,
            "roe": 4.47,
            "roe_4q": 16.28,
            "gross_profit": 485307,
            "gross_margin": 16.58,
            "gross_margin_4q_avg": 16.78,
            "net_income": 403250,
            "net_income_4q": null,
            "revenue": 2926658,
            "revenue_4q": null,
            "common_shares": 4903120,
            "book_valuer_per_share": 15.37,
            "book_valuer_per_share_4q_avg": 14.84,
            "equity": 10884449,
            "current_ratio": 131.07,
            "debt_ratio": 40.43,
            "inventory_turnover_ratio": 1.93,
            "account_receivable_turnover_ratio": null,
            "reinvestment_rate": 43.38,
            "research_to_sale_ratio": null,
            "price_fair": 88.2,
            "eps_avg_yearly": 2.52,
            "eps_latest_yearly": 3.28,
            "eps_growth_yearly": 30.35
        },
        "20081": {
            "year_quarter": 20081,
            "year": 2008,
            "quarter": 1,
            "eps": 0.37,
            "eps_growth_year": 5.71,
            "eps_4q": 2.36,
            "eps_4q_growth_year": 33.93,
            "roe": 1.89,
            "roe_4q": 16.299999999999997,
            "gross_profit": 1042329,
            "gross_margin": 17.05,
            "gross_margin_4q_avg": 17.14,
            "net_income": 200102,
            "net_income_4q": null,
            "revenue": 6113556,
            "revenue_4q": null,
            "common_shares": 4903120,
            "book_valuer_per_share": 14.74,
            "book_valuer_per_share_4q_avg": 14.72,
            "equity": 10277583,
            "current_ratio": 122.4,
            "debt_ratio": 40.02,
            "inventory_turnover_ratio": 2.14,
            "account_receivable_turnover_ratio": null,
            "reinvestment_rate": 160.9,
            "research_to_sale_ratio": null,
            "price_fair": 52.5,
            "eps_avg_yearly": 2.39,
            "eps_latest_yearly": 1.48,
            "eps_growth_yearly": 11.97
        },
        "20082": {
            "year_quarter": 20082,
            "year": 2008,
            "quarter": 2,
            "eps": 0.29,
            "eps_growth_year": -44.23,
            "eps_4q": 1.84,
            "eps_4q_growth_year": 5.16,
            "roe": 1.85,
            "roe_4q": 14.5,
            "gross_profit": 1169699,
            "gross_margin": 17.81,
            "gross_margin_4q_avg": 17.11,
            "net_income": 183318,
            "net_income_4q": null,
            "revenue": 6567605,
            "revenue_4q": null,
            "common_shares": 4903120,
            "book_valuer_per_share": 13.2,
            "book_valuer_per_share_4q_avg": 14.48,
            "equity": 9543902,
            "current_ratio": 111.51,
            "debt_ratio": 44.16,
            "inventory_turnover_ratio": 2.26,
            "account_receivable_turnover_ratio": null,
            "reinvestment_rate": 174.43,
            "research_to_sale_ratio": null,
            "price_fair": 36.43,
            "eps_avg_yearly": 2.24,
            "eps_latest_yearly": 1.16,
            "eps_growth_yearly": 6.28
        },
        "20083": {
            "year_quarter": 20083,
            "year": 2008,
            "quarter": 3,
            "eps": 0.44,
            "eps_growth_year": -50.56,
            "eps_4q": 1.53,
            "eps_4q_growth_year": -28.28,
            "roe": 2.72,
            "roe_4q": 10.93,
            "gross_profit": 1252048,
            "gross_margin": 19.07,
            "gross_margin_4q_avg": 17.63,
            "net_income": 270372,
            "net_income_4q": null,
            "revenue": 6566771,
            "revenue_4q": null,
            "common_shares": 4903120,
            "book_valuer_per_share": 14.33,
            "book_valuer_per_share_4q_avg": 14.41,
            "equity": 10345627,
            "current_ratio": 115.68,
            "debt_ratio": 45.17,
            "inventory_turnover_ratio": 2.03,
            "account_receivable_turnover_ratio": null,
            "reinvestment_rate": 194.71,
            "research_to_sale_ratio": null,
            "price_fair": 69.37,
            "eps_avg_yearly": 2.15,
            "eps_latest_yearly": 1.76,
            "eps_growth_yearly": 22.27
        },
        "20084": {
            "year_quarter": 20084,
            "year": 2008,
            "quarter": 4,
            "eps": 0.71,
            "eps_growth_year": -13.41,
            "eps_4q": 1.39,
            "eps_4q_growth_year": -45.87,
            "roe": 4.24,
            "roe_4q": 10.700000000000001,
            "gross_profit": 1474692,
            "gross_margin": 18.53,
            "gross_margin_4q_avg": 18.12,
            "net_income": 450457,
            "net_income_4q": null,
            "revenue": 7956728,
            "revenue_4q": null,
            "common_shares": 4903120,
            "book_valuer_per_share": 15.23,
            "book_valuer_per_share_4q_avg": 14.38,
            "equity": 10888088,
            "current_ratio": 138.6,
            "debt_ratio": 43.04,
            "inventory_turnover_ratio": 2.47,
            "account_receivable_turnover_ratio": 6.82,
            "reinvestment_rate": 77.65,
            "research_to_sale_ratio": null,
            "price_fair": 77.96,
            "eps_avg_yearly": 2.23,
            "eps_latest_yearly": 2.84,
            "eps_growth_yearly": 49.95
        },
        "20091": {
            "year_quarter": 20091,
            "year": 2009,
            "quarter": 1,
            "eps": 0.79,
            "eps_growth_year": 113.51,
            "eps_4q": 1.6,
            "eps_4q_growth_year": -32.21,
            "roe": 4.79,
            "roe_4q": 13.600000000000001,
            "gross_profit": 1438890,
            "gross_margin": 23.35,
            "gross_margin_4q_avg": 19.69,
            "net_income": 538189,
            "net_income_4q": null,
            "revenue": 6162602,
            "revenue_4q": null,
            "common_shares": 4903120,
            "book_valuer_per_share": 16.45,
            "book_valuer_per_share_4q_avg": 14.8,
            "equity": 11580910,
            "current_ratio": 130.25,
            "debt_ratio": 41.9,
            "inventory_turnover_ratio": 1.78,
            "account_receivable_turnover_ratio": 2.75,
            "reinvestment_rate": 189.95,
            "research_to_sale_ratio": null,
            "price_fair": 79.8,
            "eps_avg_yearly": 2.28,
            "eps_latest_yearly": 3.16,
            "eps_growth_yearly": 41.52
        },
        "20092": {
            "year_quarter": 20092,
            "year": 2009,
            "quarter": 2,
            "eps": 0.77,
            "eps_growth_year": 165.52,
            "eps_4q": 1.97,
            "eps_4q_growth_year": 6.98,
            "roe": 4.55,
            "roe_4q": 16.3,
            "gross_profit": 1644667,
            "gross_margin": 24.33,
            "gross_margin_4q_avg": 21.32,
            "net_income": 518130,
            "net_income_4q": null,
            "revenue": 6759459,
            "revenue_4q": null,
            "common_shares": 4903120,
            "book_valuer_per_share": 15.61,
            "book_valuer_per_share_4q_avg": 15.41,
            "equity": 11212155,
            "current_ratio": 121.97,
            "debt_ratio": 41.12,
            "inventory_turnover_ratio": 1.83,
            "account_receivable_turnover_ratio": 3.2,
            "reinvestment_rate": 178.75,
            "research_to_sale_ratio": null,
            "price_fair": 80.24,
            "eps_avg_yearly": 2.29,
            "eps_latest_yearly": 3.08,
            "eps_growth_yearly": 34.85
        },
        "20093": {
            "year_quarter": 20093,
            "year": 2009,
            "quarter": 3,
            "eps": 0.81,
            "eps_growth_year": 84.09,
            "eps_4q": 2.12,
            "eps_4q_growth_year": 38.47,
            "roe": 5.06,
            "roe_4q": 18.64,
            "gross_profit": 1519591,
            "gross_margin": 24.41,
            "gross_margin_4q_avg": 22.66,
            "net_income": 575740,
            "net_income_4q": null,
            "revenue": 6224782,
            "revenue_4q": null,
            "common_shares": 4903120,
            "book_valuer_per_share": 16.16,
            "book_valuer_per_share_4q_avg": 15.86,
            "equity": 11541572,
            "current_ratio": 127.36,
            "debt_ratio": 38.29,
            "inventory_turnover_ratio": 1.61,
            "account_receivable_turnover_ratio": 3.69,
            "reinvestment_rate": 176.32,
            "research_to_sale_ratio": null,
            "price_fair": 78.23,
            "eps_avg_yearly": 2.24,
            "eps_latest_yearly": 3.24,
            "eps_growth_yearly": 25.04
        },
        "20094": {
            "year_quarter": 20094,
            "year": 2009,
            "quarter": 4,
            "eps": 0.71,
            "eps_growth_year": 0,
            "eps_4q": 3.08,
            "eps_4q_growth_year": 121.27,
            "roe": 3.9,
            "roe_4q": 18.299999999999997,
            "gross_profit": 1582234,
            "gross_margin": 21.09,
            "gross_margin_4q_avg": 23.3,
            "net_income": 443327,
            "net_income_4q": null,
            "revenue": 7502429,
            "revenue_4q": null,
            "common_shares": 4903120,
            "book_valuer_per_share": 16.64,
            "book_valuer_per_share_4q_avg": 16.22,
            "equity": 11192497,
            "current_ratio": 139.36,
            "debt_ratio": 42.11,
            "inventory_turnover_ratio": 1.91,
            "account_receivable_turnover_ratio": 7.87,
            "reinvestment_rate": 59.26,
            "research_to_sale_ratio": null,
            "price_fair": 80.5,
            "eps_avg_yearly": 2.3,
            "eps_latest_yearly": 2.84,
            "eps_growth_yearly": 36.13
        },
        "20101": {
            "year_quarter": 20101,
            "year": 2010,
            "quarter": 1,
            "eps": 0.81,
            "eps_growth_year": 2.53,
            "eps_4q": 3.1,
            "eps_4q_growth_year": 93.46,
            "roe": 4.07,
            "roe_4q": 17.580000000000002,
            "gross_profit": 1396329,
            "gross_margin": 20.02,
            "gross_margin_4q_avg": 22.46,
            "net_income": 458356,
            "net_income_4q": null,
            "revenue": 6972976,
            "revenue_4q": null,
            "common_shares": 4903120,
            "book_valuer_per_share": 17.33,
            "book_valuer_per_share_4q_avg": 16.44,
            "equity": 11356750,
            "current_ratio": 143.12,
            "debt_ratio": 41.24,
            "inventory_turnover_ratio": 1.78,
            "account_receivable_turnover_ratio": 3.76,
            "reinvestment_rate": 177.55,
            "research_to_sale_ratio": 3.14,
            "price_fair": 84.79,
            "eps_avg_yearly": 2.42,
            "eps_latest_yearly": 3.24,
            "eps_growth_yearly": 46.88
        },
        "20102": {
            "year_quarter": 20102,
            "year": 2010,
            "quarter": 2,
            "eps": 0.74,
            "eps_growth_year": -4.31,
            "eps_4q": 2.94,
            "eps_4q_growth_year": 49.29,
            "roe": 3.95,
            "roe_4q": 16.98,
            "gross_profit": 1473757,
            "gross_margin": 19.13,
            "gross_margin_4q_avg": 21.16,
            "net_income": 428202,
            "net_income_4q": null,
            "revenue": 7705843,
            "revenue_4q": null,
            "common_shares": 4903120,
            "book_valuer_per_share": 16.46,
            "book_valuer_per_share_4q_avg": 16.65,
            "equity": 10321228,
            "current_ratio": 116.96,
            "debt_ratio": 46.33,
            "inventory_turnover_ratio": 2,
            "account_receivable_turnover_ratio": 4.62,
            "reinvestment_rate": 175.89,
            "research_to_sale_ratio": 3.02,
            "price_fair": 87.06,
            "eps_avg_yearly": 2.49,
            "eps_latest_yearly": 2.96,
            "eps_growth_yearly": 32.22
        },
        "20103": {
            "year_quarter": 20103,
            "year": 2010,
            "quarter": 3,
            "eps": 0.88,
            "eps_growth_year": 9.02,
            "eps_4q": 3.05,
            "eps_4q_growth_year": 44.08,
            "roe": 4.9,
            "roe_4q": 16.82,
            "gross_profit": 1517080,
            "gross_margin": 19.15,
            "gross_margin_4q_avg": 19.85,
            "net_income": 509921,
            "net_income_4q": null,
            "revenue": 7921539,
            "revenue_4q": null,
            "common_shares": 5197307,
            "book_valuer_per_share": 15.98,
            "book_valuer_per_share_4q_avg": 16.6,
            "equity": 10498374,
            "current_ratio": 123.41,
            "debt_ratio": 46.52,
            "inventory_turnover_ratio": 2.12,
            "account_receivable_turnover_ratio": 4.8,
            "reinvestment_rate": 170.04,
            "research_to_sale_ratio": 3.08,
            "price_fair": 90.13,
            "eps_avg_yearly": 2.58,
            "eps_latest_yearly": 3.52,
            "eps_growth_yearly": 34.34
        },
        "20104": {
            "year_quarter": 20104,
            "year": 2010,
            "quarter": 4,
            "eps": 0.6,
            "eps_growth_year": -15.69,
            "eps_4q": 2.98,
            "eps_4q_growth_year": -3.33,
            "roe": 3.44,
            "roe_4q": 16.36,
            "gross_profit": 1442697,
            "gross_margin": 19.57,
            "gross_margin_4q_avg": 19.47,
            "net_income": 354354,
            "net_income_4q": null,
            "revenue": 7372793,
            "revenue_4q": null,
            "common_shares": 5197307,
            "book_valuer_per_share": 15.44,
            "book_valuer_per_share_4q_avg": 16.3,
            "equity": 10125730,
            "current_ratio": 129.91,
            "debt_ratio": 48.28,
            "inventory_turnover_ratio": 1.94,
            "account_receivable_turnover_ratio": 3.46,
            "reinvestment_rate": 42.68,
            "research_to_sale_ratio": 3.44,
            "price_fair": 91.88,
            "eps_avg_yearly": 2.63,
            "eps_latest_yearly": 2.4,
            "eps_growth_yearly": 32.52
        },
        "20111": {
            "year_quarter": 20111,
            "year": 2011,
            "quarter": 1,
            "eps": 0.61,
            "eps_growth_year": -24.69,
            "eps_4q": 2.83,
            "eps_4q_growth_year": -8.78,
            "roe": 3.47,
            "roe_4q": 15.760000000000002,
            "gross_profit": 1237271,
            "gross_margin": 16,
            "gross_margin_4q_avg": 18.46,
            "net_income": 355393,
            "net_income_4q": null,
            "revenue": 7734929,
            "revenue_4q": null,
            "common_shares": 5197307,
            "book_valuer_per_share": 16.19,
            "book_valuer_per_share_4q_avg": 16.02,
            "equity": 10340620,
            "current_ratio": 129.13,
            "debt_ratio": 47.9,
            "inventory_turnover_ratio": 1.96,
            "account_receivable_turnover_ratio": 3.5,
            "reinvestment_rate": 157.2,
            "research_to_sale_ratio": 3.14,
            "price_fair": 94.15,
            "eps_avg_yearly": 2.69,
            "eps_latest_yearly": 2.44,
            "eps_growth_yearly": 36.06
        },
        "20112": {
            "year_quarter": 20112,
            "year": 2011,
            "quarter": 2,
            "eps": 0.31,
            "eps_growth_year": -58.08,
            "eps_4q": 2.4,
            "eps_4q_growth_year": -18.36,
            "roe": 1.68,
            "roe_4q": 13.49,
            "gross_profit": 1234194,
            "gross_margin": 14.95,
            "gross_margin_4q_avg": 17.42,
            "net_income": 165631,
            "net_income_4q": null,
            "revenue": 8257414,
            "revenue_4q": null,
            "common_shares": 5197307,
            "book_valuer_per_share": 14.37,
            "book_valuer_per_share_4q_avg": 15.5,
            "equity": 9338082,
            "current_ratio": 108.01,
            "debt_ratio": 51.65,
            "inventory_turnover_ratio": 1.98,
            "account_receivable_turnover_ratio": 4.09,
            "reinvestment_rate": 156.93,
            "research_to_sale_ratio": 3.08,
            "price_fair": 57.03,
            "eps_avg_yearly": 2.64,
            "eps_latest_yearly": 1.24,
            "eps_growth_yearly": 11.62
        },
        "20113": {
            "year_quarter": 20113,
            "year": 2011,
            "quarter": 3,
            "eps": 0.96,
            "eps_growth_year": 9.05,
            "eps_4q": 2.48,
            "eps_4q_growth_year": -18.84,
            "roe": 5.45,
            "roe_4q": 14.04,
            "gross_profit": 1510043,
            "gross_margin": 15.15,
            "gross_margin_4q_avg": 16.42,
            "net_income": 535485,
            "net_income_4q": null,
            "revenue": 9967272,
            "revenue_4q": null,
            "common_shares": 5197307,
            "book_valuer_per_share": 15.96,
            "book_valuer_per_share_4q_avg": 15.49,
            "equity": 10325318,
            "current_ratio": 110.79,
            "debt_ratio": 50.82,
            "inventory_turnover_ratio": 2.2,
            "account_receivable_turnover_ratio": 4.38,
            "reinvestment_rate": 167.79,
            "research_to_sale_ratio": 2.49,
            "price_fair": 92.93,
            "eps_avg_yearly": 2.66,
            "eps_latest_yearly": 3.84,
            "eps_growth_yearly": 46.25
        },
        "20114": {
            "year_quarter": 20114,
            "year": 2011,
            "quarter": 4,
            "eps": 0.88,
            "eps_growth_year": 46.27,
            "eps_4q": 2.76,
            "eps_4q_growth_year": -7.49,
            "roe": 5.35,
            "roe_4q": 15.950000000000001,
            "gross_profit": 1649397,
            "gross_margin": 17.37,
            "gross_margin_4q_avg": 15.87,
            "net_income": 566628,
            "net_income_4q": null,
            "revenue": 9497638,
            "revenue_4q": null,
            "common_shares": 5197307,
            "book_valuer_per_share": 16.76,
            "book_valuer_per_share_4q_avg": 15.82,
            "equity": 10839256,
            "current_ratio": 131.33,
            "debt_ratio": 50.06,
            "inventory_turnover_ratio": 1.96,
            "account_receivable_turnover_ratio": 3.54,
            "reinvestment_rate": 49.26,
            "research_to_sale_ratio": 2.88,
            "price_fair": 93.45,
            "eps_avg_yearly": 2.67,
            "eps_latest_yearly": 3.52,
            "eps_growth_yearly": 46.14
        },
        "20121": {
            "year_quarter": 20121,
            "year": 2012,
            "quarter": 1,
            "eps": 0.39,
            "eps_growth_year": -36.07,
            "eps_4q": 2.54,
            "eps_4q_growth_year": -10.24,
            "roe": 2.31,
            "roe_4q": 14.79,
            "gross_profit": 1328939,
            "gross_margin": 16.74,
            "gross_margin_4q_avg": 16.05,
            "net_income": 248881,
            "net_income_4q": null,
            "revenue": 7940636,
            "revenue_4q": null,
            "common_shares": 5197307,
            "book_valuer_per_share": 16.84,
            "book_valuer_per_share_4q_avg": 15.98,
            "equity": 10686804,
            "current_ratio": 122.34,
            "debt_ratio": 49.8,
            "inventory_turnover_ratio": 1.58,
            "account_receivable_turnover_ratio": 3.4,
            "reinvestment_rate": 49.17,
            "research_to_sale_ratio": 3.27,
            "price_fair": 93.63,
            "eps_avg_yearly": 2.68,
            "eps_latest_yearly": 1.56,
            "eps_growth_yearly": 45.94
        },
        "20122": {
            "year_quarter": 20122,
            "year": 2012,
            "quarter": 2,
            "eps": 0.83,
            "eps_growth_year": 167.45,
            "eps_4q": 2.99,
            "eps_4q_growth_year": 24.63,
            "roe": 5.31,
            "roe_4q": 18.419999999999998,
            "gross_profit": 1889808,
            "gross_margin": 18.33,
            "gross_margin_4q_avg": 16.9,
            "net_income": 557392,
            "net_income_4q": null,
            "revenue": 10311258,
            "revenue_4q": null,
            "common_shares": 5197307,
            "book_valuer_per_share": 15.89,
            "book_valuer_per_share_4q_avg": 16.36,
            "equity": 10313932,
            "current_ratio": 120.46,
            "debt_ratio": 50.85,
            "inventory_turnover_ratio": 2.01,
            "account_receivable_turnover_ratio": 5.03,
            "reinvestment_rate": 40.65,
            "research_to_sale_ratio": 2.51,
            "price_fair": 98.35,
            "eps_avg_yearly": 2.81,
            "eps_latest_yearly": 3.32,
            "eps_growth_yearly": 79.55
        },
        "20123": {
            "year_quarter": 20123,
            "year": 2012,
            "quarter": 3,
            "eps": 0.93,
            "eps_growth_year": -3.71,
            "eps_4q": 2.98,
            "eps_4q_growth_year": 20.31,
            "roe": 6.11,
            "roe_4q": 19.08,
            "gross_profit": 1836320,
            "gross_margin": 19.94,
            "gross_margin_4q_avg": 18.1,
            "net_income": 645015,
            "net_income_4q": null,
            "revenue": 9208584,
            "revenue_4q": null,
            "common_shares": 5353226,
            "book_valuer_per_share": 16.15,
            "book_valuer_per_share_4q_avg": 16.41,
            "equity": 10783465,
            "current_ratio": 134.99,
            "debt_ratio": 48.54,
            "inventory_turnover_ratio": 1.89,
            "account_receivable_turnover_ratio": 3.95,
            "reinvestment_rate": 22.87,
            "research_to_sale_ratio": 2.69,
            "price_fair": 102.64,
            "eps_avg_yearly": 2.93,
            "eps_latest_yearly": 3.72,
            "eps_growth_yearly": 69.63
        },
        "20124": {
            "year_quarter": 20124,
            "year": 2012,
            "quarter": 4,
            "eps": 1,
            "eps_growth_year": 14.74,
            "eps_4q": 3.14,
            "eps_4q_growth_year": 13.82,
            "roe": 5.45,
            "roe_4q": 19.18,
            "gross_profit": 2012732,
            "gross_margin": 21.44,
            "gross_margin_4q_avg": 19.11,
            "net_income": 599774,
            "net_income_4q": null,
            "revenue": 9386319,
            "revenue_4q": null,
            "common_shares": 5353226,
            "book_valuer_per_share": 16.86,
            "book_valuer_per_share_4q_avg": 16.44,
            "equity": 11216279,
            "current_ratio": 148.24,
            "debt_ratio": 46.41,
            "inventory_turnover_ratio": 1.92,
            "account_receivable_turnover_ratio": 3.95,
            "reinvestment_rate": 9.17,
            "research_to_sale_ratio": 2.82,
            "price_fair": 105.18,
            "eps_avg_yearly": 3.01,
            "eps_latest_yearly": 4,
            "eps_growth_yearly": 56.17
        },
        "20131": {
            "year_quarter": 20131,
            "year": 2013,
            "quarter": 1,
            "eps": 0.75,
            "eps_growth_year": 92.31,
            "eps_4q": 3.51,
            "eps_4q_growth_year": 38.38,
            "roe": 4.2,
            "roe_4q": 21.07,
            "gross_profit": 1596457,
            "gross_margin": 18.42,
            "gross_margin_4q_avg": 19.53,
            "net_income": 469648,
            "net_income_4q": null,
            "revenue": 8665890,
            "revenue_4q": null,
            "common_shares": 5353226,
            "book_valuer_per_share": 17.29,
            "book_valuer_per_share_4q_avg": 16.55,
            "equity": 11145843,
            "current_ratio": 137.65,
            "debt_ratio": 48.05,
            "inventory_turnover_ratio": 1.8,
            "account_receivable_turnover_ratio": 3.56,
            "reinvestment_rate": 8.87,
            "research_to_sale_ratio": 2.81,
            "price_fair": 104.83,
            "eps_avg_yearly": 3,
            "eps_latest_yearly": 3,
            "eps_growth_yearly": 47.1
        },
        "20132": {
            "year_quarter": 20132,
            "year": 2013,
            "quarter": 2,
            "eps": 1.15,
            "eps_growth_year": 39.21,
            "eps_4q": 3.73,
            "eps_4q_growth_year": 24.67,
            "roe": 6.63,
            "roe_4q": 22.39,
            "gross_profit": 1900610,
            "gross_margin": 19.52,
            "gross_margin_4q_avg": 19.83,
            "net_income": 704806,
            "net_income_4q": null,
            "revenue": 9736196,
            "revenue_4q": null,
            "common_shares": 5353226,
            "book_valuer_per_share": 16.19,
            "book_valuer_per_share_4q_avg": 16.62,
            "equity": 10102930,
            "current_ratio": 117.37,
            "debt_ratio": 50.94,
            "inventory_turnover_ratio": 1.98,
            "account_receivable_turnover_ratio": 4,
            "reinvestment_rate": 12.32,
            "research_to_sale_ratio": 2.7,
            "price_fair": 108.15,
            "eps_avg_yearly": 3.09,
            "eps_latest_yearly": 4.6,
            "eps_growth_yearly": 61.07
        },
        "20133": {
            "year_quarter": 20133,
            "year": 2013,
            "quarter": 3,
            "eps": 1.17,
            "eps_growth_year": 26.19,
            "eps_4q": 4.01,
            "eps_4q_growth_year": 34.37,
            "roe": 7.45,
            "roe_4q": 23.73,
            "gross_profit": 2009620,
            "gross_margin": 20.96,
            "gross_margin_4q_avg": 20.09,
            "net_income": 776093,
            "net_income_4q": null,
            "revenue": 9586122,
            "revenue_4q": null,
            "common_shares": 5567355,
            "book_valuer_per_share": 16.48,
            "book_valuer_per_share_4q_avg": 16.71,
            "equity": 10722089,
            "current_ratio": 115.75,
            "debt_ratio": 47.98,
            "inventory_turnover_ratio": 2,
            "account_receivable_turnover_ratio": 3.87,
            "reinvestment_rate": 6.76,
            "research_to_sale_ratio": 2.88,
            "price_fair": 111.3,
            "eps_avg_yearly": 3.18,
            "eps_latest_yearly": 4.68,
            "eps_growth_yearly": 60.2
        },
        "20134": {
            "year_quarter": 20134,
            "year": 2013,
            "quarter": 4,
            "eps": 1.08,
            "eps_growth_year": 7.49,
            "eps_4q": 4.12,
            "eps_4q_growth_year": 31.38,
            "roe": 6.12,
            "roe_4q": 24.4,
            "gross_profit": 1933805,
            "gross_margin": 19.03,
            "gross_margin_4q_avg": 19.48,
            "net_income": 673131,
            "net_income_4q": null,
            "revenue": 10160153,
            "revenue_4q": null,
            "common_shares": 5567355,
            "book_valuer_per_share": 17.5,
            "book_valuer_per_share_4q_avg": 16.87,
            "equity": 11270909,
            "current_ratio": 126.69,
            "debt_ratio": 47.57,
            "inventory_turnover_ratio": 2.1,
            "account_receivable_turnover_ratio": 3.81,
            "reinvestment_rate": -2.68,
            "research_to_sale_ratio": 3.03,
            "price_fair": 114.54,
            "eps_avg_yearly": 3.27,
            "eps_latest_yearly": 4.32,
            "eps_growth_yearly": 61.37
        },
        "20141": {
            "year_quarter": 20141,
            "year": 2014,
            "quarter": 1,
            "eps": 1.18,
            "eps_growth_year": 57.33,
            "eps_4q": 4.57,
            "eps_4q_growth_year": 30.29,
            "roe": 6.32,
            "roe_4q": 26.52,
            "gross_profit": 1972017,
            "gross_margin": 19.28,
            "gross_margin_4q_avg": 19.7,
            "net_income": 735431,
            "net_income_4q": null,
            "revenue": 10230203,
            "revenue_4q": null,
            "common_shares": 5567355,
            "book_valuer_per_share": 19.04,
            "book_valuer_per_share_4q_avg": 17.3,
            "equity": 12000217,
            "current_ratio": 134.57,
            "debt_ratio": 46.4,
            "inventory_turnover_ratio": 1.88,
            "account_receivable_turnover_ratio": 3.62,
            "reinvestment_rate": 2.09,
            "research_to_sale_ratio": 2.7,
            "price_fair": 117.78,
            "eps_avg_yearly": 3.37,
            "eps_latest_yearly": 4.72,
            "eps_growth_yearly": 60.16
        },
        "20142": {
            "year_quarter": 20142,
            "year": 2014,
            "quarter": 2,
            "eps": 1.06,
            "eps_growth_year": -7.83,
            "eps_4q": 4.36,
            "eps_4q_growth_year": 17.02,
            "roe": 6.52,
            "roe_4q": 26.41,
            "gross_profit": 2481271,
            "gross_margin": 20.85,
            "gross_margin_4q_avg": 20.03,
            "net_income": 715123,
            "net_income_4q": null,
            "revenue": 11899200,
            "revenue_4q": null,
            "common_shares": 5567355,
            "book_valuer_per_share": 15.46,
            "book_valuer_per_share_4q_avg": 17.12,
            "equity": 9935352,
            "current_ratio": 104.86,
            "debt_ratio": 55.42,
            "inventory_turnover_ratio": 2.06,
            "account_receivable_turnover_ratio": 4.08,
            "reinvestment_rate": -0.99,
            "research_to_sale_ratio": 2.56,
            "price_fair": 120.58,
            "eps_avg_yearly": 3.45,
            "eps_latest_yearly": 4.24,
            "eps_growth_yearly": 59.78
        },
        "20143": {
            "year_quarter": 20143,
            "year": 2014,
            "quarter": 3,
            "eps": 1.51,
            "eps_growth_year": 29.06,
            "eps_4q": 4.74,
            "eps_4q_growth_year": 18.41,
            "roe": 9.23,
            "roe_4q": 28.19,
            "gross_profit": 2567871,
            "gross_margin": 20.68,
            "gross_margin_4q_avg": 19.96,
            "net_income": 969975,
            "net_income_4q": null,
            "revenue": 12418785,
            "revenue_4q": null,
            "common_shares": 5790049,
            "book_valuer_per_share": 16.63,
            "book_valuer_per_share_4q_avg": 17.16,
            "equity": 11077575,
            "current_ratio": 136.69,
            "debt_ratio": 52.94,
            "inventory_turnover_ratio": 2.16,
            "account_receivable_turnover_ratio": 4.02,
            "reinvestment_rate": 2.74,
            "research_to_sale_ratio": 2.8,
            "price_fair": 126.09,
            "eps_avg_yearly": 3.6,
            "eps_latest_yearly": 6.04,
            "eps_growth_yearly": 65.66
        },
        "20144": {
            "year_quarter": 20144,
            "year": 2014,
            "quarter": 4,
            "eps": 1.63,
            "eps_growth_year": 50.55,
            "eps_4q": 5.33,
            "eps_4q_growth_year": 29.4,
            "roe": 8.7,
            "roe_4q": 30.77,
            "gross_profit": 2747194,
            "gross_margin": 20.96,
            "gross_margin_4q_avg": 20.44,
            "net_income": 1021900,
            "net_income_4q": null,
            "revenue": 13105376,
            "revenue_4q": null,
            "common_shares": 5790049,
            "book_valuer_per_share": 18.74,
            "book_valuer_per_share_4q_avg": 17.47,
            "equity": 12423595,
            "current_ratio": 147.23,
            "debt_ratio": 51.08,
            "inventory_turnover_ratio": 2.07,
            "account_receivable_turnover_ratio": 3.79,
            "reinvestment_rate": 16.32,
            "research_to_sale_ratio": 2.67,
            "price_fair": 135.1,
            "eps_avg_yearly": 3.86,
            "eps_latest_yearly": 6.52,
            "eps_growth_yearly": 75.6
        },
        "20151": {
            "year_quarter": 20151,
            "year": 2015,
            "quarter": 1,
            "eps": 1.45,
            "eps_growth_year": 22.88,
            "eps_4q": 5.65,
            "eps_4q_growth_year": 23.44,
            "roe": 7.15,
            "roe_4q": 31.599999999999998,
            "gross_profit": 2454737,
            "gross_margin": 19.93,
            "gross_margin_4q_avg": 20.61,
            "net_income": 905693,
            "net_income_4q": null,
            "revenue": 12318017,
            "revenue_4q": null,
            "common_shares": 5790049,
            "book_valuer_per_share": 20,
            "book_valuer_per_share_4q_avg": 17.71,
            "equity": 12914468,
            "current_ratio": 154.84,
            "debt_ratio": 50.05,
            "inventory_turnover_ratio": 1.83,
            "account_receivable_turnover_ratio": 3.53,
            "reinvestment_rate": 14.21,
            "research_to_sale_ratio": 2.68,
            "price_fair": 142.45,
            "eps_avg_yearly": 4.07,
            "eps_latest_yearly": 5.8,
            "eps_growth_yearly": 72.43
        },
        "20152": {
            "year_quarter": 20152,
            "year": 2015,
            "quarter": 2,
            "eps": 1.64,
            "eps_growth_year": 54.72,
            "eps_4q": 6.09,
            "eps_4q_growth_year": 39.54,
            "roe": 8.7,
            "roe_4q": 33.78,
            "gross_profit": 2799087,
            "gross_margin": 20.19,
            "gross_margin_4q_avg": 20.44,
            "net_income": 1075682,
            "net_income_4q": null,
            "revenue": 13861422,
            "revenue_4q": null,
            "common_shares": 5790049,
            "book_valuer_per_share": 17.79,
            "book_valuer_per_share_4q_avg": 18.29,
            "equity": 11812713,
            "current_ratio": 129.02,
            "debt_ratio": 52.7,
            "inventory_turnover_ratio": 2.12,
            "account_receivable_turnover_ratio": 4.56,
            "reinvestment_rate": 18.48,
            "research_to_sale_ratio": 2.63,
            "price_fair": 154.09,
            "eps_avg_yearly": 4.4,
            "eps_latest_yearly": 6.56,
            "eps_growth_yearly": 88
        },
        "20153": {
            "year_quarter": 20153,
            "year": 2015,
            "quarter": 3,
            "eps": 2.1,
            "eps_growth_year": 39.07,
            "eps_4q": 6.72,
            "eps_4q_growth_year": 41.7,
            "roe": 10.82,
            "roe_4q": 35.370000000000005,
            "gross_profit": 3140594,
            "gross_margin": 21.15,
            "gross_margin_4q_avg": 20.56,
            "net_income": 1385597,
            "net_income_4q": null,
            "revenue": 14848705,
            "revenue_4q": null,
            "common_shares": 5963751,
            "book_valuer_per_share": 20.31,
            "book_valuer_per_share_4q_avg": 19.21,
            "equity": 13807656,
            "current_ratio": 152.34,
            "debt_ratio": 50.15,
            "inventory_turnover_ratio": 2.35,
            "account_receivable_turnover_ratio": 4.47,
            "reinvestment_rate": 21.7,
            "research_to_sale_ratio": 2.68,
            "price_fair": 164.06,
            "eps_avg_yearly": 4.69,
            "eps_latest_yearly": 8.4,
            "eps_growth_yearly": 42.59
        },
        "20154": {
            "year_quarter": 20154,
            "year": 2015,
            "quarter": 4,
            "eps": 1.96,
            "eps_growth_year": 20.66,
            "eps_4q": 7.11,
            "eps_4q_growth_year": 33.28,
            "roe": 9.03,
            "roe_4q": 35.7,
            "gross_profit": 3371529,
            "gross_margin": 22.82,
            "gross_margin_4q_avg": 21.02,
            "net_income": 1295137,
            "net_income_4q": null,
            "revenue": 14775633,
            "revenue_4q": null,
            "common_shares": 5963751,
            "book_valuer_per_share": 21.96,
            "book_valuer_per_share_4q_avg": 20.02,
            "equity": 14872887,
            "current_ratio": 160.66,
            "debt_ratio": 48.17,
            "inventory_turnover_ratio": 2.17,
            "account_receivable_turnover_ratio": 3.9,
            "reinvestment_rate": 22.47,
            "research_to_sale_ratio": 3.41,
            "price_fair": 173.51,
            "eps_avg_yearly": 4.96,
            "eps_latest_yearly": 7.84,
            "eps_growth_yearly": 43.01
        },
        "20161": {
            "year_quarter": 20161,
            "year": 2016,
            "quarter": 1,
            "eps": 1.53,
            "eps_growth_year": 5.52,
            "eps_4q": 7.23,
            "eps_4q_growth_year": 28.12,
            "roe": 6.79,
            "roe_4q": 35.34,
            "gross_profit": 3094127,
            "gross_margin": 21.94,
            "gross_margin_4q_avg": 21.53,
            "net_income": 1024557,
            "net_income_4q": null,
            "revenue": 14104990,
            "revenue_4q": null,
            "common_shares": 5963751,
            "book_valuer_per_share": 23.07,
            "book_valuer_per_share_4q_avg": 20.78,
            "equity": 15322118,
            "current_ratio": 160.2,
            "debt_ratio": 48.22,
            "inventory_turnover_ratio": 1.98,
            "account_receivable_turnover_ratio": 3.75,
            "reinvestment_rate": 23.17,
            "research_to_sale_ratio": 3.03,
            "price_fair": 183.49,
            "eps_avg_yearly": 5.24,
            "eps_latest_yearly": 6.12,
            "eps_growth_yearly": 51.44
        },
        "20162": {
            "year_quarter": 20162,
            "year": 2016,
            "quarter": 2,
            "eps": 2.09,
            "eps_growth_year": 27.44,
            "eps_4q": 7.09,
            "eps_4q_growth_year": 16.5,
            "roe": 10.64,
            "roe_4q": 37.28,
            "gross_profit": 3604988,
            "gross_margin": 23.3,
            "gross_margin_4q_avg": 22.3,
            "net_income": 1547923,
            "net_income_4q": null,
            "revenue": 15470283,
            "revenue_4q": null,
            "common_shares": 5963751,
            "book_valuer_per_share": 20.29,
            "book_valuer_per_share_4q_avg": 21.41,
            "equity": 13779885,
            "current_ratio": 126.18,
            "debt_ratio": 53.6,
            "inventory_turnover_ratio": 2.22,
            "account_receivable_turnover_ratio": 3.97,
            "reinvestment_rate": 23.52,
            "research_to_sale_ratio": 3.06,
            "price_fair": 194.51,
            "eps_avg_yearly": 5.56,
            "eps_latest_yearly": 8.36,
            "eps_growth_yearly": 32.39
        },
        "20163": {
            "year_quarter": 20163,
            "year": 2016,
            "quarter": 3,
            "eps": 1.74,
            "eps_growth_year": -17.14,
            "eps_4q": 6.96,
            "eps_4q_growth_year": 3.48,
            "roe": 9.2,
            "roe_4q": 35.66,
            "gross_profit": 3358299,
            "gross_margin": 23.82,
            "gross_margin_4q_avg": 22.97,
            "net_income": 1304316,
            "net_income_4q": null,
            "revenue": 14100055,
            "revenue_4q": null,
            "common_shares": 6679402,
            "book_valuer_per_share": 19.19,
            "book_valuer_per_share_4q_avg": 21.13,
            "equity": 14581996,
            "current_ratio": 143.76,
            "debt_ratio": 49.46,
            "inventory_turnover_ratio": 2.09,
            "account_receivable_turnover_ratio": 3.64,
            "reinvestment_rate": 23.76,
            "research_to_sale_ratio": 3.4,
            "price_fair": 201.6,
            "eps_avg_yearly": 5.76,
            "eps_latest_yearly": 6.96,
            "eps_growth_yearly": 25.19
        },
        "20164": {
            "year_quarter": 20164,
            "year": 2016,
            "quarter": 4,
            "eps": 1.46,
            "eps_growth_year": -25.48,
            "eps_4q": 6.67,
            "eps_4q_growth_year": -6.18,
            "roe": 5.53,
            "roe_4q": 32.160000000000004,
            "gross_profit": 3373444,
            "gross_margin": 23.35,
            "gross_margin_4q_avg": 23.1,
            "net_income": 830680,
            "net_income_4q": null,
            "revenue": 14447130,
            "revenue_4q": null,
            "common_shares": 6679402,
            "book_valuer_per_share": 20.73,
            "book_valuer_per_share_4q_avg": 20.82,
            "equity": 15458427,
            "current_ratio": 161.53,
            "debt_ratio": 49.96,
            "inventory_turnover_ratio": 2.02,
            "account_receivable_turnover_ratio": 3.46,
            "reinvestment_rate": 27.02,
            "research_to_sale_ratio": 3.45,
            "price_fair": 172.04,
            "eps_avg_yearly": 5.88,
            "eps_latest_yearly": 5.84,
            "eps_growth_yearly": 19.28
        },
        "20171": {
            "year_quarter": 20171,
            "year": 2017,
            "quarter": 1,
            "eps": 1.14,
            "eps_growth_year": -25.49,
            "eps_4q": 6.44,
            "eps_4q_growth_year": -11.04,
            "roe": 5.47,
            "roe_4q": 30.84,
            "gross_profit": 2783791,
            "gross_margin": 20.59,
            "gross_margin_4q_avg": 22.77,
            "net_income": 835138,
            "net_income_4q": null,
            "revenue": 13519518,
            "revenue_4q": null,
            "common_shares": 6679402,
            "book_valuer_per_share": 20.5,
            "book_valuer_per_share_4q_avg": 20.18,
            "equity": 15053946,
            "current_ratio": 159.59,
            "debt_ratio": 50.19,
            "inventory_turnover_ratio": 1.95,
            "account_receivable_turnover_ratio": 3.03,
            "reinvestment_rate": 21.72,
            "research_to_sale_ratio": 3.62,
            "price_fair": 179.5,
            "eps_avg_yearly": 5.97,
            "eps_latest_yearly": 4.56,
            "eps_growth_yearly": 20.05
        },
        "20172": {
            "year_quarter": 20172,
            "year": 2017,
            "quarter": 2,
            "eps": 1.74,
            "eps_growth_year": -16.75,
            "eps_4q": 6.09,
            "eps_4q_growth_year": -14.17,
            "roe": 9.01,
            "roe_4q": 29.21,
            "gross_profit": 3167777,
            "gross_margin": 22.4,
            "gross_margin_4q_avg": 22.54,
            "net_income": 1261313,
            "net_income_4q": null,
            "revenue": 14143562,
            "revenue_4q": null,
            "common_shares": 6679402,
            "book_valuer_per_share": 17.17,
            "book_valuer_per_share_4q_avg": 19.4,
            "equity": 12934842,
            "current_ratio": 116.46,
            "debt_ratio": 56.83,
            "inventory_turnover_ratio": 2.08,
            "account_receivable_turnover_ratio": 3.29,
            "reinvestment_rate": 23.3,
            "research_to_sale_ratio": 3.67,
            "price_fair": 182.86,
            "eps_avg_yearly": 6.12,
            "eps_latest_yearly": 6.96,
            "eps_growth_yearly": 19.88
        },
        "20173": {
            "year_quarter": 20173,
            "year": 2017,
            "quarter": 3,
            "eps": 1.9,
            "eps_growth_year": 9.2,
            "eps_4q": 6.24,
            "eps_4q_growth_year": -10.3,
            "roe": 10.12,
            "roe_4q": 30.13,
            "gross_profit": 3509010,
            "gross_margin": 22.92,
            "gross_margin_4q_avg": 22.32,
            "net_income": 1379706,
            "net_income_4q": null,
            "revenue": 15307926,
            "revenue_4q": null,
            "common_shares": 6679402,
            "book_valuer_per_share": 19,
            "book_valuer_per_share_4q_avg": 19.35,
            "equity": 14324872,
            "current_ratio": 132.15,
            "debt_ratio": 52.97,
            "inventory_turnover_ratio": 2.14,
            "account_receivable_turnover_ratio": 3.36,
            "reinvestment_rate": 26.64,
            "research_to_sale_ratio": 3.39,
            "price_fair": 200.06,
            "eps_avg_yearly": 6.3,
            "eps_latest_yearly": 7.6,
            "eps_growth_yearly": 21.74
        },
        "20174": {
            "year_quarter": 20174,
            "year": 2017,
            "quarter": 4,
            "eps": 1.8,
            "eps_growth_year": 23.25,
            "eps_4q": 6.58,
            "eps_4q_growth_year": -1.31,
            "roe": 8.93,
            "roe_4q": 33.529999999999994,
            "gross_profit": 4018159,
            "gross_margin": 25.65,
            "gross_margin_4q_avg": 22.89,
            "net_income": 1329285,
            "net_income_4q": null,
            "revenue": 15662382,
            "revenue_4q": null,
            "common_shares": 6679402,
            "book_valuer_per_share": 20.47,
            "book_valuer_per_share_4q_avg": 19.29,
            "equity": 15431797,
            "current_ratio": 152.61,
            "debt_ratio": 50.28,
            "inventory_turnover_ratio": 1.98,
            "account_receivable_turnover_ratio": 3.16,
            "reinvestment_rate": 25.56,
            "research_to_sale_ratio": 3.52,
            "price_fair": 209.71,
            "eps_avg_yearly": 6.48,
            "eps_latest_yearly": 7.2,
            "eps_growth_yearly": 22.35
        },
        "20181": {
            "year_quarter": 20181,
            "year": 2018,
            "quarter": 1,
            "eps": 1.14,
            "eps_growth_year": 0,
            "eps_4q": 6.59,
            "eps_4q_growth_year": 2.34,
            "roe": 5.38,
            "roe_4q": 33.44,
            "gross_profit": 3124896,
            "gross_margin": 21.07,
            "gross_margin_4q_avg": 23.01,
            "net_income": 836565,
            "net_income_4q": null,
            "revenue": 14832839,
            "revenue_4q": null,
            "common_shares": 6679402,
            "book_valuer_per_share": 21.19,
            "book_valuer_per_share_4q_avg": 19.46,
            "equity": 15696245,
            "current_ratio": 151.75,
            "debt_ratio": 50.24,
            "inventory_turnover_ratio": 2.01,
            "account_receivable_turnover_ratio": 2.82,
            "reinvestment_rate": 22.03,
            "research_to_sale_ratio": 3.37,
            "price_fair": 135.08,
            "eps_avg_yearly": 6.47,
            "eps_latest_yearly": 4.56,
            "eps_growth_yearly": 10.87
        },
        "20182": {
            "year_quarter": 20182,
            "year": 2018,
            "quarter": 2,
            "eps": 2.12,
            "eps_growth_year": 21.84,
            "eps_4q": 6.96,
            "eps_4q_growth_year": 14.44,
            "roe": 10.5,
            "roe_4q": 34.93,
            "gross_profit": 3813864,
            "gross_margin": 24.39,
            "gross_margin_4q_avg": 23.51,
            "net_income": 1583161,
            "net_income_4q": null,
            "revenue": 15638939,
            "revenue_4q": null,
            "common_shares": 6679402,
            "book_valuer_per_share": 19.07,
            "book_valuer_per_share_4q_avg": 19.93,
            "equity": 14457481,
            "current_ratio": 130.12,
            "debt_ratio": 54.34,
            "inventory_turnover_ratio": 2.04,
            "account_receivable_turnover_ratio": 2.84,
            "reinvestment_rate": 22.79,
            "research_to_sale_ratio": 3.44,
            "price_fair": 235.81,
            "eps_avg_yearly": 6.74,
            "eps_latest_yearly": 8.48,
            "eps_growth_yearly": 34.9
        },
        "20183": {
            "year_quarter": 20183,
            "year": 2018,
            "quarter": 3,
            "eps": 2.36,
            "eps_growth_year": 24.21,
            "eps_4q": 7.42,
            "eps_4q_growth_year": 18.94,
            "roe": 11.63,
            "roe_4q": 36.44,
            "gross_profit": 4460788,
            "gross_margin": 26,
            "gross_margin_4q_avg": 24.28,
            "net_income": 1771480,
            "net_income_4q": null,
            "revenue": 17159513,
            "revenue_4q": null,
            "common_shares": 6679402,
            "book_valuer_per_share": 21.24,
            "book_valuer_per_share_4q_avg": 20.49,
            "equity": 15997481,
            "current_ratio": 146.86,
            "debt_ratio": 50.89,
            "inventory_turnover_ratio": 2.2,
            "account_receivable_turnover_ratio": 2.99,
            "reinvestment_rate": 19.96,
            "research_to_sale_ratio": 3.27,
            "price_fair": 243.25,
            "eps_avg_yearly": 6.95,
            "eps_latest_yearly": 9.44,
            "eps_growth_yearly": 27.12
        },
        "20184": {
            "year_quarter": 20184,
            "year": 2018,
            "quarter": 4,
            "eps": 2.26,
            "eps_growth_year": 25.34,
            "eps_4q": 7.88,
            "eps_4q_growth_year": 19.74,
            "roe": 9.87,
            "roe_4q": 37.38,
            "gross_profit": 4370178,
            "gross_margin": 25.91,
            "gross_margin_4q_avg": 24.34,
            "net_income": 1677893,
            "net_income_4q": null,
            "revenue": 16866353,
            "revenue_4q": null,
            "common_shares": 6679402,
            "book_valuer_per_share": 23.95,
            "book_valuer_per_share_4q_avg": 21.36,
            "equity": 17995383,
            "current_ratio": 168.91,
            "debt_ratio": 47.37,
            "inventory_turnover_ratio": 2.1,
            "account_receivable_turnover_ratio": 2.81,
            "reinvestment_rate": 17.59,
            "research_to_sale_ratio": 3.72,
            "price_fair": 242.18,
            "eps_avg_yearly": 7.11,
            "eps_latest_yearly": 9.04,
            "eps_growth_yearly": 24.07
        },
        "20191": {
            "year_quarter": 20191,
            "year": 2019,
            "quarter": 1,
            "eps": 2.21,
            "eps_growth_year": 93.86,
            "eps_4q": 8.95,
            "eps_4q_growth_year": 35.85,
            "roe": 8.71,
            "roe_4q": 40.71,
            "gross_profit": 4059493,
            "gross_margin": 24,
            "gross_margin_4q_avg": 25.08,
            "net_income": 1628639,
            "net_income_4q": null,
            "revenue": 16912217,
            "revenue_4q": null,
            "common_shares": 6679402,
            "book_valuer_per_share": 26.37,
            "book_valuer_per_share_4q_avg": 22.66,
            "equity": 19386859,
            "current_ratio": 165.95,
            "debt_ratio": 47.53,
            "inventory_turnover_ratio": 2.05,
            "account_receivable_turnover_ratio": 2.69,
            "reinvestment_rate": 18.9,
            "research_to_sale_ratio": 3.12,
            "price_fair": 255.41,
            "eps_avg_yearly": 7.3,
            "eps_latest_yearly": 8.84,
            "eps_growth_yearly": 26.28
        },
        "20192": {
            "year_quarter": 20192,
            "year": 2019,
            "quarter": 2,
            "eps": 2.23,
            "eps_growth_year": 5.19,
            "eps_4q": 8.44,
            "eps_4q_growth_year": 21.14,
            "roe": 10.09,
            "roe_4q": 40.300000000000004,
            "gross_profit": 4424885,
            "gross_margin": 24.51,
            "gross_margin_4q_avg": 25.11,
            "net_income": 1821567,
            "net_income_4q": null,
            "revenue": 18056388,
            "revenue_4q": null,
            "common_shares": 6679402,
            "book_valuer_per_share": 22.26,
            "book_valuer_per_share_4q_avg": 23.46,
            "equity": 16730919,
            "current_ratio": 127.47,
            "debt_ratio": 56.83,
            "inventory_turnover_ratio": 2.15,
            "account_receivable_turnover_ratio": 2.71,
            "reinvestment_rate": 20.47,
            "research_to_sale_ratio": 3.41,
            "price_fair": 247.41,
            "eps_avg_yearly": 7.45,
            "eps_latest_yearly": 8.92,
            "eps_growth_yearly": 23.23
        },
        "20193": {
            "year_quarter": 20193,
            "year": 2019,
            "quarter": 3,
            "eps": 2.47,
            "eps_growth_year": 4.66,
            "eps_4q": 8.77,
            "eps_4q_growth_year": 18.1,
            "roe": 11.56,
            "roe_4q": 40.23,
            "gross_profit": 5024653,
            "gross_margin": 25.16,
            "gross_margin_4q_avg": 24.9,
            "net_income": 2040733,
            "net_income_4q": null,
            "revenue": 19968103,
            "revenue_4q": null,
            "common_shares": 7347342,
            "book_valuer_per_share": 22.46,
            "book_valuer_per_share_4q_avg": 23.76,
            "equity": 18578636,
            "current_ratio": 141.73,
            "debt_ratio": 52.3,
            "inventory_turnover_ratio": 2.31,
            "account_receivable_turnover_ratio": 2.84,
            "reinvestment_rate": 19.9,
            "research_to_sale_ratio": 3.15,
            "price_fair": 217.91,
            "eps_avg_yearly": 7.54,
            "eps_latest_yearly": 9.88,
            "eps_growth_yearly": 18.91
        },
        "20194": {
            "year_quarter": 20194,
            "year": 2019,
            "quarter": 4,
            "eps": 1.77,
            "eps_growth_year": -21.73,
            "eps_4q": 8.48,
            "eps_4q_growth_year": 7.63,
            "roe": 8.11,
            "roe_4q": 38.47,
            "gross_profit": 4503169,
            "gross_margin": 23.71,
            "gross_margin_4q_avg": 24.35,
            "net_income": 1512833,
            "net_income_4q": null,
            "revenue": 18993373,
            "revenue_4q": null,
            "common_shares": 7347342,
            "book_valuer_per_share": 22.61,
            "book_valuer_per_share_4q_avg": 23.43,
            "equity": 18733141,
            "current_ratio": 133.63,
            "debt_ratio": 54.6,
            "inventory_turnover_ratio": 2.11,
            "account_receivable_turnover_ratio": 2.74,
            "reinvestment_rate": 22.06,
            "research_to_sale_ratio": 4.09,
            "price_fair": 175.95,
            "eps_avg_yearly": 7.49,
            "eps_latest_yearly": 7.08,
            "eps_growth_yearly": 13.49
        },
        "20201": {
            "year_quarter": 20201,
            "year": 2020,
            "quarter": 1,
            "eps": 1.73,
            "eps_growth_year": -21.72,
            "eps_4q": 8.2,
            "eps_4q_growth_year": -8.32,
            "roe": 7.33,
            "roe_4q": 37.09,
            "gross_profit": 3965867,
            "gross_margin": 21.89,
            "gross_margin_4q_avg": 23.82,
            "net_income": 1407013,
            "net_income_4q": null,
            "revenue": 18120215,
            "revenue_4q": null,
            "common_shares": 7347342,
            "book_valuer_per_share": 24.39,
            "book_valuer_per_share_4q_avg": 22.93,
            "equity": 19669280,
            "current_ratio": 130.05,
            "debt_ratio": 53.87,
            "inventory_turnover_ratio": 1.91,
            "account_receivable_turnover_ratio": 2.85,
            "reinvestment_rate": 24.39,
            "research_to_sale_ratio": 3.55,
            "price_fair": 214.22,
            "eps_avg_yearly": 7.54,
            "eps_latest_yearly": 6.92,
            "eps_growth_yearly": 18.41
        },
        "20202": {
            "year_quarter": 20202,
            "year": 2020,
            "quarter": 2,
            "eps": 1.07,
            "eps_growth_year": -52.02,
            "eps_4q": 6.05,
            "eps_4q_growth_year": -28.32,
            "roe": 5.99,
            "roe_4q": 32.99,
            "gross_profit": 3734267,
            "gross_margin": 23.46,
            "gross_margin_4q_avg": 23.56,
            "net_income": 1108966,
            "net_income_4q": null,
            "revenue": 15920632,
            "revenue_4q": null,
            "common_shares": 7347342,
            "book_valuer_per_share": 21.15,
            "book_valuer_per_share_4q_avg": 22.65,
            "equity": 17338191,
            "current_ratio": 123.13,
            "debt_ratio": 55.84,
            "inventory_turnover_ratio": 1.64,
            "account_receivable_turnover_ratio": 2.7,
            "reinvestment_rate": 22.12,
            "research_to_sale_ratio": 3.89,
            "price_fair": 21.86,
            "eps_avg_yearly": 7.29,
            "eps_latest_yearly": 4.28,
            "eps_growth_yearly": -0.28
        },
        "20203": {
            "year_quarter": 20203,
            "year": 2020,
            "quarter": 3,
            "eps": 1.65,
            "eps_growth_year": -33.2,
            "eps_4q": 5.63,
            "eps_4q_growth_year": -35.73,
            "roe": 9.44,
            "roe_4q": 30.869999999999997,
            "gross_profit": 4326147,
            "gross_margin": 25.01,
            "gross_margin_4q_avg": 23.52,
            "net_income": 1704670,
            "net_income_4q": null,
            "revenue": 17299300,
            "revenue_4q": null,
            "common_shares": 8816811,
            "book_valuer_per_share": 19.03,
            "book_valuer_per_share_4q_avg": 21.8,
            "equity": 18791570,
            "current_ratio": 133.99,
            "debt_ratio": 54.23,
            "inventory_turnover_ratio": 1.89,
            "account_receivable_turnover_ratio": 2.72,
            "reinvestment_rate": 20.99,
            "research_to_sale_ratio": 3.58,
            "price_fair": 199.44,
            "eps_avg_yearly": 7.26,
            "eps_latest_yearly": 6.6,
            "eps_growth_yearly": 17.46
        },
        "20204": {
            "year_quarter": 20204,
            "year": 2020,
            "quarter": 4,
            "eps": 1.37,
            "eps_growth_year": -22.33,
            "eps_4q": 5.53,
            "eps_4q_growth_year": -34.75,
            "roe": 7.19,
            "roe_4q": 29.949999999999996,
            "gross_profit": 4437743,
            "gross_margin": 25.19,
            "gross_margin_4q_avg": 23.89,
            "net_income": 1371522,
            "net_income_4q": null,
            "revenue": 17619591,
            "revenue_4q": null,
            "common_shares": 8816811,
            "book_valuer_per_share": 19.67,
            "book_valuer_per_share_4q_avg": 21.06,
            "equity": 19355092,
            "current_ratio": 134.85,
            "debt_ratio": 55.8,
            "inventory_turnover_ratio": 1.81,
            "account_receivable_turnover_ratio": 2.44,
            "reinvestment_rate": 18.47,
            "research_to_sale_ratio": 3.67,
            "price_fair": 197.23,
            "eps_avg_yearly": 7.24,
            "eps_latest_yearly": 5.48,
            "eps_growth_yearly": 17.24
        },
        "20211": {
            "year_quarter": 20211,
            "year": 2021,
            "quarter": 1,
            "eps": 1.86,
            "eps_growth_year": 7.51,
            "eps_4q": 5.95,
            "eps_4q_growth_year": -27.46,
            "roe": 9.19,
            "roe_4q": 31.810000000000002,
            "gross_profit": 4721929,
            "gross_margin": 24.42,
            "gross_margin_4q_avg": 24.52,
            "net_income": 1828958,
            "net_income_4q": null,
            "revenue": 19336825,
            "revenue_4q": null,
            "common_shares": 8816811,
            "book_valuer_per_share": 21.52,
            "book_valuer_per_share_4q_avg": 20.34,
            "equity": 20447715,
            "current_ratio": 141.5,
            "debt_ratio": 53.37,
            "inventory_turnover_ratio": 1.83,
            "account_receivable_turnover_ratio": 2.58,
            "reinvestment_rate": 20.49,
            "research_to_sale_ratio": 3.36,
            "price_fair": 259.7,
            "eps_avg_yearly": 7.42,
            "eps_latest_yearly": 7.44,
            "eps_growth_yearly": 31.66
        },
        "20212": {
            "year_quarter": 20212,
            "year": 2021,
            "quarter": 2,
            "eps": 1.93,
            "eps_growth_year": 80.37,
            "eps_4q": 6.81,
            "eps_4q_growth_year": 12.61,
            "roe": 8.78,
            "roe_4q": 34.6,
            "gross_profit": 4970075,
            "gross_margin": 25.23,
            "gross_margin_4q_avg": 24.96,
            "net_income": 1857996,
            "net_income_4q": null,
            "revenue": 19697860,
            "revenue_4q": null,
            "common_shares": 8816811,
            "book_valuer_per_share": 22.99,
            "book_valuer_per_share_4q_avg": 20.8,
            "equity": 21883378,
            "current_ratio": 166.57,
            "debt_ratio": 49.53,
            "inventory_turnover_ratio": 1.9,
            "account_receivable_turnover_ratio": 2.5,
            "reinvestment_rate": 18.69,
            "research_to_sale_ratio": 3.46,
            "price_fair": 219.89,
            "eps_avg_yearly": 7.47,
            "eps_latest_yearly": 7.72,
            "eps_growth_yearly": 19.45
        },
        "20213": {
            "year_quarter": 20213,
            "year": 2021,
            "quarter": 3,
            "eps": -0.47,
            "eps_growth_year": -128.48,
            "eps_4q": 4.69,
            "eps_4q_growth_year": -16.67,
            "roe": -1.53,
            "roe_4q": 23.63,
            "gross_profit": 1509276,
            "gross_margin": 11.99,
            "gross_margin_4q_avg": 21.71,
            "net_income": -307643,
            "net_income_4q": null,
            "revenue": 12590437,
            "revenue_4q": null,
            "common_shares": 8816811,
            "book_valuer_per_share": 18.83,
            "book_valuer_per_share_4q_avg": 20.75,
            "equity": 18311873,
            "current_ratio": 133,
            "debt_ratio": 55.38,
            "inventory_turnover_ratio": 1.33,
            "account_receivable_turnover_ratio": 2.14,
            "reinvestment_rate": 18.99,
            "research_to_sale_ratio": 4.22,
            "price_fair": 211.01,
            "eps_avg_yearly": 7.46,
            "eps_latest_yearly": 7.72,
            "eps_growth_yearly": 18.29
        },
        "20214": {
            "year_quarter": 20214,
            "year": 2021,
            "quarter": 4,
            "eps": 1.83,
            "eps_growth_year": 33.26,
            "eps_4q": 5.15,
            "eps_4q_growth_year": -6.91,
            "roe": 9.34,
            "roe_4q": 25.78,
            "gross_profit": 4668812,
            "gross_margin": 24.93,
            "gross_margin_4q_avg": 21.64,
            "net_income": 1782422,
            "net_income_4q": null,
            "revenue": 18724742,
            "revenue_4q": null,
            "common_shares": 8816811,
            "book_valuer_per_share": 20.54,
            "book_valuer_per_share_4q_avg": 20.97,
            "equity": 19868563,
            "current_ratio": 145.65,
            "debt_ratio": 57.66,
            "inventory_turnover_ratio": 1.52,
            "account_receivable_turnover_ratio": 3.08,
            "reinvestment_rate": 18.92,
            "research_to_sale_ratio": 3.28,
            "price_fair": 232.54,
            "eps_avg_yearly": 7.48,
            "eps_latest_yearly": 7.72,
            "eps_growth_yearly": 21.1
        },
        "20221": {
            "year_quarter": 20221,
            "year": 2022,
            "quarter": 1,
            "eps": 2.35,
            "eps_growth_year": 26.34,
            "eps_4q": 5.64,
            "eps_4q_growth_year": -5.18,
            "roe": 10.5,
            "roe_4q": 27.089999999999996,
            "gross_profit": 5262438,
            "gross_margin": 23.5,
            "gross_margin_4q_avg": 21.41,
            "net_income": 2207400,
            "net_income_4q": null,
            "revenue": 22394994,
            "revenue_4q": null,
            "common_shares": 8816811,
            "book_valuer_per_share": 23.59,
            "book_valuer_per_share_4q_avg": 21.49,
            "equity": 22172037,
            "current_ratio": 138.15,
            "debt_ratio": 55.46,
            "inventory_turnover_ratio": 1.83,
            "account_receivable_turnover_ratio": 2.49,
            "reinvestment_rate": 22.82,
            "research_to_sale_ratio": 3.01,
            "price_fair": 273.8,
            "eps_avg_yearly": 7.82,
            "eps_latest_yearly": 9.4,
            "eps_growth_yearly": 39.7
        },
        "20222": {
            "year_quarter": 20222,
            "year": 2022,
            "quarter": 2,
            "eps": 2.93,
            "eps_growth_year": 51.81,
            "eps_4q": 6.64,
            "eps_4q_growth_year": -2.45,
            "roe": 12.77,
            "roe_4q": 31.08,
            "gross_profit": 6379190,
            "gross_margin": 25.76,
            "gross_margin_4q_avg": 21.55,
            "net_income": 2809580,
            "net_income_4q": null,
            "revenue": 24763347,
            "revenue_4q": null,
            "common_shares": 8816811,
            "book_valuer_per_share": 22.96,
            "book_valuer_per_share_4q_avg": 21.48,
            "equity": 21823678,
            "current_ratio": 138.6,
            "debt_ratio": 56.47,
            "inventory_turnover_ratio": 1.92,
            "account_receivable_turnover_ratio": 2.62,
            "reinvestment_rate": 23.85,
            "research_to_sale_ratio": 3.49,
            "price_fair": 259.23,
            "eps_avg_yearly": 8.05,
            "eps_latest_yearly": 11.72,
            "eps_growth_yearly": 22.19
        },
        "20223": {
            "year_quarter": 20223,
            "year": 2022,
            "quarter": 3,
            "eps": 3.09,
            "eps_growth_year": null,
            "eps_4q": 10.2,
            "eps_4q_growth_year": 117.21,
            "roe": 12.34,
            "roe_4q": 44.95,
            "gross_profit": 6245039,
            "gross_margin": 24.13,
            "gross_margin_4q_avg": 24.58,
            "net_income": 2951136,
            "net_income_4q": null,
            "revenue": 25881159,
            "revenue_4q": null,
            "common_shares": 8816811,
            "book_valuer_per_share": 27.4,
            "book_valuer_per_share_4q_avg": 23.62,
            "equity": 26023281,
            "current_ratio": 159.97,
            "debt_ratio": 51.29,
            "inventory_turnover_ratio": 1.97,
            "account_receivable_turnover_ratio": 2.61,
            "reinvestment_rate": 27.83,
            "research_to_sale_ratio": 3.21,
            "price_fair": 252.11,
            "eps_avg_yearly": 8.26,
            "eps_latest_yearly": 12.36,
            "eps_growth_yearly": 20.51
        },
        "20224": {
            "year_quarter": 20224,
            "year": 2022,
            "quarter": 4,
            "eps": 1.93,
            "eps_growth_year": 5.64,
            "eps_4q": 10.3,
            "eps_4q_growth_year": 99.96,
            "roe": 6.79,
            "roe_4q": 42.4,
            "gross_profit": 5399316,
            "gross_margin": 23.62,
            "gross_margin_4q_avg": 24.25,
            "net_income": 1796157,
            "net_income_4q": null,
            "revenue": 22863424,
            "revenue_4q": null,
            "common_shares": 8816811,
            "book_valuer_per_share": 28.35,
            "book_valuer_per_share_4q_avg": 25.58,
            "equity": 26873927,
            "current_ratio": 186.54,
            "debt_ratio": 47.62,
            "inventory_turnover_ratio": 1.82,
            "account_receivable_turnover_ratio": 2.39,
            "reinvestment_rate": 26.77,
            "research_to_sale_ratio": 2.45,
            "price_fair": 171.51,
            "eps_avg_yearly": 8.17,
            "eps_latest_yearly": 7.72,
            "eps_growth_yearly": 11
        },
        "20231": {
            "year_quarter": 20231,
            "year": 2023,
            "quarter": 1,
            "eps": 0.85,
            "eps_growth_year": -63.83,
            "eps_4q": 8.8,
            "eps_4q_growth_year": 55.94,
            "roe": 3.17,
            "roe_4q": 35.07,
            "gross_profit": 3526477,
            "gross_margin": 18.08,
            "gross_margin_4q_avg": 22.9,
            "net_income": 856468,
            "net_income_4q": null,
            "revenue": 19502750,
            "revenue_4q": null,
            "common_shares": 8816811,
            "book_valuer_per_share": 29.03,
            "book_valuer_per_share_4q_avg": 26.94,
            "equity": 27189321,
            "current_ratio": 190.38,
            "debt_ratio": 45.44,
            "inventory_turnover_ratio": 1.77,
            "account_receivable_turnover_ratio": 2.36,
            "reinvestment_rate": 25.9,
            "research_to_sale_ratio": 3.17,
            "price_fair": 23.34,
            "eps_avg_yearly": 7.78,
            "eps_latest_yearly": 3.4,
            "eps_growth_yearly": -4.36
        },
        "20232": {
            "year_quarter": 20232,
            "year": 2023,
            "quarter": 2,
            "eps": 1.21,
            "eps_growth_year": -58.7,
            "eps_4q": 6.45,
            "eps_4q_growth_year": -2.85,
            "roe": 5.4,
            "roe_4q": 27.7,
            "gross_profit": 4014444,
            "gross_margin": 19.43,
            "gross_margin_4q_avg": 21.32,
            "net_income": 1331123,
            "net_income_4q": null,
            "revenue": 20656426,
            "revenue_4q": null,
            "common_shares": 8816811,
            "book_valuer_per_share": 23.13,
            "book_valuer_per_share_4q_avg": 26.98,
            "equity": 22124320,
            "current_ratio": 130.7,
            "debt_ratio": 56.34,
            "inventory_turnover_ratio": 1.86,
            "account_receivable_turnover_ratio": 2.54,
            "reinvestment_rate": 25.91,
            "research_to_sale_ratio": 3,
            "price_fair": 130.92,
            "eps_avg_yearly": 7.49,
            "eps_latest_yearly": 4.84,
            "eps_growth_yearly": 7.48
        },
        "20233": {
            "year_quarter": 20233,
            "year": 2023,
            "quarter": 3,
            "eps": 1.71,
            "eps_growth_year": -44.66,
            "eps_4q": 5.41,
            "eps_4q_growth_year": -46.98,
            "roe": 7.77,
            "roe_4q": 23.13,
            "gross_profit": 4993019,
            "gross_margin": 21.64,
            "gross_margin_4q_avg": 20.69,
            "net_income": 1821633,
            "net_income_4q": null,
            "revenue": 23072896,
            "revenue_4q": null,
            "common_shares": 9874828,
            "book_valuer_per_share": 23.18,
            "book_valuer_per_share_4q_avg": 25.92,
            "equity": 24751290,
            "current_ratio": 141.8,
            "debt_ratio": 52.68,
            "inventory_turnover_ratio": 2.01,
            "account_receivable_turnover_ratio": 2.75,
            "reinvestment_rate": 26.16,
            "research_to_sale_ratio": 3.08,
            "price_fair": 190.61,
            "eps_avg_yearly": 7.27,
            "eps_latest_yearly": 6.84,
            "eps_growth_yearly": 16.21
        },
        "20234": {
            "year_quarter": 20234,
            "year": 2023,
            "quarter": 4,
            "eps": 1.36,
            "eps_growth_year": -29.8,
            "eps_4q": 5.04,
            "eps_4q_growth_year": -51.09,
            "roe": 5.77,
            "roe_4q": 22.11,
            "gross_profit": 5242011,
            "gross_margin": 23.26,
            "gross_margin_4q_avg": 20.6,
            "net_income": 1436713,
            "net_income_4q": null,
            "revenue": 22535192,
            "revenue_4q": null,
            "common_shares": 9874828,
            "book_valuer_per_share": 23.45,
            "book_valuer_per_share_4q_avg": 24.7,
            "equity": 25054831,
            "current_ratio": 166.02,
            "debt_ratio": 50.53,
            "inventory_turnover_ratio": 1.96,
            "account_receivable_turnover_ratio": 2.76,
            "reinvestment_rate": 19.48,
            "research_to_sale_ratio": 3.24,
            "price_fair": 203.63,
            "eps_avg_yearly": 7.15,
            "eps_latest_yearly": 5.44,
            "eps_growth_yearly": 18.46
        }
    },
    "months": {
        "2001-06": {
            "month": "2001-06",
            "price": "23.20",
            "revenue": 662166
        },
        "2001-07": {
            "month": "2001-07",
            "price": "22.82",
            "revenue": 763008
        },
        "2001-08": {
            "month": "2001-08",
            "price": "21.54",
            "revenue": 708544
        },
        "2001-09": {
            "month": "2001-09",
            "price": "21.14",
            "revenue": 635121
        },
        "2001-10": {
            "month": "2001-10",
            "price": "20.59",
            "revenue": 805385
        },
        "2001-11": {
            "month": "2001-11",
            "price": "22.26",
            "revenue": 866984
        },
        "2001-12": {
            "month": "2001-12",
            "price": "25.16",
            "revenue": 880910
        },
        "2002-01": {
            "month": "2002-01",
            "price": "26.28",
            "revenue": 900203
        },
        "2002-02": {
            "month": "2002-02",
            "price": "26.20",
            "revenue": 612564
        },
        "2002-03": {
            "month": "2002-03",
            "price": "27.10",
            "revenue": 894620
        },
        "2002-04": {
            "month": "2002-04",
            "price": "30.71",
            "revenue": 699229
        },
        "2002-05": {
            "month": "2002-05",
            "price": "33.36",
            "revenue": 716135
        },
        "2002-06": {
            "month": "2002-06",
            "price": "31.20",
            "revenue": 730997
        },
        "2002-07": {
            "month": "2002-07",
            "price": "27.45",
            "revenue": 851695
        },
        "2002-08": {
            "month": "2002-08",
            "price": "26.11",
            "revenue": 612228
        },
        "2002-09": {
            "month": "2002-09",
            "price": "25.15",
            "revenue": 688624
        },
        "2002-10": {
            "month": "2002-10",
            "price": "25.95",
            "revenue": 806287
        },
        "2002-11": {
            "month": "2002-11",
            "price": "28.70",
            "revenue": 773099
        },
        "2002-12": {
            "month": "2002-12",
            "price": "28.51",
            "revenue": 798343
        },
        "2003-01": {
            "month": "2003-01",
            "price": "29.40",
            "revenue": 744691
        },
        "2003-02": {
            "month": "2003-02",
            "price": "27.58",
            "revenue": 716877
        },
        "2003-03": {
            "month": "2003-03",
            "price": "27.35",
            "revenue": 828897
        },
        "2003-04": {
            "month": "2003-04",
            "price": "27.20",
            "revenue": 720027
        },
        "2003-05": {
            "month": "2003-05",
            "price": "25.77",
            "revenue": 718582
        },
        "2003-06": {
            "month": "2003-06",
            "price": "27.39",
            "revenue": 829820
        },
        "2003-07": {
            "month": "2003-07",
            "price": "26.30",
            "revenue": 750739
        },
        "2003-08": {
            "month": "2003-08",
            "price": "26.38",
            "revenue": 809846
        },
        "2003-09": {
            "month": "2003-09",
            "price": "26.90",
            "revenue": 762347
        },
        "2003-10": {
            "month": "2003-10",
            "price": "29.82",
            "revenue": 938510
        },
        "2003-11": {
            "month": "2003-11",
            "price": "31.10",
            "revenue": 884282
        },
        "2003-12": {
            "month": "2003-12",
            "price": "31.02",
            "revenue": 958228
        },
        "2004-01": {
            "month": "2004-01",
            "price": "33.25",
            "revenue": 731278
        },
        "2004-02": {
            "month": "2004-02",
            "price": "36.86",
            "revenue": 876799
        },
        "2004-03": {
            "month": "2004-03",
            "price": "36.31",
            "revenue": 890124
        },
        "2004-04": {
            "month": "2004-04",
            "price": "35.83",
            "revenue": 772726
        },
        "2004-05": {
            "month": "2004-05",
            "price": "34.28",
            "revenue": 816639
        },
        "2004-06": {
            "month": "2004-06",
            "price": "33.90",
            "revenue": 745832
        },
        "2004-07": {
            "month": "2004-07",
            "price": "33.37",
            "revenue": 861300
        },
        "2004-08": {
            "month": "2004-08",
            "price": "33.82",
            "revenue": 814319
        },
        "2004-09": {
            "month": "2004-09",
            "price": "33.30",
            "revenue": 882312
        },
        "2004-10": {
            "month": "2004-10",
            "price": "33.84",
            "revenue": 923446
        },
        "2004-11": {
            "month": "2004-11",
            "price": "34.92",
            "revenue": 991610
        },
        "2004-12": {
            "month": "2004-12",
            "price": "35.12",
            "revenue": 1080386
        },
        "2005-01": {
            "month": "2005-01",
            "price": "35.34",
            "revenue": 851024
        },
        "2005-02": {
            "month": "2005-02",
            "price": "35.06",
            "revenue": 695733
        },
        "2005-03": {
            "month": "2005-03",
            "price": "35.31",
            "revenue": 1102665
        },
        "2005-04": {
            "month": "2005-04",
            "price": "35.10",
            "revenue": 1055620
        },
        "2005-05": {
            "month": "2005-05",
            "price": "35.01",
            "revenue": 951466
        },
        "2005-06": {
            "month": "2005-06",
            "price": "35.64",
            "revenue": 983072
        },
        "2005-07": {
            "month": "2005-07",
            "price": "33.48",
            "revenue": 1039715
        },
        "2005-08": {
            "month": "2005-08",
            "price": "33.19",
            "revenue": 1148679
        },
        "2005-09": {
            "month": "2005-09",
            "price": "35.11",
            "revenue": 896648
        },
        "2005-10": {
            "month": "2005-10",
            "price": "34.97",
            "revenue": 993533
        },
        "2005-11": {
            "month": "2005-11",
            "price": "34.67",
            "revenue": 913877
        },
        "2005-12": {
            "month": "2005-12",
            "price": "34.92",
            "revenue": 788931
        },
        "2006-01": {
            "month": "2006-01",
            "price": "35.38",
            "revenue": 1842380
        },
        "2006-02": {
            "month": "2006-02",
            "price": "35.15",
            "revenue": 1727552
        },
        "2006-03": {
            "month": "2006-03",
            "price": "34.79",
            "revenue": 2275657
        },
        "2006-04": {
            "month": "2006-04",
            "price": "34.03",
            "revenue": 2026179
        },
        "2006-05": {
            "month": "2006-05",
            "price": "33.47",
            "revenue": 2062985
        },
        "2006-06": {
            "month": "2006-06",
            "price": "31.06",
            "revenue": 2216440
        },
        "2006-07": {
            "month": "2006-07",
            "price": "28.58",
            "revenue": 2119669
        },
        "2006-08": {
            "month": "2006-08",
            "price": "27.93",
            "revenue": 2233000
        },
        "2006-09": {
            "month": "2006-09",
            "price": "26.98",
            "revenue": 2071054
        },
        "2006-10": {
            "month": "2006-10",
            "price": "26.35",
            "revenue": 1988196
        },
        "2006-11": {
            "month": "2006-11",
            "price": "25.44",
            "revenue": 1925768
        },
        "2006-12": {
            "month": "2006-12",
            "price": "27.23",
            "revenue": 1845389
        },
        "2007-01": {
            "month": "2007-01",
            "price": "28.05",
            "revenue": 1850601
        },
        "2007-02": {
            "month": "2007-02",
            "price": "27.22",
            "revenue": 1667082
        },
        "2007-03": {
            "month": "2007-03",
            "price": "26.55",
            "revenue": 1919758
        },
        "2007-04": {
            "month": "2007-04",
            "price": "27.90",
            "revenue": 2318457
        },
        "2007-05": {
            "month": "2007-05",
            "price": "26.69",
            "revenue": 2150604
        },
        "2007-06": {
            "month": "2007-06",
            "price": "26.96",
            "revenue": 2166890
        },
        "2007-07": {
            "month": "2007-07",
            "price": "27.15",
            "revenue": 2096589
        },
        "2007-08": {
            "month": "2007-08",
            "price": "28.41",
            "revenue": 2168215
        },
        "2007-09": {
            "month": "2007-09",
            "price": "28.08",
            "revenue": 2220542
        },
        "2007-10": {
            "month": "2007-10",
            "price": "27.75",
            "revenue": 2259758
        },
        "2007-11": {
            "month": "2007-11",
            "price": "26.61",
            "revenue": 2128730
        },
        "2007-12": {
            "month": "2007-12",
            "price": "25.40",
            "revenue": 2386511
        },
        "2008-01": {
            "month": "2008-01",
            "price": "24.01",
            "revenue": 2220249
        },
        "2008-02": {
            "month": "2008-02",
            "price": "22.09",
            "revenue": 1875070
        },
        "2008-03": {
            "month": "2008-03",
            "price": "24.26",
            "revenue": 2035197
        },
        "2008-04": {
            "month": "2008-04",
            "price": "25.09",
            "revenue": 1978299
        },
        "2008-05": {
            "month": "2008-05",
            "price": "24.62",
            "revenue": 2209610
        },
        "2008-06": {
            "month": "2008-06",
            "price": "22.51",
            "revenue": 2196446
        },
        "2008-07": {
            "month": "2008-07",
            "price": "20.28",
            "revenue": 2240989
        },
        "2008-08": {
            "month": "2008-08",
            "price": "20.48",
            "revenue": 2271693
        },
        "2008-09": {
            "month": "2008-09",
            "price": "18.45",
            "revenue": 2123841
        },
        "2008-10": {
            "month": "2008-10",
            "price": "16.88",
            "revenue": 2279304
        },
        "2008-11": {
            "month": "2008-11",
            "price": "15.64",
            "revenue": 2347983
        },
        "2008-12": {
            "month": "2008-12",
            "price": "15.68",
            "revenue": 2515227
        },
        "2009-01": {
            "month": "2009-01",
            "price": "15.42",
            "revenue": 2095045
        },
        "2009-02": {
            "month": "2009-02",
            "price": "16.14",
            "revenue": 1980053
        },
        "2009-03": {
            "month": "2009-03",
            "price": "18.40",
            "revenue": 2183478
        },
        "2009-04": {
            "month": "2009-04",
            "price": "18.69",
            "revenue": 2205001
        },
        "2009-05": {
            "month": "2009-05",
            "price": "23.47",
            "revenue": 2355869
        },
        "2009-06": {
            "month": "2009-06",
            "price": "22.57",
            "revenue": 2307589
        },
        "2009-07": {
            "month": "2009-07",
            "price": "22.67",
            "revenue": 2236449
        },
        "2009-08": {
            "month": "2009-08",
            "price": "24.92",
            "revenue": 2398871
        },
        "2009-09": {
            "month": "2009-09",
            "price": "25.84",
            "revenue": 1809247
        },
        "2009-10": {
            "month": "2009-10",
            "price": "25.87",
            "revenue": 1945540
        },
        "2009-11": {
            "month": "2009-11",
            "price": "28.41",
            "revenue": 2450881
        },
        "2009-12": {
            "month": "2009-12",
            "price": "29.00",
            "revenue": 2902681
        },
        "2010-01": {
            "month": "2010-01",
            "price": "28.82",
            "revenue": 2465852
        },
        "2010-02": {
            "month": "2010-02",
            "price": "26.91",
            "revenue": 2029176
        },
        "2010-03": {
            "month": "2010-03",
            "price": "28.82",
            "revenue": 2501776
        },
        "2010-04": {
            "month": "2010-04",
            "price": "32.65",
            "revenue": 2317112
        },
        "2010-05": {
            "month": "2010-05",
            "price": "31.37",
            "revenue": 2730936
        },
        "2010-06": {
            "month": "2010-06",
            "price": "30.34",
            "revenue": 2555962
        },
        "2010-07": {
            "month": "2010-07",
            "price": "30.41",
            "revenue": 2722457
        },
        "2010-08": {
            "month": "2010-08",
            "price": "29.74",
            "revenue": 2727018
        },
        "2010-09": {
            "month": "2010-09",
            "price": "30.11",
            "revenue": 2775697
        },
        "2010-10": {
            "month": "2010-10",
            "price": "32.16",
            "revenue": 2498745
        },
        "2010-11": {
            "month": "2010-11",
            "price": "31.89",
            "revenue": 2693356
        },
        "2010-12": {
            "month": "2010-12",
            "price": "32.69",
            "revenue": 2869428
        },
        "2011-01": {
            "month": "2011-01",
            "price": "32.38",
            "revenue": 2667955
        },
        "2011-02": {
            "month": "2011-02",
            "price": "31.62",
            "revenue": 2254344
        },
        "2011-03": {
            "month": "2011-03",
            "price": "30.98",
            "revenue": 2841885
        },
        "2011-04": {
            "month": "2011-04",
            "price": "31.62",
            "revenue": 2769942
        },
        "2011-05": {
            "month": "2011-05",
            "price": "30.98",
            "revenue": 2778715
        },
        "2011-06": {
            "month": "2011-06",
            "price": "29.16",
            "revenue": 2764563
        },
        "2011-07": {
            "month": "2011-07",
            "price": "27.15",
            "revenue": 2923566
        },
        "2011-08": {
            "month": "2011-08",
            "price": "25.73",
            "revenue": 3192139
        },
        "2011-09": {
            "month": "2011-09",
            "price": "24.76",
            "revenue": 3163145
        },
        "2011-10": {
            "month": "2011-10",
            "price": "25.01",
            "revenue": 2949648
        },
        "2011-11": {
            "month": "2011-11",
            "price": "25.85",
            "revenue": 3242478
        },
        "2011-12": {
            "month": "2011-12",
            "price": "26.07",
            "revenue": 3576795
        },
        "2012-01": {
            "month": "2012-01",
            "price": "26.13",
            "revenue": 2430132
        },
        "2012-02": {
            "month": "2012-02",
            "price": "27.76",
            "revenue": 2780436
        },
        "2012-03": {
            "month": "2012-03",
            "price": "27.92",
            "revenue": 2662290
        },
        "2012-04": {
            "month": "2012-04",
            "price": "28.11",
            "revenue": 3145164
        },
        "2012-05": {
            "month": "2012-05",
            "price": "28.02",
            "revenue": 3637542
        },
        "2012-06": {
            "month": "2012-06",
            "price": "28.11",
            "revenue": 3324930
        },
        "2012-07": {
            "month": "2012-07",
            "price": "28.94",
            "revenue": 3109544
        },
        "2012-08": {
            "month": "2012-08",
            "price": "29.01",
            "revenue": 3243669
        },
        "2012-09": {
            "month": "2012-09",
            "price": "30.23",
            "revenue": 3017100
        },
        "2012-10": {
            "month": "2012-10",
            "price": "33.12",
            "revenue": 2889006
        },
        "2012-11": {
            "month": "2012-11",
            "price": "33.36",
            "revenue": 3209595
        },
        "2012-12": {
            "month": "2012-12",
            "price": "33.95",
            "revenue": 3063440
        },
        "2013-01": {
            "month": "2013-01",
            "price": "35.15",
            "revenue": 2960267
        },
        "2013-02": {
            "month": "2013-02",
            "price": "37.73",
            "revenue": 2609919
        },
        "2013-03": {
            "month": "2013-03",
            "price": "42.17",
            "revenue": 3118016
        },
        "2013-04": {
            "month": "2013-04",
            "price": "48.14",
            "revenue": 3117090
        },
        "2013-05": {
            "month": "2013-05",
            "price": "47.87",
            "revenue": 3169476
        },
        "2013-06": {
            "month": "2013-06",
            "price": "48.92",
            "revenue": 3496871
        },
        "2013-07": {
            "month": "2013-07",
            "price": "60.45",
            "revenue": 3383466
        },
        "2013-08": {
            "month": "2013-08",
            "price": "61.24",
            "revenue": 3296371
        },
        "2013-09": {
            "month": "2013-09",
            "price": "66.95",
            "revenue": 3455522
        },
        "2013-10": {
            "month": "2013-10",
            "price": "75.05",
            "revenue": 3115917
        },
        "2013-11": {
            "month": "2013-11",
            "price": "75.69",
            "revenue": 3203358
        },
        "2013-12": {
            "month": "2013-12",
            "price": "70.25",
            "revenue": 3817653
        },
        "2014-01": {
            "month": "2014-01",
            "price": "66.52",
            "revenue": 3765455
        },
        "2014-02": {
            "month": "2014-02",
            "price": "72.31",
            "revenue": 2872941
        },
        "2014-03": {
            "month": "2014-03",
            "price": "83.43",
            "revenue": 3605228
        },
        "2014-04": {
            "month": "2014-04",
            "price": "85.83",
            "revenue": 3787142
        },
        "2014-05": {
            "month": "2014-05",
            "price": "82.74",
            "revenue": 4064789
        },
        "2014-06": {
            "month": "2014-06",
            "price": "85.64",
            "revenue": 4091767
        },
        "2014-07": {
            "month": "2014-07",
            "price": "82.01",
            "revenue": 3822285
        },
        "2014-08": {
            "month": "2014-08",
            "price": "83.72",
            "revenue": 4299305
        },
        "2014-09": {
            "month": "2014-09",
            "price": "84.80",
            "revenue": 4225819
        },
        "2014-10": {
            "month": "2014-10",
            "price": "79.97",
            "revenue": 3760917
        },
        "2014-11": {
            "month": "2014-11",
            "price": "84.84",
            "revenue": 4449763
        },
        "2014-12": {
            "month": "2014-12",
            "price": "91.07",
            "revenue": 4841177
        },
        "2015-01": {
            "month": "2015-01",
            "price": "103.64",
            "revenue": 4474628
        },
        "2015-02": {
            "month": "2015-02",
            "price": "121.42",
            "revenue": 3699360
        },
        "2015-03": {
            "month": "2015-03",
            "price": "155.18",
            "revenue": 4163537
        },
        "2015-04": {
            "month": "2015-04",
            "price": "182.98",
            "revenue": 4391856
        },
        "2015-05": {
            "month": "2015-05",
            "price": "172.62",
            "revenue": 4722704
        },
        "2015-06": {
            "month": "2015-06",
            "price": "159.60",
            "revenue": 4761317
        },
        "2015-07": {
            "month": "2015-07",
            "price": "167.50",
            "revenue": 4247105
        },
        "2015-08": {
            "month": "2015-08",
            "price": "183.38",
            "revenue": 5060712
        },
        "2015-09": {
            "month": "2015-09",
            "price": "193.52",
            "revenue": 5397802
        },
        "2015-10": {
            "month": "2015-10",
            "price": "189.21",
            "revenue": 4372724
        },
        "2015-11": {
            "month": "2015-11",
            "price": "183.81",
            "revenue": 5124999
        },
        "2015-12": {
            "month": "2015-12",
            "price": "170.15",
            "revenue": 5336861
        },
        "2016-01": {
            "month": "2016-01",
            "price": "167.26",
            "revenue": 5060152
        },
        "2016-02": {
            "month": "2016-02",
            "price": "177.96",
            "revenue": 4271313
        },
        "2016-03": {
            "month": "2016-03",
            "price": "174.91",
            "revenue": 4878002
        },
        "2016-04": {
            "month": "2016-04",
            "price": "155.21",
            "revenue": 4822452
        },
        "2016-05": {
            "month": "2016-05",
            "price": "132.24",
            "revenue": 5357097
        },
        "2016-06": {
            "month": "2016-06",
            "price": "128.88",
            "revenue": 5270277
        },
        "2016-07": {
            "month": "2016-07",
            "price": "151.62",
            "revenue": 4624301
        },
        "2016-08": {
            "month": "2016-08",
            "price": "148.26",
            "revenue": 4827040
        },
        "2016-09": {
            "month": "2016-09",
            "price": "148.87",
            "revenue": 4715926
        },
        "2016-10": {
            "month": "2016-10",
            "price": "133.32",
            "revenue": 4419819
        },
        "2016-11": {
            "month": "2016-11",
            "price": "118.52",
            "revenue": 4985475
        },
        "2016-12": {
            "month": "2016-12",
            "price": "120.64",
            "revenue": 4981300
        },
        "2017-01": {
            "month": "2017-01",
            "price": "132.16",
            "revenue": 4378256
        },
        "2017-02": {
            "month": "2017-02",
            "price": "131.69",
            "revenue": 4164406
        },
        "2017-03": {
            "month": "2017-03",
            "price": "126.33",
            "revenue": 5044319
        },
        "2017-04": {
            "month": "2017-04",
            "price": "116.11",
            "revenue": 4510805
        },
        "2017-05": {
            "month": "2017-05",
            "price": "118.55",
            "revenue": 4579825
        },
        "2017-06": {
            "month": "2017-06",
            "price": "123.02",
            "revenue": 5046513
        },
        "2017-07": {
            "month": "2017-07",
            "price": "135.93",
            "revenue": 4987483
        },
        "2017-08": {
            "month": "2017-08",
            "price": "140.89",
            "revenue": 5238555
        },
        "2017-09": {
            "month": "2017-09",
            "price": "143.11",
            "revenue": 5077300
        },
        "2017-10": {
            "month": "2017-10",
            "price": "137.68",
            "revenue": 4961635
        },
        "2017-11": {
            "month": "2017-11",
            "price": "133.09",
            "revenue": 5227122
        },
        "2017-12": {
            "month": "2017-12",
            "price": "134.07",
            "revenue": 5491264
        },
        "2018-01": {
            "month": "2018-01",
            "price": "139.77",
            "revenue": 5305281
        },
        "2018-02": {
            "month": "2018-02",
            "price": "132.19",
            "revenue": 3853566
        },
        "2018-03": {
            "month": "2018-03",
            "price": "132.59",
            "revenue": 5661954
        },
        "2018-04": {
            "month": "2018-04",
            "price": "134.61",
            "revenue": 5003154
        },
        "2018-05": {
            "month": "2018-05",
            "price": "132.55",
            "revenue": 4736888
        },
        "2018-06": {
            "month": "2018-06",
            "price": "138.48",
            "revenue": 5905867
        },
        "2018-07": {
            "month": "2018-07",
            "price": "160.73",
            "revenue": 5700216
        },
        "2018-08": {
            "month": "2018-08",
            "price": "181.41",
            "revenue": 5903599
        },
        "2018-09": {
            "month": "2018-09",
            "price": "189.42",
            "revenue": 5562931
        },
        "2018-10": {
            "month": "2018-10",
            "price": "180.00",
            "revenue": 5468989
        },
        "2018-11": {
            "month": "2018-11",
            "price": "189.66",
            "revenue": 5555497
        },
        "2018-12": {
            "month": "2018-12",
            "price": "181.26",
            "revenue": 5841381
        },
        "2019-01": {
            "month": "2019-01",
            "price": "190.81",
            "revenue": 6236541
        },
        "2019-02": {
            "month": "2019-02",
            "price": "193.08",
            "revenue": 4637221
        },
        "2019-03": {
            "month": "2019-03",
            "price": "209.15",
            "revenue": 6039076
        },
        "2019-04": {
            "month": "2019-04",
            "price": "231.58",
            "revenue": 5773712
        },
        "2019-05": {
            "month": "2019-05",
            "price": "250.52",
            "revenue": 5819562
        },
        "2019-06": {
            "month": "2019-06",
            "price": "240.11",
            "revenue": 6465745
        },
        "2019-07": {
            "month": "2019-07",
            "price": "229.98",
            "revenue": 6263372
        },
        "2019-08": {
            "month": "2019-08",
            "price": "202.17",
            "revenue": 6882070
        },
        "2019-09": {
            "month": "2019-09",
            "price": "211.37",
            "revenue": 6830301
        },
        "2019-10": {
            "month": "2019-10",
            "price": "216.64",
            "revenue": 6240078
        },
        "2019-11": {
            "month": "2019-11",
            "price": "197.67",
            "revenue": 6400738
        },
        "2019-12": {
            "month": "2019-12",
            "price": "193.18",
            "revenue": 6350354
        },
        "2020-01": {
            "month": "2020-01",
            "price": "190.50",
            "revenue": 5917516
        },
        "2020-02": {
            "month": "2020-02",
            "price": "180.55",
            "revenue": 5578824
        },
        "2020-03": {
            "month": "2020-03",
            "price": "145.00",
            "revenue": 6601245
        },
        "2020-04": {
            "month": "2020-04",
            "price": "145.72",
            "revenue": 5101533
        },
        "2020-05": {
            "month": "2020-05",
            "price": "171.18",
            "revenue": 5338803
        },
        "2020-06": {
            "month": "2020-06",
            "price": "184.40",
            "revenue": 5488037
        },
        "2020-07": {
            "month": "2020-07",
            "price": "174.89",
            "revenue": 5178650
        },
        "2020-08": {
            "month": "2020-08",
            "price": "182.67",
            "revenue": 5811162
        },
        "2020-09": {
            "month": "2020-09",
            "price": "170.50",
            "revenue": 6324316
        },
        "2020-10": {
            "month": "2020-10",
            "price": "176.68",
            "revenue": 5705763
        },
        "2020-11": {
            "month": "2020-11",
            "price": "186.17",
            "revenue": 5656446
        },
        "2020-12": {
            "month": "2020-12",
            "price": "194.30",
            "revenue": 6257355
        },
        "2021-01": {
            "month": "2021-01",
            "price": "190.02",
            "revenue": 6848144
        },
        "2021-02": {
            "month": "2021-02",
            "price": "184.65",
            "revenue": 5556856
        },
        "2021-03": {
            "month": "2021-03",
            "price": "194.18",
            "revenue": 6931821
        },
        "2021-04": {
            "month": "2021-04",
            "price": "205.76",
            "revenue": 6773686
        },
        "2021-05": {
            "month": "2021-05",
            "price": "211.98",
            "revenue": 6034863
        },
        "2021-06": {
            "month": "2021-06",
            "price": "233.26",
            "revenue": 6889298
        },
        "2021-07": {
            "month": "2021-07",
            "price": "234.66",
            "revenue": 5871064
        },
        "2021-08": {
            "month": "2021-08",
            "price": "217.98",
            "revenue": 3447039
        },
        "2021-09": {
            "month": "2021-09",
            "price": "216.10",
            "revenue": 3272351
        },
        "2021-10": {
            "month": "2021-10",
            "price": "211.68",
            "revenue": 4533652
        },
        "2021-11": {
            "month": "2021-11",
            "price": "216.00",
            "revenue": 6748074
        },
        "2021-12": {
            "month": "2021-12",
            "price": "219.95",
            "revenue": 7443119
        },
        "2022-01": {
            "month": "2022-01",
            "price": "231.19",
            "revenue": 7508583
        },
        "2022-02": {
            "month": "2022-02",
            "price": "221.20",
            "revenue": 6485415
        },
        "2022-03": {
            "month": "2022-03",
            "price": "191.28",
            "revenue": 8401247
        },
        "2022-04": {
            "month": "2022-04",
            "price": "193.08",
            "revenue": 8102945
        },
        "2022-05": {
            "month": "2022-05",
            "price": "179.69",
            "revenue": 8224305
        },
        "2022-06": {
            "month": "2022-06",
            "price": "194.98",
            "revenue": 8435900
        },
        "2022-07": {
            "month": "2022-07",
            "price": "173.81",
            "revenue": 8494558
        },
        "2022-08": {
            "month": "2022-08",
            "price": "171.96",
            "revenue": 8780643
        },
        "2022-09": {
            "month": "2022-09",
            "price": "169.60",
            "revenue": 8606816
        },
        "2022-10": {
            "month": "2022-10",
            "price": "158.50",
            "revenue": 8337692
        },
        "2022-11": {
            "month": "2022-11",
            "price": "178.77",
            "revenue": 7029400
        },
        "2022-12": {
            "month": "2022-12",
            "price": "195.16",
            "revenue": 7494944
        },
        "2023-01": {
            "month": "2023-01",
            "price": "203.96",
            "revenue": 6364254
        },
        "2023-02": {
            "month": "2023-02",
            "price": "191.61",
            "revenue": 6458494
        },
        "2023-03": {
            "month": "2023-03",
            "price": "186.15",
            "revenue": 6540249
        },
        "2023-04": {
            "month": "2023-04",
            "price": "189.88",
            "revenue": 6778833
        },
        "2023-05": {
            "month": "2023-05",
            "price": "193.82",
            "revenue": 6734632
        },
        "2023-06": {
            "month": "2023-06",
            "price": "196.65",
            "revenue": 7282668
        },
        "2023-07": {
            "month": "2023-07",
            "price": "200.93",
            "revenue": 7781588
        },
        "2023-08": {
            "month": "2023-08",
            "price": "178.09",
            "revenue": 8552577
        },
        "2023-09": {
            "month": "2023-09",
            "price": "190.08",
            "revenue": 6737066
        },
        "2023-10": {
            "month": "2023-10",
            "price": "184.02",
            "revenue": 7840298
        },
        "2023-11": {
            "month": "2023-11",
            "price": "183.36",
            "revenue": 7328552
        },
        "2023-12": {
            "month": "2023-12",
            "price": "178.24",
            "revenue": 7368038
        },
        "2024-01": {
            "month": "2024-01",
            "price": "166.09",
            "revenue": 7411390
        },
        "2024-02": {
            "month": "2024-02",
            "price": "165.04",
            "revenue": 5948816
        }
    }
}
