{
    "summary": {
        "stock_name": "櫻花",
        "stock_id": "9911",
        "category": "居家生活",
        "main_business": "除油煙機.瓦斯爐.熱水器.系統廚具",
        "website_url": "http://www.sakura.com.tw",
        "ceo": "李惠恂",
        "pe_ratio": 16,
        "report_year_from": 2001,
        "report_year_to": 2023,
        "age": 23,
        "eps_negative_percentage": 13,
        "eps_growth_avg": {
            "last_all": -0.57,
            "last_2y": 6.32,
            "last_4y": 6.13,
            "last_8y": 11.39,
            "last_12y": 11.67,
            "last_16y": 15.56,
            "last_20y": 4.96,
            "at_2006_last_3y": -79.89,
            "at_2007_last_3y": -79.89,
            "at_2008_last_3y": -68.03,
            "at_2009_last_3y": -14.77,
            "at_2010_last_3y": 32.45,
            "at_2011_last_3y": 18.62,
            "at_2012_last_3y": 26.1,
            "at_2013_last_3y": 19.41,
            "at_2014_last_3y": 12.28,
            "at_2015_last_3y": 16.86,
            "at_2016_last_3y": 31.84,
            "at_2017_last_3y": 18.53,
            "at_2018_last_3y": 17.97,
            "at_2019_last_3y": 21.9,
            "at_2020_last_3y": 10.65,
            "at_2021_last_3y": 8.89,
            "at_2022_last_3y": 6.43,
            "at_2023_last_3y": 4.86,
            "at_2024_last_3y": 4.86,
            "at_2006_last_all": -86.59,
            "at_2007_last_all": -86.59,
            "at_2008_last_all": -76.02,
            "at_2009_last_all": -40.82,
            "at_2010_last_all": -27.07,
            "at_2011_last_all": -26.47,
            "at_2012_last_all": -24.96,
            "at_2013_last_all": -14.05,
            "at_2014_last_all": -11.33,
            "at_2015_last_all": -10.71,
            "at_2016_last_all": -6.03,
            "at_2017_last_all": -4.03,
            "at_2018_last_all": -2.96,
            "at_2019_last_all": -2.01,
            "at_2020_last_all": -1.86,
            "at_2021_last_all": -0.99,
            "at_2022_last_all": -0.87,
            "at_2023_last_all": -0.57,
            "at_2024_last_all": -0.57
        },
        "latest_eps": 4.9,
        "latest_price": 80.5,
        "latest_roe": 18.18,
        "latest_gross_margin": 34.7,
        "latest_equity": 6037838,
        "latest_revenue": 2304146,
        "latest_gross_profit": 799620,
        "latest_net_income": 340375,
        "latest_debt_ratio": 36.67,
        "latest_current_ratio": 174.95,
        "latest_account_receivable_turnover_ratio": 1.94,
        "latest_inventory_turnover_ratio": 1.24,
        "latest_reinvestment_rate": 21.42,
        "latest_research_to_sale_ratio": 0.83
    },
    "eps_dividends": {
        "1991": {
            "cash": 0,
            "stock": 1.04,
            "eps": 0
        },
        "1992": {
            "cash": 0,
            "stock": 1,
            "eps": 0
        },
        "1993": {
            "cash": 0,
            "stock": 1,
            "eps": 0
        },
        "1994": {
            "cash": 0,
            "stock": 2.3,
            "eps": 0
        },
        "1999": {
            "cash": 1,
            "stock": 0,
            "eps": 0
        },
        "2001": {
            "cash": 0,
            "stock": 0,
            "eps": 0.3
        },
        "2002": {
            "cash": 0,
            "stock": 1,
            "eps": -3.27
        },
        "2003": {
            "cash": 0,
            "stock": 1,
            "eps": -0.35
        },
        "2004": {
            "cash": 0,
            "stock": 0,
            "eps": 0.92
        },
        "2005": {
            "cash": 0.25,
            "stock": 0.2,
            "eps": 0.37
        },
        "2006": {
            "cash": 0.1,
            "stock": 0.2,
            "eps": -0.42
        },
        "2007": {
            "cash": 0,
            "stock": 0,
            "eps": 0.79
        },
        "2008": {
            "cash": 0.2,
            "stock": 0.1,
            "eps": 0.44
        },
        "2009": {
            "cash": 0.1,
            "stock": 0.2,
            "eps": 1.08
        },
        "2010": {
            "cash": 0.4,
            "stock": 0.2,
            "eps": 1.53
        },
        "2011": {
            "cash": 1.4,
            "stock": 0.2,
            "eps": 1.18
        },
        "2012": {
            "cash": 0,
            "stock": 0,
            "eps": 1.01
        },
        "2013": {
            "cash": 0.7,
            "stock": 0,
            "eps": 1.75
        },
        "2014": {
            "cash": 1.2,
            "stock": 0,
            "eps": 1.98
        },
        "2015": {
            "cash": 1.3,
            "stock": 0,
            "eps": 1.89
        },
        "2016": {
            "cash": 1.3,
            "stock": 0,
            "eps": 2.75
        },
        "2017": {
            "cash": 2.5,
            "stock": 0,
            "eps": 3.3
        },
        "2018": {
            "cash": 2.6,
            "stock": 0,
            "eps": 3.66
        },
        "2019": {
            "cash": 2.65,
            "stock": 0,
            "eps": 4.07
        },
        "2020": {
            "cash": 2.65,
            "stock": 0,
            "eps": 4.09
        },
        "2021": {
            "cash": 3.2,
            "stock": 0,
            "eps": 4.62
        },
        "2022": {
            "cash": 3.6,
            "stock": 0,
            "eps": 4.67
        },
        "2023": {
            "cash": 3.7,
            "stock": 0,
            "eps": 4.9
        },
        "2024": {
            "cash": 3.88,
            "stock": 0,
            "eps": 0
        }
    },
    "dividends": {
        "1991-05-18": {
            "cash": 0,
            "stock": 1.04
        },
        "1992-05-30": {
            "cash": 0,
            "stock": 1
        },
        "1993-04-15": {
            "cash": 0,
            "stock": 1
        },
        "1994-04-20": {
            "cash": 0,
            "stock": 2.3
        },
        "1999-06-22": {
            "cash": 1,
            "stock": 0
        },
        "2002-06-04": {
            "cash": 0,
            "stock": 1
        },
        "2003-05-30": {
            "cash": 0,
            "stock": 1
        },
        "2005-03-17": {
            "cash": 0.25,
            "stock": 0.2
        },
        "2006-04-26": {
            "cash": 0.1,
            "stock": 0.2
        },
        "2008-04-18": {
            "cash": 0.2,
            "stock": 0.1
        },
        "2009-04-27": {
            "cash": 0.1,
            "stock": 0.2
        },
        "2010-06-09": {
            "cash": 0.4,
            "stock": 0.2
        },
        "2011-01-01": {
            "cash": 0.7,
            "stock": 0
        },
        "2011-04-18": {
            "cash": 0.7,
            "stock": 0.2
        },
        "2013-04-19": {
            "cash": 0.7,
            "stock": 0
        },
        "2014-06-17": {
            "cash": 1.2,
            "stock": 0
        },
        "2015-07-31": {
            "cash": 1.3,
            "stock": 0
        },
        "2016-09-14": {
            "cash": 1.3,
            "stock": 0
        },
        "2017-07-31": {
            "cash": 2.5,
            "stock": 0
        },
        "2018-07-27": {
            "cash": 2.6,
            "stock": 0
        },
        "2019-08-14": {
            "cash": 2.65,
            "stock": 0
        },
        "2020-07-22": {
            "cash": 2.65,
            "stock": 0
        },
        "2021-07-16": {
            "cash": 3.2,
            "stock": 0
        },
        "2022-07-15": {
            "cash": 3.6,
            "stock": 0
        },
        "2023-07-21": {
            "cash": 3.7,
            "stock": 0
        },
        "2024-05-22": {
            "cash": 3.88,
            "stock": 0
        }
    },
    "prices": {
        "200101": "5.97",
        "200102": "6.95",
        "200103": "12.58",
        "200104": "14.26",
        "200105": "10.67",
        "200106": "10.88",
        "200107": "10.38",
        "200108": "9.17",
        "200109": "5.69",
        "200110": "4.55",
        "200111": "13.11",
        "200112": "12.65",
        "200201": "13.52",
        "200202": "14.61",
        "200203": "14.40",
        "200204": "14.62",
        "200205": "12.95",
        "200206": "12.90",
        "200207": "10.93",
        "200208": "11.84",
        "200209": "9.68",
        "200210": "7.78",
        "200211": "11.45",
        "200212": "10.96",
        "200301": "11.45",
        "200302": "11.42",
        "200303": "10.59",
        "200304": "9.40",
        "200305": "7.47",
        "200306": "9.13",
        "200307": "9.13",
        "200308": "9.46",
        "200309": "8.87",
        "200310": "9.39",
        "200311": "9.66",
        "200312": "8.87",
        "200401": "9.74",
        "200402": "12.46",
        "200403": "12.90",
        "200404": "12.01",
        "200405": "10.56",
        "200406": "9.81",
        "200407": "9.00",
        "200408": "8.75",
        "200409": "9.20",
        "200410": "8.98",
        "200411": "8.90",
        "200412": "9.11",
        "200501": "9.37",
        "200502": "9.17",
        "200503": "8.91",
        "200504": "7.99",
        "200505": "7.90",
        "200506": "8.28",
        "200507": "7.99",
        "200508": "8.08",
        "200509": "8.17",
        "200510": "7.08",
        "200511": "6.94",
        "200512": "7.31",
        "200601": "7.04",
        "200602": "6.65",
        "200603": "5.17",
        "200604": "5.18",
        "200605": "5.92",
        "200606": "5.30",
        "200607": "5.16",
        "200608": "5.02",
        "200609": "5.16",
        "200610": "6.56",
        "200611": "6.88",
        "200612": "8.36",
        "200701": "10.95",
        "200702": "10.07",
        "200703": "9.47",
        "200704": "10.43",
        "200705": "9.40",
        "200706": "9.52",
        "200707": "11.04",
        "200708": "13.16",
        "200709": "13.92",
        "200710": "12.85",
        "200711": "11.18",
        "200712": "10.65",
        "200801": "10.72",
        "200802": "10.96",
        "200803": "12.64",
        "200804": "13.77",
        "200805": "14.51",
        "200806": "12.44",
        "200807": "11.19",
        "200808": "11.04",
        "200809": "7.68",
        "200810": "6.64",
        "200811": "7.10",
        "200812": "7.56",
        "200901": "7.45",
        "200902": "7.61",
        "200903": "10.47",
        "200904": "13.07",
        "200905": "14.00",
        "200906": "13.43",
        "200907": "13.82",
        "200908": "12.75",
        "200909": "12.81",
        "200910": "13.49",
        "200911": "15.63",
        "200912": "16.30",
        "201001": "16.00",
        "201002": "14.69",
        "201003": "18.79",
        "201004": "21.49",
        "201005": "21.52",
        "201006": "22.92",
        "201007": "26.40",
        "201008": "29.18",
        "201009": "27.98",
        "201010": "25.81",
        "201011": "24.13",
        "201012": "25.52",
        "201101": "23.69",
        "201102": "21.67",
        "201103": "22.96",
        "201104": "24.45",
        "201105": "22.81",
        "201106": "21.06",
        "201107": "20.95",
        "201108": "20.01",
        "201109": "16.94",
        "201110": "16.57",
        "201111": "17.05",
        "201112": "15.60",
        "201201": "16.29",
        "201202": "18.09",
        "201203": "18.35",
        "201204": "16.28",
        "201205": "15.37",
        "201206": "15.01",
        "201207": "14.77",
        "201208": "15.07",
        "201209": "15.34",
        "201210": "16.45",
        "201211": "15.89",
        "201212": "16.69",
        "201301": "17.11",
        "201302": "17.08",
        "201303": "16.34",
        "201304": "16.08",
        "201305": "16.73",
        "201306": "16.55",
        "201307": "16.12",
        "201308": "16.31",
        "201309": "17.77",
        "201310": "18.97",
        "201311": "18.98",
        "201312": "20.41",
        "201401": "20.11",
        "201402": "19.95",
        "201403": "22.90",
        "201404": "22.63",
        "201405": "21.60",
        "201406": "21.58",
        "201407": "21.10",
        "201408": "22.25",
        "201409": "21.31",
        "201410": "20.50",
        "201411": "21.15",
        "201412": "22.11",
        "201501": "22.00",
        "201502": "21.90",
        "201503": "22.01",
        "201504": "22.97",
        "201505": "22.58",
        "201506": "21.35",
        "201507": "20.11",
        "201508": "17.58",
        "201509": "15.69",
        "201510": "17.14",
        "201511": "18.09",
        "201512": "18.17",
        "201601": "17.95",
        "201602": "18.45",
        "201603": "19.20",
        "201604": "20.27",
        "201605": "23.75",
        "201606": "27.17",
        "201607": "31.25",
        "201608": "35.21",
        "201609": "33.12",
        "201610": "35.04",
        "201611": "35.87",
        "201612": "34.96",
        "201701": "31.68",
        "201702": "34.04",
        "201703": "35.89",
        "201704": "34.22",
        "201705": "34.92",
        "201706": "35.78",
        "201707": "35.32",
        "201708": "37.96",
        "201709": "39.90",
        "201710": "39.63",
        "201711": "38.53",
        "201712": "37.23",
        "201801": "38.09",
        "201802": "37.77",
        "201803": "37.81",
        "201804": "37.87",
        "201805": "38.89",
        "201806": "39.70",
        "201807": "37.55",
        "201808": "38.53",
        "201809": "37.93",
        "201810": "35.42",
        "201811": "35.30",
        "201812": "35.76",
        "201901": "37.40",
        "201902": "38.94",
        "201903": "40.48",
        "201904": "42.32",
        "201905": "42.70",
        "201906": "44.58",
        "201907": "47.38",
        "201908": "43.97",
        "201909": "43.15",
        "201910": "46.70",
        "201911": "47.11",
        "201912": "47.20",
        "202001": "47.68",
        "202002": "46.93",
        "202003": "42.60",
        "202004": "44.66",
        "202005": "46.73",
        "202006": "47.82",
        "202007": "48.19",
        "202008": "48.81",
        "202009": "47.26",
        "202010": "48.94",
        "202011": "50.79",
        "202012": "52.24",
        "202101": "51.04",
        "202102": "51.75",
        "202103": "55.37",
        "202104": "63.31",
        "202105": "64.01",
        "202106": "69.08",
        "202107": "66.20",
        "202108": "67.74",
        "202109": "69.68",
        "202110": "69.56",
        "202111": "69.51",
        "202112": "67.95",
        "202201": "68.04",
        "202202": "68.15",
        "202203": "65.73",
        "202204": "63.97",
        "202205": "63.52",
        "202206": "63.63",
        "202207": "61.48",
        "202208": "64.42",
        "202209": "62.69",
        "202210": "60.92",
        "202211": "60.40",
        "202212": "62.47",
        "202301": "62.92",
        "202302": "64.06",
        "202303": "64.07",
        "202304": "63.99",
        "202305": "64.92",
        "202306": "65.76",
        "202307": "62.99",
        "202308": "62.75",
        "202309": "63.65",
        "202310": "64.12",
        "202311": "65.65",
        "202312": "68.84"
    },
    "quarters": {
        "20011": {
            "year_quarter": 20011,
            "year": 2001,
            "quarter": 1,
            "eps": 0.11,
            "eps_growth_year": -47.62,
            "eps_4q": -1.05,
            "eps_4q_growth_year": null,
            "roe": 1.31,
            "roe_4q": 1.31,
            "gross_profit": 147847,
            "gross_margin": 33.76,
            "gross_margin_4q_avg": 33.76,
            "net_income": 41974,
            "net_income_4q": null,
            "revenue": 437939,
            "revenue_4q": null,
            "common_shares": 3779792,
            "book_valuer_per_share": 8.52,
            "book_valuer_per_share_4q_avg": 8.52,
            "equity": 3219119,
            "current_ratio": 79,
            "debt_ratio": 45.12,
            "inventory_turnover_ratio": 0.94,
            "account_receivable_turnover_ratio": null,
            "reinvestment_rate": null,
            "research_to_sale_ratio": null,
            "price_fair": 0,
            "eps_avg_yearly": 0,
            "eps_latest_yearly": 0,
            "eps_growth_yearly": 0
        },
        "20012": {
            "year_quarter": 20012,
            "year": 2001,
            "quarter": 2,
            "eps": -0.34,
            "eps_growth_year": null,
            "eps_4q": -1.03,
            "eps_4q_growth_year": null,
            "roe": -3.98,
            "roe_4q": -2.67,
            "gross_profit": 96435,
            "gross_margin": 31.57,
            "gross_margin_4q_avg": 32.67,
            "net_income": -127440,
            "net_income_4q": null,
            "revenue": 305463,
            "revenue_4q": null,
            "common_shares": 3779792,
            "book_valuer_per_share": 8.41,
            "book_valuer_per_share_4q_avg": 8.47,
            "equity": 3178049,
            "current_ratio": 78.88,
            "debt_ratio": 45.87,
            "inventory_turnover_ratio": 1.55,
            "account_receivable_turnover_ratio": null,
            "reinvestment_rate": null,
            "research_to_sale_ratio": null,
            "price_fair": 0,
            "eps_avg_yearly": 0,
            "eps_latest_yearly": 0,
            "eps_growth_yearly": 0
        },
        "20013": {
            "year_quarter": 20013,
            "year": 2001,
            "quarter": 3,
            "eps": -0.3,
            "eps_growth_year": null,
            "eps_4q": -2.22,
            "eps_4q_growth_year": null,
            "roe": -1.82,
            "roe_4q": -4.49,
            "gross_profit": 93877,
            "gross_margin": 30.03,
            "gross_margin_4q_avg": 31.79,
            "net_income": -57311,
            "net_income_4q": null,
            "revenue": 312626,
            "revenue_4q": null,
            "common_shares": 1889896,
            "book_valuer_per_share": 16.54,
            "book_valuer_per_share_4q_avg": 11.16,
            "equity": 3126468,
            "current_ratio": 67.95,
            "debt_ratio": 45.52,
            "inventory_turnover_ratio": 1.53,
            "account_receivable_turnover_ratio": null,
            "reinvestment_rate": null,
            "research_to_sale_ratio": null,
            "price_fair": 0,
            "eps_avg_yearly": 0,
            "eps_latest_yearly": 0,
            "eps_growth_yearly": 0
        },
        "20014": {
            "year_quarter": 20014,
            "year": 2001,
            "quarter": 4,
            "eps": 0.83,
            "eps_growth_year": null,
            "eps_4q": 0.07,
            "eps_4q_growth_year": null,
            "roe": 4.89,
            "roe_4q": 0.39999999999999947,
            "gross_profit": 126658,
            "gross_margin": 32.03,
            "gross_margin_4q_avg": 31.85,
            "net_income": 156523,
            "net_income_4q": null,
            "revenue": 395429,
            "revenue_4q": null,
            "common_shares": 1889896,
            "book_valuer_per_share": 17.35,
            "book_valuer_per_share_4q_avg": 12.71,
            "equity": 3279178,
            "current_ratio": 173.51,
            "debt_ratio": 55.15,
            "inventory_turnover_ratio": 0.73,
            "account_receivable_turnover_ratio": null,
            "reinvestment_rate": null,
            "research_to_sale_ratio": null,
            "price_fair": 0,
            "eps_avg_yearly": 0,
            "eps_latest_yearly": 0,
            "eps_growth_yearly": 0
        },
        "20021": {
            "year_quarter": 20021,
            "year": 2002,
            "quarter": 1,
            "eps": -0.21,
            "eps_growth_year": -290.91,
            "eps_4q": -0.36,
            "eps_4q_growth_year": null,
            "roe": -1.22,
            "roe_4q": -2.13,
            "gross_profit": 112051,
            "gross_margin": 30.08,
            "gross_margin_4q_avg": 30.93,
            "net_income": -39665,
            "net_income_4q": null,
            "revenue": 372484,
            "revenue_4q": null,
            "common_shares": 1889896,
            "book_valuer_per_share": 17.14,
            "book_valuer_per_share_4q_avg": 14.86,
            "equity": 3238522,
            "current_ratio": 80.16,
            "debt_ratio": 42.75,
            "inventory_turnover_ratio": 0.71,
            "account_receivable_turnover_ratio": null,
            "reinvestment_rate": null,
            "research_to_sale_ratio": null,
            "price_fair": 0,
            "eps_avg_yearly": 0,
            "eps_latest_yearly": 0,
            "eps_growth_yearly": 0
        },
        "20022": {
            "year_quarter": 20022,
            "year": 2002,
            "quarter": 2,
            "eps": -0.54,
            "eps_growth_year": null,
            "eps_4q": -0.27,
            "eps_4q_growth_year": null,
            "roe": -3.53,
            "roe_4q": -1.6800000000000004,
            "gross_profit": 95717,
            "gross_margin": 28.16,
            "gross_margin_4q_avg": 30.08,
            "net_income": -111019,
            "net_income_4q": null,
            "revenue": 339870,
            "revenue_4q": null,
            "common_shares": 1889896,
            "book_valuer_per_share": 16.19,
            "book_valuer_per_share_4q_avg": 16.81,
            "equity": 3059085,
            "current_ratio": 78.04,
            "debt_ratio": 44.52,
            "inventory_turnover_ratio": 1.73,
            "account_receivable_turnover_ratio": null,
            "reinvestment_rate": null,
            "research_to_sale_ratio": null,
            "price_fair": 0,
            "eps_avg_yearly": 0,
            "eps_latest_yearly": 0,
            "eps_growth_yearly": 0
        },
        "20023": {
            "year_quarter": 20023,
            "year": 2002,
            "quarter": 3,
            "eps": 0.25,
            "eps_growth_year": null,
            "eps_4q": 0.28,
            "eps_4q_growth_year": null,
            "roe": 1.66,
            "roe_4q": 1.7999999999999998,
            "gross_profit": 110150,
            "gross_margin": 29.62,
            "gross_margin_4q_avg": 29.97,
            "net_income": 51797,
            "net_income_4q": null,
            "revenue": 371824,
            "revenue_4q": null,
            "common_shares": 2078886,
            "book_valuer_per_share": 15.27,
            "book_valuer_per_share_4q_avg": 16.49,
            "equity": 3175493,
            "current_ratio": 64.78,
            "debt_ratio": 44.09,
            "inventory_turnover_ratio": 1.81,
            "account_receivable_turnover_ratio": null,
            "reinvestment_rate": null,
            "research_to_sale_ratio": null,
            "price_fair": 0,
            "eps_avg_yearly": 0,
            "eps_latest_yearly": 0,
            "eps_growth_yearly": 0
        },
        "20024": {
            "year_quarter": 20024,
            "year": 2002,
            "quarter": 4,
            "eps": -2.77,
            "eps_growth_year": -433.73,
            "eps_4q": -3.25,
            "eps_4q_growth_year": -4558.71,
            "roe": -19.72,
            "roe_4q": -22.81,
            "gross_profit": 105610,
            "gross_margin": 23.79,
            "gross_margin_4q_avg": 27.91,
            "net_income": -569116,
            "net_income_4q": null,
            "revenue": 443917,
            "revenue_4q": null,
            "common_shares": 2078886,
            "book_valuer_per_share": 12.49,
            "book_valuer_per_share_4q_avg": 15.27,
            "equity": 2596110,
            "current_ratio": 93.92,
            "debt_ratio": 57.56,
            "inventory_turnover_ratio": 1.02,
            "account_receivable_turnover_ratio": null,
            "reinvestment_rate": null,
            "research_to_sale_ratio": null,
            "price_fair": 0,
            "eps_avg_yearly": 0,
            "eps_latest_yearly": 0,
            "eps_growth_yearly": 0
        },
        "20031": {
            "year_quarter": 20031,
            "year": 2003,
            "quarter": 1,
            "eps": -0.18,
            "eps_growth_year": null,
            "eps_4q": -3.17,
            "eps_4q_growth_year": null,
            "roe": -1.47,
            "roe_4q": -23.06,
            "gross_profit": 128567,
            "gross_margin": 26.04,
            "gross_margin_4q_avg": 26.9,
            "net_income": -37882,
            "net_income_4q": null,
            "revenue": 493761,
            "revenue_4q": null,
            "common_shares": 2078886,
            "book_valuer_per_share": 12.28,
            "book_valuer_per_share_4q_avg": 14.06,
            "equity": 2553173,
            "current_ratio": 39.77,
            "debt_ratio": 50.04,
            "inventory_turnover_ratio": 1.04,
            "account_receivable_turnover_ratio": null,
            "reinvestment_rate": null,
            "research_to_sale_ratio": null,
            "price_fair": 0,
            "eps_avg_yearly": 0,
            "eps_latest_yearly": 0,
            "eps_growth_yearly": 0
        },
        "20032": {
            "year_quarter": 20032,
            "year": 2003,
            "quarter": 2,
            "eps": -0.15,
            "eps_growth_year": null,
            "eps_4q": -2.84,
            "eps_4q_growth_year": null,
            "roe": -1.36,
            "roe_4q": -20.889999999999997,
            "gross_profit": 96525,
            "gross_margin": 23.75,
            "gross_margin_4q_avg": 25.8,
            "net_income": -34508,
            "net_income_4q": null,
            "revenue": 406363,
            "revenue_4q": null,
            "common_shares": 2078886,
            "book_valuer_per_share": 12.08,
            "book_valuer_per_share_4q_avg": 13.03,
            "equity": 2511878,
            "current_ratio": 43.27,
            "debt_ratio": 50.69,
            "inventory_turnover_ratio": 1.75,
            "account_receivable_turnover_ratio": null,
            "reinvestment_rate": null,
            "research_to_sale_ratio": null,
            "price_fair": 0,
            "eps_avg_yearly": 0,
            "eps_latest_yearly": 0,
            "eps_growth_yearly": 0
        },
        "20033": {
            "year_quarter": 20033,
            "year": 2003,
            "quarter": 3,
            "eps": -0.05,
            "eps_growth_year": -120,
            "eps_4q": -2.85,
            "eps_4q_growth_year": -1124.67,
            "roe": -0.42,
            "roe_4q": -22.97,
            "gross_profit": 92827,
            "gross_margin": 22.34,
            "gross_margin_4q_avg": 23.98,
            "net_income": -10327,
            "net_income_4q": null,
            "revenue": 415529,
            "revenue_4q": null,
            "common_shares": 2286775,
            "book_valuer_per_share": 10.76,
            "book_valuer_per_share_4q_avg": 11.9,
            "equity": 2459578,
            "current_ratio": 55.13,
            "debt_ratio": 51.4,
            "inventory_turnover_ratio": 2.08,
            "account_receivable_turnover_ratio": null,
            "reinvestment_rate": null,
            "research_to_sale_ratio": null,
            "price_fair": 0,
            "eps_avg_yearly": 0,
            "eps_latest_yearly": 0,
            "eps_growth_yearly": 0
        },
        "20034": {
            "year_quarter": 20034,
            "year": 2003,
            "quarter": 4,
            "eps": 0.03,
            "eps_growth_year": null,
            "eps_4q": -0.37,
            "eps_4q_growth_year": null,
            "roe": 0.25,
            "roe_4q": -3,
            "gross_profit": 164232,
            "gross_margin": 27.66,
            "gross_margin_4q_avg": 24.95,
            "net_income": 6219,
            "net_income_4q": null,
            "revenue": 593737,
            "revenue_4q": null,
            "common_shares": 2286775,
            "book_valuer_per_share": 10.7,
            "book_valuer_per_share_4q_avg": 11.46,
            "equity": 2557201,
            "current_ratio": 97.44,
            "debt_ratio": 55.54,
            "inventory_turnover_ratio": 1.34,
            "account_receivable_turnover_ratio": null,
            "reinvestment_rate": null,
            "research_to_sale_ratio": null,
            "price_fair": 0,
            "eps_avg_yearly": 0,
            "eps_latest_yearly": 0,
            "eps_growth_yearly": 0
        },
        "20041": {
            "year_quarter": 20041,
            "year": 2004,
            "quarter": 1,
            "eps": 0.41,
            "eps_growth_year": null,
            "eps_4q": 0.24,
            "eps_4q_growth_year": null,
            "roe": 3.65,
            "roe_4q": 2.12,
            "gross_profit": 154429,
            "gross_margin": 27.36,
            "gross_margin_4q_avg": 25.28,
            "net_income": 91977,
            "net_income_4q": null,
            "revenue": 564431,
            "revenue_4q": null,
            "common_shares": 2286775,
            "book_valuer_per_share": 10.87,
            "book_valuer_per_share_4q_avg": 11.1,
            "equity": 2486203,
            "current_ratio": 73.96,
            "debt_ratio": 42.1,
            "inventory_turnover_ratio": 1.2,
            "account_receivable_turnover_ratio": null,
            "reinvestment_rate": null,
            "research_to_sale_ratio": null,
            "price_fair": 57.4,
            "eps_avg_yearly": 1.64,
            "eps_latest_yearly": 1.64,
            "eps_growth_yearly": 5066.67
        },
        "20042": {
            "year_quarter": 20042,
            "year": 2004,
            "quarter": 2,
            "eps": 0.15,
            "eps_growth_year": null,
            "eps_4q": 0.53,
            "eps_4q_growth_year": null,
            "roe": 1.37,
            "roe_4q": 4.85,
            "gross_profit": 133686,
            "gross_margin": 24.09,
            "gross_margin_4q_avg": 25.36,
            "net_income": 34467,
            "net_income_4q": null,
            "revenue": 555038,
            "revenue_4q": null,
            "common_shares": 2286775,
            "book_valuer_per_share": 11.14,
            "book_valuer_per_share_4q_avg": 10.87,
            "equity": 2547149,
            "current_ratio": 73.99,
            "debt_ratio": 42.08,
            "inventory_turnover_ratio": 2.21,
            "account_receivable_turnover_ratio": null,
            "reinvestment_rate": null,
            "research_to_sale_ratio": null,
            "price_fair": 39.2,
            "eps_avg_yearly": 1.12,
            "eps_latest_yearly": 0.6,
            "eps_growth_yearly": 2406.5
        },
        "20043": {
            "year_quarter": 20043,
            "year": 2004,
            "quarter": 3,
            "eps": 0.19,
            "eps_growth_year": null,
            "eps_4q": 0.78,
            "eps_4q_growth_year": null,
            "roe": 1.66,
            "roe_4q": 6.93,
            "gross_profit": 127060,
            "gross_margin": 24.7,
            "gross_margin_4q_avg": 25.95,
            "net_income": 42680,
            "net_income_4q": null,
            "revenue": 514318,
            "revenue_4q": null,
            "common_shares": 2286775,
            "book_valuer_per_share": 11.36,
            "book_valuer_per_share_4q_avg": 11.02,
            "equity": 2597199,
            "current_ratio": 71.99,
            "debt_ratio": 42.84,
            "inventory_turnover_ratio": 1.81,
            "account_receivable_turnover_ratio": null,
            "reinvestment_rate": null,
            "research_to_sale_ratio": null,
            "price_fair": 35,
            "eps_avg_yearly": 1,
            "eps_latest_yearly": 0.76,
            "eps_growth_yearly": 1639.89
        },
        "20044": {
            "year_quarter": 20044,
            "year": 2004,
            "quarter": 4,
            "eps": 0.17,
            "eps_growth_year": 466.67,
            "eps_4q": 0.93,
            "eps_4q_growth_year": null,
            "roe": 1.44,
            "roe_4q": 8.12,
            "gross_profit": 162495,
            "gross_margin": 24.56,
            "gross_margin_4q_avg": 25.18,
            "net_income": 37773,
            "net_income_4q": null,
            "revenue": 661722,
            "revenue_4q": null,
            "common_shares": 2286775,
            "book_valuer_per_share": 11.18,
            "book_valuer_per_share_4q_avg": 11.14,
            "equity": 2656484,
            "current_ratio": 114.99,
            "debt_ratio": 53.56,
            "inventory_turnover_ratio": 1.23,
            "account_receivable_turnover_ratio": null,
            "reinvestment_rate": null,
            "research_to_sale_ratio": null,
            "price_fair": 32.2,
            "eps_avg_yearly": 0.92,
            "eps_latest_yearly": 0.68,
            "eps_growth_yearly": 1219.39
        },
        "20051": {
            "year_quarter": 20051,
            "year": 2005,
            "quarter": 1,
            "eps": 0.01,
            "eps_growth_year": -97.56,
            "eps_4q": 0.43,
            "eps_4q_growth_year": 82.81,
            "roe": 0.1,
            "roe_4q": 4.57,
            "gross_profit": 164633,
            "gross_margin": 25.53,
            "gross_margin_4q_avg": 24.72,
            "net_income": 2705,
            "net_income_4q": null,
            "revenue": 644916,
            "revenue_4q": null,
            "common_shares": 2286775,
            "book_valuer_per_share": 11.13,
            "book_valuer_per_share_4q_avg": 11.2,
            "equity": 2545591,
            "current_ratio": 85.71,
            "debt_ratio": 42.67,
            "inventory_turnover_ratio": 1.22,
            "account_receivable_turnover_ratio": null,
            "reinvestment_rate": null,
            "research_to_sale_ratio": null,
            "price_fair": 26.04,
            "eps_avg_yearly": 0.74,
            "eps_latest_yearly": 0.04,
            "eps_growth_yearly": 900.22
        },
        "20052": {
            "year_quarter": 20052,
            "year": 2005,
            "quarter": 2,
            "eps": 0.12,
            "eps_growth_year": -20,
            "eps_4q": 0.47,
            "eps_4q_growth_year": -11.22,
            "roe": 1.12,
            "roe_4q": 4.32,
            "gross_profit": 136629,
            "gross_margin": 23.47,
            "gross_margin_4q_avg": 24.57,
            "net_income": 28296,
            "net_income_4q": null,
            "revenue": 582187,
            "revenue_4q": null,
            "common_shares": 2335306,
            "book_valuer_per_share": 10.76,
            "book_valuer_per_share_4q_avg": 11.11,
            "equity": 2513044,
            "current_ratio": 126.62,
            "debt_ratio": 40.82,
            "inventory_turnover_ratio": 2.21,
            "account_receivable_turnover_ratio": null,
            "reinvestment_rate": null,
            "research_to_sale_ratio": null,
            "price_fair": 24.5,
            "eps_avg_yearly": 0.7,
            "eps_latest_yearly": 0.48,
            "eps_growth_yearly": 1483.52
        },
        "20053": {
            "year_quarter": 20053,
            "year": 2005,
            "quarter": 3,
            "eps": -0.1,
            "eps_growth_year": -152.63,
            "eps_4q": 0.19,
            "eps_4q_growth_year": -75.04,
            "roe": -0.92,
            "roe_4q": 1.74,
            "gross_profit": 131633,
            "gross_margin": 23.26,
            "gross_margin_4q_avg": 24.21,
            "net_income": -23277,
            "net_income_4q": null,
            "revenue": 565836,
            "revenue_4q": null,
            "common_shares": 2335306,
            "book_valuer_per_share": 10.89,
            "book_valuer_per_share_4q_avg": 10.99,
            "equity": 2544036,
            "current_ratio": 117.76,
            "debt_ratio": 40.16,
            "inventory_turnover_ratio": 2.24,
            "account_receivable_turnover_ratio": null,
            "reinvestment_rate": null,
            "research_to_sale_ratio": null,
            "price_fair": 24.5,
            "eps_avg_yearly": 0.7,
            "eps_latest_yearly": 0.48,
            "eps_growth_yearly": 1483.52
        },
        "20054": {
            "year_quarter": 20054,
            "year": 2005,
            "quarter": 4,
            "eps": 0.34,
            "eps_growth_year": 100,
            "eps_4q": 0.37,
            "eps_4q_growth_year": -59.93,
            "roe": 3.03,
            "roe_4q": 3.33,
            "gross_profit": 207975,
            "gross_margin": 26.91,
            "gross_margin_4q_avg": 24.79,
            "net_income": 79366,
            "net_income_4q": null,
            "revenue": 772823,
            "revenue_4q": null,
            "common_shares": 2335306,
            "book_valuer_per_share": 11.18,
            "book_valuer_per_share_4q_avg": 10.99,
            "equity": 2690055,
            "current_ratio": 121.55,
            "debt_ratio": 43.7,
            "inventory_turnover_ratio": 1.75,
            "account_receivable_turnover_ratio": null,
            "reinvestment_rate": null,
            "research_to_sale_ratio": null,
            "price_fair": 24.5,
            "eps_avg_yearly": 0.7,
            "eps_latest_yearly": 0.48,
            "eps_growth_yearly": 1483.52
        },
        "20061": {
            "year_quarter": 20061,
            "year": 2006,
            "quarter": 1,
            "eps": -0.41,
            "eps_growth_year": -4200,
            "eps_4q": -0.04,
            "eps_4q_growth_year": -110.31,
            "roe": -3.64,
            "roe_4q": -0.41000000000000014,
            "gross_profit": 180839,
            "gross_margin": 27.11,
            "gross_margin_4q_avg": 25.19,
            "net_income": -94744,
            "net_income_4q": null,
            "revenue": 666986,
            "revenue_4q": null,
            "common_shares": 2335306,
            "book_valuer_per_share": 10.75,
            "book_valuer_per_share_4q_avg": 10.9,
            "equity": 2509698,
            "current_ratio": 103.53,
            "debt_ratio": 39.37,
            "inventory_turnover_ratio": 1.45,
            "account_receivable_turnover_ratio": null,
            "reinvestment_rate": null,
            "research_to_sale_ratio": null,
            "price_fair": 24.5,
            "eps_avg_yearly": 0.7,
            "eps_latest_yearly": 0.48,
            "eps_growth_yearly": 1483.52
        },
        "20062": {
            "year_quarter": 20062,
            "year": 2006,
            "quarter": 2,
            "eps": 0.17,
            "eps_growth_year": 41.67,
            "eps_4q": 0.01,
            "eps_4q_growth_year": -98.91,
            "roe": 1.59,
            "roe_4q": 0.05999999999999994,
            "gross_profit": 148843,
            "gross_margin": 23.04,
            "gross_margin_4q_avg": 25.08,
            "net_income": 39860,
            "net_income_4q": null,
            "revenue": 645937,
            "revenue_4q": null,
            "common_shares": 2335306,
            "book_valuer_per_share": 10.77,
            "book_valuer_per_share_4q_avg": 10.9,
            "equity": 2514609,
            "current_ratio": 123.81,
            "debt_ratio": 40.17,
            "inventory_turnover_ratio": 2.24,
            "account_receivable_turnover_ratio": null,
            "reinvestment_rate": null,
            "research_to_sale_ratio": null,
            "price_fair": 24.5,
            "eps_avg_yearly": 0.7,
            "eps_latest_yearly": 0.48,
            "eps_growth_yearly": 1483.52
        },
        "20063": {
            "year_quarter": 20063,
            "year": 2006,
            "quarter": 3,
            "eps": -0.32,
            "eps_growth_year": null,
            "eps_4q": -0.22,
            "eps_4q_growth_year": -211.02,
            "roe": -3.05,
            "roe_4q": -2.07,
            "gross_profit": 125950,
            "gross_margin": 20.64,
            "gross_margin_4q_avg": 24.43,
            "net_income": -76002,
            "net_income_4q": null,
            "revenue": 610245,
            "revenue_4q": null,
            "common_shares": 2382012,
            "book_valuer_per_share": 10.38,
            "book_valuer_per_share_4q_avg": 10.77,
            "equity": 2472487,
            "current_ratio": 122.98,
            "debt_ratio": 40.11,
            "inventory_turnover_ratio": 2.09,
            "account_receivable_turnover_ratio": null,
            "reinvestment_rate": null,
            "research_to_sale_ratio": null,
            "price_fair": 24.5,
            "eps_avg_yearly": 0.7,
            "eps_latest_yearly": 0.48,
            "eps_growth_yearly": 1483.52
        },
        "20064": {
            "year_quarter": 20064,
            "year": 2006,
            "quarter": 4,
            "eps": 0.14,
            "eps_growth_year": -58.82,
            "eps_4q": -0.43,
            "eps_4q_growth_year": -216.51,
            "roe": 1.26,
            "roe_4q": -3.84,
            "gross_profit": 160254,
            "gross_margin": 22.95,
            "gross_margin_4q_avg": 23.44,
            "net_income": 31885,
            "net_income_4q": null,
            "revenue": 698317,
            "revenue_4q": null,
            "common_shares": 2382012,
            "book_valuer_per_share": 10.49,
            "book_valuer_per_share_4q_avg": 10.6,
            "equity": 2580415,
            "current_ratio": 148.54,
            "debt_ratio": 43.4,
            "inventory_turnover_ratio": 1.8,
            "account_receivable_turnover_ratio": null,
            "reinvestment_rate": -697.78,
            "research_to_sale_ratio": null,
            "price_fair": 24.5,
            "eps_avg_yearly": 0.7,
            "eps_latest_yearly": 0.48,
            "eps_growth_yearly": 1483.52
        },
        "20071": {
            "year_quarter": 20071,
            "year": 2007,
            "quarter": 1,
            "eps": 0.14,
            "eps_growth_year": null,
            "eps_4q": 0.12,
            "eps_4q_growth_year": null,
            "roe": 1.3,
            "roe_4q": 1.1000000000000003,
            "gross_profit": 178183,
            "gross_margin": 23.88,
            "gross_margin_4q_avg": 22.63,
            "net_income": 33474,
            "net_income_4q": null,
            "revenue": 746046,
            "revenue_4q": null,
            "common_shares": 2382012,
            "book_valuer_per_share": 10.73,
            "book_valuer_per_share_4q_avg": 10.59,
            "equity": 2556909,
            "current_ratio": 151.71,
            "debt_ratio": 38.99,
            "inventory_turnover_ratio": 1.94,
            "account_receivable_turnover_ratio": null,
            "reinvestment_rate": -148.32,
            "research_to_sale_ratio": null,
            "price_fair": 23.8,
            "eps_avg_yearly": 0.68,
            "eps_latest_yearly": 0.56,
            "eps_growth_yearly": 1271.59
        },
        "20072": {
            "year_quarter": 20072,
            "year": 2007,
            "quarter": 2,
            "eps": 0.14,
            "eps_growth_year": -17.65,
            "eps_4q": 0.09,
            "eps_4q_growth_year": 1712.75,
            "roe": 1.24,
            "roe_4q": 0.75,
            "gross_profit": 140373,
            "gross_margin": 22.17,
            "gross_margin_4q_avg": 22.41,
            "net_income": 31809,
            "net_income_4q": null,
            "revenue": 633200,
            "revenue_4q": null,
            "common_shares": 2382012,
            "book_valuer_per_share": 10.8,
            "book_valuer_per_share_4q_avg": 10.6,
            "equity": 2572526,
            "current_ratio": 152.64,
            "debt_ratio": 37.91,
            "inventory_turnover_ratio": 2.22,
            "account_receivable_turnover_ratio": null,
            "reinvestment_rate": -111.66,
            "research_to_sale_ratio": null,
            "price_fair": 23.28,
            "eps_avg_yearly": 0.67,
            "eps_latest_yearly": 0.56,
            "eps_growth_yearly": 1112.64
        },
        "20073": {
            "year_quarter": 20073,
            "year": 2007,
            "quarter": 3,
            "eps": 0.32,
            "eps_growth_year": null,
            "eps_4q": 0.73,
            "eps_4q_growth_year": null,
            "roe": 2.9,
            "roe_4q": 6.699999999999999,
            "gross_profit": 156720,
            "gross_margin": 22.74,
            "gross_margin_4q_avg": 22.94,
            "net_income": 76085,
            "net_income_4q": null,
            "revenue": 689176,
            "revenue_4q": null,
            "common_shares": 2398852,
            "book_valuer_per_share": 11.11,
            "book_valuer_per_share_4q_avg": 10.78,
            "equity": 2666039,
            "current_ratio": 161.47,
            "debt_ratio": 35.73,
            "inventory_turnover_ratio": 2.49,
            "account_receivable_turnover_ratio": null,
            "reinvestment_rate": -83.14,
            "research_to_sale_ratio": null,
            "price_fair": 25.67,
            "eps_avg_yearly": 0.73,
            "eps_latest_yearly": 1.28,
            "eps_growth_yearly": 1046.15
        },
        "20074": {
            "year_quarter": 20074,
            "year": 2007,
            "quarter": 4,
            "eps": 0.19,
            "eps_growth_year": 35.71,
            "eps_4q": 0.78,
            "eps_4q_growth_year": null,
            "roe": 1.65,
            "roe_4q": 7.09,
            "gross_profit": 240535,
            "gross_margin": 26.74,
            "gross_margin_4q_avg": 23.88,
            "net_income": 45188,
            "net_income_4q": null,
            "revenue": 899632,
            "revenue_4q": null,
            "common_shares": 2400832,
            "book_valuer_per_share": 11.26,
            "book_valuer_per_share_4q_avg": 10.98,
            "equity": 2798409,
            "current_ratio": 147.05,
            "debt_ratio": 42.43,
            "inventory_turnover_ratio": 1.82,
            "account_receivable_turnover_ratio": null,
            "reinvestment_rate": -203.09,
            "research_to_sale_ratio": null,
            "price_fair": 25.76,
            "eps_avg_yearly": 0.74,
            "eps_latest_yearly": 0.76,
            "eps_growth_yearly": 925.29
        },
        "20081": {
            "year_quarter": 20081,
            "year": 2008,
            "quarter": 1,
            "eps": 0.39,
            "eps_growth_year": 178.57,
            "eps_4q": 1.02,
            "eps_4q_growth_year": 737.77,
            "roe": 3.31,
            "roe_4q": 9.1,
            "gross_profit": 256118,
            "gross_margin": 23.38,
            "gross_margin_4q_avg": 23.76,
            "net_income": 93452,
            "net_income_4q": null,
            "revenue": 1095312,
            "revenue_4q": null,
            "common_shares": 2404132,
            "book_valuer_per_share": 11.45,
            "book_valuer_per_share_4q_avg": 11.16,
            "equity": 2845800,
            "current_ratio": 157.88,
            "debt_ratio": 39.74,
            "inventory_turnover_ratio": 1.74,
            "account_receivable_turnover_ratio": null,
            "reinvestment_rate": 42.63,
            "research_to_sale_ratio": null,
            "price_fair": 25.48,
            "eps_avg_yearly": 0.73,
            "eps_latest_yearly": 1.56,
            "eps_growth_yearly": 460.73
        },
        "20082": {
            "year_quarter": 20082,
            "year": 2008,
            "quarter": 2,
            "eps": -0.15,
            "eps_growth_year": -207.14,
            "eps_4q": 0.74,
            "eps_4q_growth_year": 697.31,
            "roe": -1.29,
            "roe_4q": 6.57,
            "gross_profit": 225826,
            "gross_margin": 22.24,
            "gross_margin_4q_avg": 23.78,
            "net_income": -36393,
            "net_income_4q": null,
            "revenue": 1015411,
            "revenue_4q": null,
            "common_shares": 2405362,
            "book_valuer_per_share": 11.21,
            "book_valuer_per_share_4q_avg": 11.26,
            "equity": 2789755,
            "current_ratio": 155.23,
            "debt_ratio": 40.9,
            "inventory_turnover_ratio": 1.73,
            "account_receivable_turnover_ratio": null,
            "reinvestment_rate": 72.58,
            "research_to_sale_ratio": null,
            "price_fair": 25.98,
            "eps_avg_yearly": 0.74,
            "eps_latest_yearly": 1.56,
            "eps_growth_yearly": 540.1
        },
        "20083": {
            "year_quarter": 20083,
            "year": 2008,
            "quarter": 3,
            "eps": 0.12,
            "eps_growth_year": -62.5,
            "eps_4q": 0.52,
            "eps_4q_growth_year": -28.82,
            "roe": 1.05,
            "roe_4q": 4.720000000000001,
            "gross_profit": 174816,
            "gross_margin": 18.96,
            "gross_margin_4q_avg": 22.83,
            "net_income": 30517,
            "net_income_4q": null,
            "revenue": 922074,
            "revenue_4q": null,
            "common_shares": 2434451,
            "book_valuer_per_share": 11.98,
            "book_valuer_per_share_4q_avg": 11.48,
            "equity": 3018402,
            "current_ratio": 153.84,
            "debt_ratio": 38.7,
            "inventory_turnover_ratio": 1.73,
            "account_receivable_turnover_ratio": null,
            "reinvestment_rate": 96.73,
            "research_to_sale_ratio": null,
            "price_fair": 25.9,
            "eps_avg_yearly": 0.74,
            "eps_latest_yearly": 1.56,
            "eps_growth_yearly": 594.28
        },
        "20084": {
            "year_quarter": 20084,
            "year": 2008,
            "quarter": 4,
            "eps": 0.08,
            "eps_growth_year": -57.89,
            "eps_4q": 0.42,
            "eps_4q_growth_year": -45.89,
            "roe": 0.65,
            "roe_4q": 3.72,
            "gross_profit": 179954,
            "gross_margin": 20.11,
            "gross_margin_4q_avg": 21.17,
            "net_income": 19784,
            "net_income_4q": null,
            "revenue": 894829,
            "revenue_4q": null,
            "common_shares": 2587451,
            "book_valuer_per_share": 11.43,
            "book_valuer_per_share_4q_avg": 11.52,
            "equity": 3064283,
            "current_ratio": 137.81,
            "debt_ratio": 38.69,
            "inventory_turnover_ratio": 1.77,
            "account_receivable_turnover_ratio": 3.42,
            "reinvestment_rate": -177.3,
            "research_to_sale_ratio": null,
            "price_fair": 24.33,
            "eps_avg_yearly": 0.7,
            "eps_latest_yearly": 0.32,
            "eps_growth_yearly": 582.88
        },
        "20091": {
            "year_quarter": 20091,
            "year": 2009,
            "quarter": 1,
            "eps": 0.22,
            "eps_growth_year": -43.59,
            "eps_4q": 0.27,
            "eps_4q_growth_year": -74.08,
            "roe": 1.82,
            "roe_4q": 2.2300000000000004,
            "gross_profit": 264936,
            "gross_margin": 28.39,
            "gross_margin_4q_avg": 22.43,
            "net_income": 55073,
            "net_income_4q": null,
            "revenue": 933212,
            "revenue_4q": null,
            "common_shares": 2589211,
            "book_valuer_per_share": 11.55,
            "book_valuer_per_share_4q_avg": 11.54,
            "equity": 2990377,
            "current_ratio": 125.7,
            "debt_ratio": 40.26,
            "inventory_turnover_ratio": 1.82,
            "account_receivable_turnover_ratio": 1.67,
            "reinvestment_rate": 76,
            "research_to_sale_ratio": null,
            "price_fair": 28,
            "eps_avg_yearly": 0.8,
            "eps_latest_yearly": 0.88,
            "eps_growth_yearly": 717.44
        },
        "20092": {
            "year_quarter": 20092,
            "year": 2009,
            "quarter": 2,
            "eps": 0.21,
            "eps_growth_year": null,
            "eps_4q": 0.61,
            "eps_4q_growth_year": -17.94,
            "roe": 1.77,
            "roe_4q": 5.29,
            "gross_profit": 230932,
            "gross_margin": 27.19,
            "gross_margin_4q_avg": 23.66,
            "net_income": 53219,
            "net_income_4q": null,
            "revenue": 849450,
            "revenue_4q": null,
            "common_shares": 2593181,
            "book_valuer_per_share": 11.66,
            "book_valuer_per_share_4q_avg": 11.66,
            "equity": 3022789,
            "current_ratio": 158.58,
            "debt_ratio": 37.32,
            "inventory_turnover_ratio": 1.98,
            "account_receivable_turnover_ratio": 1.44,
            "reinvestment_rate": 92.83,
            "research_to_sale_ratio": null,
            "price_fair": 29.58,
            "eps_avg_yearly": 0.85,
            "eps_latest_yearly": 0.84,
            "eps_growth_yearly": 165.17
        },
        "20093": {
            "year_quarter": 20093,
            "year": 2009,
            "quarter": 3,
            "eps": 0.36,
            "eps_growth_year": 200,
            "eps_4q": 0.84,
            "eps_4q_growth_year": 62.2,
            "roe": 3.04,
            "roe_4q": 7.280000000000001,
            "gross_profit": 266540,
            "gross_margin": 27.48,
            "gross_margin_4q_avg": 25.79,
            "net_income": 93588,
            "net_income_4q": null,
            "revenue": 970001,
            "revenue_4q": null,
            "common_shares": 2656685,
            "book_valuer_per_share": 11.8,
            "book_valuer_per_share_4q_avg": 11.61,
            "equity": 3133567,
            "current_ratio": 154.06,
            "debt_ratio": 38.56,
            "inventory_turnover_ratio": 2.42,
            "account_receivable_turnover_ratio": 1.52,
            "reinvestment_rate": 54.15,
            "research_to_sale_ratio": null,
            "price_fair": 31.89,
            "eps_avg_yearly": 0.91,
            "eps_latest_yearly": 1.44,
            "eps_growth_yearly": 178.56
        },
        "20094": {
            "year_quarter": 20094,
            "year": 2009,
            "quarter": 4,
            "eps": 0.29,
            "eps_growth_year": 262.5,
            "eps_4q": 1.05,
            "eps_4q_growth_year": 147.01,
            "roe": 2.37,
            "roe_4q": 9,
            "gross_profit": 270873,
            "gross_margin": 27.95,
            "gross_margin_4q_avg": 27.75,
            "net_income": 75160,
            "net_income_4q": null,
            "revenue": 969022,
            "revenue_4q": null,
            "common_shares": 2656685,
            "book_valuer_per_share": 12.2,
            "book_valuer_per_share_4q_avg": 11.8,
            "equity": 3208056,
            "current_ratio": 152.26,
            "debt_ratio": 39.29,
            "inventory_turnover_ratio": 2.09,
            "account_receivable_turnover_ratio": 3.37,
            "reinvestment_rate": 192.16,
            "research_to_sale_ratio": null,
            "price_fair": 32.76,
            "eps_avg_yearly": 0.94,
            "eps_latest_yearly": 1.16,
            "eps_growth_yearly": 152.93
        },
        "20101": {
            "year_quarter": 20101,
            "year": 2010,
            "quarter": 1,
            "eps": 0.55,
            "eps_growth_year": 150,
            "eps_4q": 1.39,
            "eps_4q_growth_year": 423.94,
            "roe": 4.39,
            "roe_4q": 11.57,
            "gross_profit": 311179,
            "gross_margin": 31.81,
            "gross_margin_4q_avg": 28.61,
            "net_income": 143453,
            "net_income_4q": null,
            "revenue": 978248,
            "revenue_4q": null,
            "common_shares": 2656685,
            "book_valuer_per_share": 12.63,
            "book_valuer_per_share_4q_avg": 12.07,
            "equity": 3320822,
            "current_ratio": 168,
            "debt_ratio": 35.75,
            "inventory_turnover_ratio": 1.86,
            "account_receivable_turnover_ratio": 1.55,
            "reinvestment_rate": 187.69,
            "research_to_sale_ratio": 1.47,
            "price_fair": 36.78,
            "eps_avg_yearly": 1.05,
            "eps_latest_yearly": 2.2,
            "eps_growth_yearly": 171.63
        },
        "20102": {
            "year_quarter": 20102,
            "year": 2010,
            "quarter": 2,
            "eps": 0.25,
            "eps_growth_year": 18.97,
            "eps_4q": 1.41,
            "eps_4q_growth_year": 131.97,
            "roe": 2.03,
            "roe_4q": 11.829999999999998,
            "gross_profit": 206033,
            "gross_margin": 27.55,
            "gross_margin_4q_avg": 28.7,
            "net_income": 67009,
            "net_income_4q": null,
            "revenue": 747883,
            "revenue_4q": null,
            "common_shares": 2656685,
            "book_valuer_per_share": 12.54,
            "book_valuer_per_share_4q_avg": 12.29,
            "equity": 3295758,
            "current_ratio": 155.64,
            "debt_ratio": 36.07,
            "inventory_turnover_ratio": 1.76,
            "account_receivable_turnover_ratio": 1.11,
            "reinvestment_rate": 191.33,
            "research_to_sale_ratio": 1.55,
            "price_fair": 36.63,
            "eps_avg_yearly": 1.05,
            "eps_latest_yearly": 1,
            "eps_growth_yearly": 139.14
        },
        "20103": {
            "year_quarter": 20103,
            "year": 2010,
            "quarter": 3,
            "eps": 0.32,
            "eps_growth_year": -10.28,
            "eps_4q": 1.39,
            "eps_4q_growth_year": 65,
            "roe": 2.6,
            "roe_4q": 11.39,
            "gross_profit": 236030,
            "gross_margin": 30.65,
            "gross_margin_4q_avg": 29.49,
            "net_income": 86613,
            "net_income_4q": null,
            "revenue": 769985,
            "revenue_4q": null,
            "common_shares": 2709818,
            "book_valuer_per_share": 12.54,
            "book_valuer_per_share_4q_avg": 12.48,
            "equity": 3362910,
            "current_ratio": 183.31,
            "debt_ratio": 32.24,
            "inventory_turnover_ratio": 1.78,
            "account_receivable_turnover_ratio": 1.41,
            "reinvestment_rate": 154.68,
            "research_to_sale_ratio": 1.61,
            "price_fair": 37.26,
            "eps_avg_yearly": 1.06,
            "eps_latest_yearly": 1.28,
            "eps_growth_yearly": 137.05
        },
        "20104": {
            "year_quarter": 20104,
            "year": 2010,
            "quarter": 4,
            "eps": 0.41,
            "eps_growth_year": 42.86,
            "eps_4q": 1.52,
            "eps_4q_growth_year": 45.18,
            "roe": 3.26,
            "roe_4q": 12.279999999999998,
            "gross_profit": 302844,
            "gross_margin": 30.61,
            "gross_margin_4q_avg": 30.16,
            "net_income": 111091,
            "net_income_4q": null,
            "revenue": 989427,
            "revenue_4q": null,
            "common_shares": 2709818,
            "book_valuer_per_share": 12.9,
            "book_valuer_per_share_4q_avg": 12.65,
            "equity": 3460433,
            "current_ratio": 143.47,
            "debt_ratio": 33.7,
            "inventory_turnover_ratio": 1.99,
            "account_receivable_turnover_ratio": 2.07,
            "reinvestment_rate": 127.78,
            "research_to_sale_ratio": 1.55,
            "price_fair": 38.7,
            "eps_avg_yearly": 1.11,
            "eps_latest_yearly": 1.64,
            "eps_growth_yearly": 135.3
        },
        "20111": {
            "year_quarter": 20111,
            "year": 2011,
            "quarter": 1,
            "eps": 0.51,
            "eps_growth_year": -7.27,
            "eps_4q": 1.5,
            "eps_4q_growth_year": 7.78,
            "roe": 3.91,
            "roe_4q": 11.799999999999999,
            "gross_profit": 323781,
            "gross_margin": 32.19,
            "gross_margin_4q_avg": 30.25,
            "net_income": 137018,
            "net_income_4q": null,
            "revenue": 1005726,
            "revenue_4q": null,
            "common_shares": 2709818,
            "book_valuer_per_share": 13.25,
            "book_valuer_per_share_4q_avg": 12.81,
            "equity": 3552767,
            "current_ratio": 161.88,
            "debt_ratio": 32.2,
            "inventory_turnover_ratio": 1.83,
            "account_receivable_turnover_ratio": 1.84,
            "reinvestment_rate": 140.99,
            "research_to_sale_ratio": 1.34,
            "price_fair": 42.4,
            "eps_avg_yearly": 1.21,
            "eps_latest_yearly": 2.04,
            "eps_growth_yearly": 142.27
        },
        "20112": {
            "year_quarter": 20112,
            "year": 2011,
            "quarter": 2,
            "eps": 0.14,
            "eps_growth_year": -45.87,
            "eps_4q": 1.36,
            "eps_4q_growth_year": -3.9,
            "roe": 1.07,
            "roe_4q": 10.84,
            "gross_profit": 238507,
            "gross_margin": 28.93,
            "gross_margin_4q_avg": 30.6,
            "net_income": 36998,
            "net_income_4q": null,
            "revenue": 824478,
            "revenue_4q": null,
            "common_shares": 2709818,
            "book_valuer_per_share": 12.64,
            "book_valuer_per_share_4q_avg": 12.83,
            "equity": 3389943,
            "current_ratio": 155.7,
            "debt_ratio": 33.1,
            "inventory_turnover_ratio": 1.72,
            "account_receivable_turnover_ratio": 1.57,
            "reinvestment_rate": 128.09,
            "research_to_sale_ratio": 1.82,
            "price_fair": 42.4,
            "eps_avg_yearly": 1.21,
            "eps_latest_yearly": 0.56,
            "eps_growth_yearly": 121.54
        },
        "20113": {
            "year_quarter": 20113,
            "year": 2011,
            "quarter": 3,
            "eps": 0.33,
            "eps_growth_year": 2.88,
            "eps_4q": 1.37,
            "eps_4q_growth_year": -0.97,
            "roe": 2.64,
            "roe_4q": 10.879999999999999,
            "gross_profit": 227970,
            "gross_margin": 28.7,
            "gross_margin_4q_avg": 30.11,
            "net_income": 90889,
            "net_income_4q": null,
            "revenue": 794328,
            "revenue_4q": null,
            "common_shares": 2764015,
            "book_valuer_per_share": 12.77,
            "book_valuer_per_share_4q_avg": 12.89,
            "equity": 3492905,
            "current_ratio": 156.1,
            "debt_ratio": 32.2,
            "inventory_turnover_ratio": 1.88,
            "account_receivable_turnover_ratio": 1.65,
            "reinvestment_rate": 135.2,
            "research_to_sale_ratio": 1.98,
            "price_fair": 42.5,
            "eps_avg_yearly": 1.21,
            "eps_latest_yearly": 1.32,
            "eps_growth_yearly": 123.58
        },
        "20114": {
            "year_quarter": 20114,
            "year": 2011,
            "quarter": 4,
            "eps": 0.2,
            "eps_growth_year": -52.7,
            "eps_4q": 1.16,
            "eps_4q_growth_year": -23.5,
            "roe": 1.52,
            "roe_4q": 9.14,
            "gross_profit": 339314,
            "gross_margin": 29.48,
            "gross_margin_4q_avg": 29.83,
            "net_income": 53599,
            "net_income_4q": null,
            "revenue": 1150923,
            "revenue_4q": null,
            "common_shares": 2764015,
            "book_valuer_per_share": 13.07,
            "book_valuer_per_share_4q_avg": 12.93,
            "equity": 3574478,
            "current_ratio": 153.65,
            "debt_ratio": 32.6,
            "inventory_turnover_ratio": 2.4,
            "account_receivable_turnover_ratio": 1.95,
            "reinvestment_rate": 118.71,
            "research_to_sale_ratio": 1.33,
            "price_fair": 42.6,
            "eps_avg_yearly": 1.22,
            "eps_latest_yearly": 0.8,
            "eps_growth_yearly": 123.93
        },
        "20121": {
            "year_quarter": 20121,
            "year": 2012,
            "quarter": 1,
            "eps": 0.16,
            "eps_growth_year": -68.63,
            "eps_4q": 0.82,
            "eps_4q_growth_year": -45.18,
            "roe": 1.2,
            "roe_4q": 6.43,
            "gross_profit": 316793,
            "gross_margin": 30.38,
            "gross_margin_4q_avg": 29.37,
            "net_income": 43131,
            "net_income_4q": null,
            "revenue": 1042778,
            "revenue_4q": null,
            "common_shares": 2764015,
            "book_valuer_per_share": 13.11,
            "book_valuer_per_share_4q_avg": 12.9,
            "equity": 3584968,
            "current_ratio": 164.38,
            "debt_ratio": 31.24,
            "inventory_turnover_ratio": 1.82,
            "account_receivable_turnover_ratio": 1.6,
            "reinvestment_rate": 113.11,
            "research_to_sale_ratio": 1.53,
            "price_fair": 40.3,
            "eps_avg_yearly": 1.15,
            "eps_latest_yearly": 0.64,
            "eps_growth_yearly": 88.14
        },
        "20122": {
            "year_quarter": 20122,
            "year": 2012,
            "quarter": 2,
            "eps": 0.25,
            "eps_growth_year": 84.98,
            "eps_4q": 0.94,
            "eps_4q_growth_year": -31.1,
            "roe": 1.94,
            "roe_4q": 7.300000000000001,
            "gross_profit": 242309,
            "gross_margin": 27.96,
            "gross_margin_4q_avg": 29.13,
            "net_income": 68425,
            "net_income_4q": null,
            "revenue": 866617,
            "revenue_4q": null,
            "common_shares": 2764015,
            "book_valuer_per_share": 12.65,
            "book_valuer_per_share_4q_avg": 12.9,
            "equity": 3460520,
            "current_ratio": 146.31,
            "debt_ratio": 32.23,
            "inventory_turnover_ratio": 1.59,
            "account_receivable_turnover_ratio": 1.44,
            "reinvestment_rate": 102.85,
            "research_to_sale_ratio": 1.85,
            "price_fair": 39.95,
            "eps_avg_yearly": 1.14,
            "eps_latest_yearly": 1,
            "eps_growth_yearly": 97.27
        },
        "20123": {
            "year_quarter": 20123,
            "year": 2012,
            "quarter": 3,
            "eps": 0.23,
            "eps_growth_year": -31.42,
            "eps_4q": 0.83,
            "eps_4q_growth_year": -39.5,
            "roe": 1.79,
            "roe_4q": 6.449999999999999,
            "gross_profit": 254995,
            "gross_margin": 28.79,
            "gross_margin_4q_avg": 29.15,
            "net_income": 62328,
            "net_income_4q": null,
            "revenue": 885632,
            "revenue_4q": null,
            "common_shares": 2764015,
            "book_valuer_per_share": 12.86,
            "book_valuer_per_share_4q_avg": 12.92,
            "equity": 3517812,
            "current_ratio": 160.14,
            "debt_ratio": 29.09,
            "inventory_turnover_ratio": 1.71,
            "account_receivable_turnover_ratio": 1.49,
            "reinvestment_rate": 92.81,
            "research_to_sale_ratio": 1.8,
            "price_fair": 39.46,
            "eps_avg_yearly": 1.13,
            "eps_latest_yearly": 0.92,
            "eps_growth_yearly": 89.19
        },
        "20124": {
            "year_quarter": 20124,
            "year": 2012,
            "quarter": 4,
            "eps": 0.37,
            "eps_growth_year": 89.85,
            "eps_4q": 1.01,
            "eps_4q_growth_year": -13.46,
            "roe": 2.86,
            "roe_4q": 7.79,
            "gross_profit": 397986,
            "gross_margin": 31.13,
            "gross_margin_4q_avg": 29.57,
            "net_income": 101759,
            "net_income_4q": null,
            "revenue": 1278577,
            "revenue_4q": null,
            "common_shares": 2764015,
            "book_valuer_per_share": 13.15,
            "book_valuer_per_share_4q_avg": 12.94,
            "equity": 3596330,
            "current_ratio": 161.51,
            "debt_ratio": 32.6,
            "inventory_turnover_ratio": 2.32,
            "account_receivable_turnover_ratio": 1.78,
            "reinvestment_rate": 84.66,
            "research_to_sale_ratio": 1.41,
            "price_fair": 42,
            "eps_avg_yearly": 1.2,
            "eps_latest_yearly": 1.48,
            "eps_growth_yearly": 112.74
        },
        "20131": {
            "year_quarter": 20131,
            "year": 2013,
            "quarter": 1,
            "eps": 0.31,
            "eps_growth_year": 93.75,
            "eps_4q": 1.16,
            "eps_4q_growth_year": 40.77,
            "roe": 2.31,
            "roe_4q": 8.9,
            "gross_profit": 320183,
            "gross_margin": 30.63,
            "gross_margin_4q_avg": 29.63,
            "net_income": 83675,
            "net_income_4q": null,
            "revenue": 1045221,
            "revenue_4q": null,
            "common_shares": 2764015,
            "book_valuer_per_share": 13.34,
            "book_valuer_per_share_4q_avg": 13,
            "equity": 3647385,
            "current_ratio": 206.11,
            "debt_ratio": 30.17,
            "inventory_turnover_ratio": 1.95,
            "account_receivable_turnover_ratio": 1.45,
            "reinvestment_rate": 80.83,
            "research_to_sale_ratio": 1.53,
            "price_fair": 42.79,
            "eps_avg_yearly": 1.22,
            "eps_latest_yearly": 1.24,
            "eps_growth_yearly": 64.93
        },
        "20132": {
            "year_quarter": 20132,
            "year": 2013,
            "quarter": 2,
            "eps": 0.29,
            "eps_growth_year": 15.92,
            "eps_4q": 1.2,
            "eps_4q_growth_year": 28.49,
            "roe": 2.26,
            "roe_4q": 9.219999999999999,
            "gross_profit": 281573,
            "gross_margin": 29.92,
            "gross_margin_4q_avg": 30.12,
            "net_income": 81226,
            "net_income_4q": null,
            "revenue": 940929,
            "revenue_4q": null,
            "common_shares": 2764015,
            "book_valuer_per_share": 13,
            "book_valuer_per_share_4q_avg": 13.09,
            "equity": 3556280,
            "current_ratio": 185.11,
            "debt_ratio": 32.19,
            "inventory_turnover_ratio": 1.86,
            "account_receivable_turnover_ratio": 1.63,
            "reinvestment_rate": 81.23,
            "research_to_sale_ratio": 1.68,
            "price_fair": 43.49,
            "eps_avg_yearly": 1.24,
            "eps_latest_yearly": 1.16,
            "eps_growth_yearly": 64.46
        },
        "20133": {
            "year_quarter": 20133,
            "year": 2013,
            "quarter": 3,
            "eps": 0.37,
            "eps_growth_year": 62.36,
            "eps_4q": 1.34,
            "eps_4q_growth_year": 61.16,
            "roe": 2.78,
            "roe_4q": 10.209999999999999,
            "gross_profit": 320631,
            "gross_margin": 31.17,
            "gross_margin_4q_avg": 30.71,
            "net_income": 99947,
            "net_income_4q": null,
            "revenue": 1028593,
            "revenue_4q": null,
            "common_shares": 2764015,
            "book_valuer_per_share": 13.32,
            "book_valuer_per_share_4q_avg": 13.2,
            "equity": 3642140,
            "current_ratio": 207.13,
            "debt_ratio": 29.72,
            "inventory_turnover_ratio": 1.94,
            "account_receivable_turnover_ratio": 1.85,
            "reinvestment_rate": 83.77,
            "research_to_sale_ratio": 1.63,
            "price_fair": 43.58,
            "eps_avg_yearly": 1.25,
            "eps_latest_yearly": 1.48,
            "eps_growth_yearly": 53.5
        },
        "20134": {
            "year_quarter": 20134,
            "year": 2013,
            "quarter": 4,
            "eps": 0.78,
            "eps_growth_year": 109.21,
            "eps_4q": 1.75,
            "eps_4q_growth_year": 73.32,
            "roe": 5.64,
            "roe_4q": 12.99,
            "gross_profit": 448645,
            "gross_margin": 30.51,
            "gross_margin_4q_avg": 30.56,
            "net_income": 212894,
            "net_income_4q": null,
            "revenue": 1470679,
            "revenue_4q": null,
            "common_shares": 2764015,
            "book_valuer_per_share": 14.29,
            "book_valuer_per_share_4q_avg": 13.49,
            "equity": 3908809,
            "current_ratio": 176.37,
            "debt_ratio": 33.15,
            "inventory_turnover_ratio": 2.52,
            "account_receivable_turnover_ratio": 2.07,
            "reinvestment_rate": 31.28,
            "research_to_sale_ratio": 1.19,
            "price_fair": 47.86,
            "eps_avg_yearly": 1.37,
            "eps_latest_yearly": 3.12,
            "eps_growth_yearly": 86.06
        },
        "20141": {
            "year_quarter": 20141,
            "year": 2014,
            "quarter": 1,
            "eps": 0.39,
            "eps_growth_year": 25.81,
            "eps_4q": 1.83,
            "eps_4q_growth_year": 58.02,
            "roe": 2.66,
            "roe_4q": 13.34,
            "gross_profit": 351723,
            "gross_margin": 29.05,
            "gross_margin_4q_avg": 30.16,
            "net_income": 105570,
            "net_income_4q": null,
            "revenue": 1210838,
            "revenue_4q": null,
            "common_shares": 2764015,
            "book_valuer_per_share": 14.68,
            "book_valuer_per_share_4q_avg": 13.82,
            "equity": 4016099,
            "current_ratio": 197.54,
            "debt_ratio": 30.72,
            "inventory_turnover_ratio": 2.03,
            "account_receivable_turnover_ratio": 1.6,
            "reinvestment_rate": 25.49,
            "research_to_sale_ratio": 1.36,
            "price_fair": 46.46,
            "eps_avg_yearly": 1.33,
            "eps_latest_yearly": 1.56,
            "eps_growth_yearly": 51.15
        },
        "20142": {
            "year_quarter": 20142,
            "year": 2014,
            "quarter": 2,
            "eps": 0.43,
            "eps_growth_year": 48.28,
            "eps_4q": 1.96,
            "eps_4q_growth_year": 62.78,
            "roe": 3,
            "roe_4q": 14.08,
            "gross_profit": 310978,
            "gross_margin": 29.26,
            "gross_margin_4q_avg": 30,
            "net_income": 117106,
            "net_income_4q": null,
            "revenue": 1062844,
            "revenue_4q": null,
            "common_shares": 2764015,
            "book_valuer_per_share": 13.84,
            "book_valuer_per_share_4q_avg": 14.03,
            "equity": 3784147,
            "current_ratio": 164.24,
            "debt_ratio": 33.82,
            "inventory_turnover_ratio": 1.91,
            "account_receivable_turnover_ratio": 1.7,
            "reinvestment_rate": 17.85,
            "research_to_sale_ratio": 1.61,
            "price_fair": 48.04,
            "eps_avg_yearly": 1.37,
            "eps_latest_yearly": 1.72,
            "eps_growth_yearly": 67.35
        },
        "20143": {
            "year_quarter": 20143,
            "year": 2014,
            "quarter": 3,
            "eps": 0.49,
            "eps_growth_year": 32.43,
            "eps_4q": 2.08,
            "eps_4q_growth_year": 55.24,
            "roe": 3.46,
            "roe_4q": 14.760000000000002,
            "gross_profit": 324216,
            "gross_margin": 30.45,
            "gross_margin_4q_avg": 29.82,
            "net_income": 133566,
            "net_income_4q": null,
            "revenue": 1064873,
            "revenue_4q": null,
            "common_shares": 2764015,
            "book_valuer_per_share": 14.41,
            "book_valuer_per_share_4q_avg": 14.31,
            "equity": 3942296,
            "current_ratio": 206.81,
            "debt_ratio": 28.27,
            "inventory_turnover_ratio": 1.92,
            "account_receivable_turnover_ratio": 1.73,
            "reinvestment_rate": 11.01,
            "research_to_sale_ratio": 1.76,
            "price_fair": 49.53,
            "eps_avg_yearly": 1.42,
            "eps_latest_yearly": 1.96,
            "eps_growth_yearly": 63.84
        },
        "20144": {
            "year_quarter": 20144,
            "year": 2014,
            "quarter": 4,
            "eps": 0.67,
            "eps_growth_year": -14.2,
            "eps_4q": 1.97,
            "eps_4q_growth_year": 12.8,
            "roe": 4.51,
            "roe_4q": 13.629999999999999,
            "gross_profit": 473896,
            "gross_margin": 31.32,
            "gross_margin_4q_avg": 30.02,
            "net_income": 182666,
            "net_income_4q": null,
            "revenue": 1513170,
            "revenue_4q": null,
            "common_shares": 2764015,
            "book_valuer_per_share": 15.23,
            "book_valuer_per_share_4q_avg": 14.54,
            "equity": 4164927,
            "current_ratio": 193.87,
            "debt_ratio": 31.51,
            "inventory_turnover_ratio": 2.56,
            "account_receivable_turnover_ratio": 1.85,
            "reinvestment_rate": 4.18,
            "research_to_sale_ratio": 1.11,
            "price_fair": 51.8,
            "eps_avg_yearly": 1.48,
            "eps_latest_yearly": 2.68,
            "eps_growth_yearly": 65.99
        },
        "20151": {
            "year_quarter": 20151,
            "year": 2015,
            "quarter": 1,
            "eps": 0.42,
            "eps_growth_year": 7.69,
            "eps_4q": 2.01,
            "eps_4q_growth_year": 9.82,
            "roe": 2.73,
            "roe_4q": 13.7,
            "gross_profit": 391158,
            "gross_margin": 31.15,
            "gross_margin_4q_avg": 30.55,
            "net_income": 115348,
            "net_income_4q": null,
            "revenue": 1255588,
            "revenue_4q": null,
            "common_shares": 2764015,
            "book_valuer_per_share": 15.64,
            "book_valuer_per_share_4q_avg": 14.78,
            "equity": 4277733,
            "current_ratio": 220.2,
            "debt_ratio": 28.28,
            "inventory_turnover_ratio": 2.18,
            "account_receivable_turnover_ratio": 1.47,
            "reinvestment_rate": 0.06,
            "research_to_sale_ratio": 1.38,
            "price_fair": 51.01,
            "eps_avg_yearly": 1.46,
            "eps_latest_yearly": 1.68,
            "eps_growth_yearly": 50.56
        },
        "20152": {
            "year_quarter": 20152,
            "year": 2015,
            "quarter": 2,
            "eps": 0.22,
            "eps_growth_year": -48.84,
            "eps_4q": 1.8,
            "eps_4q_growth_year": -8.12,
            "roe": 1.47,
            "roe_4q": 12.170000000000002,
            "gross_profit": 338046,
            "gross_margin": 31.03,
            "gross_margin_4q_avg": 30.99,
            "net_income": 60456,
            "net_income_4q": null,
            "revenue": 1089357,
            "revenue_4q": null,
            "common_shares": 2764015,
            "book_valuer_per_share": 14.52,
            "book_valuer_per_share_4q_avg": 14.95,
            "equity": 3970603,
            "current_ratio": 179.74,
            "debt_ratio": 32.77,
            "inventory_turnover_ratio": 2.01,
            "account_receivable_turnover_ratio": 1.59,
            "reinvestment_rate": 7.05,
            "research_to_sale_ratio": 1.69,
            "price_fair": 51.71,
            "eps_avg_yearly": 1.48,
            "eps_latest_yearly": 0.88,
            "eps_growth_yearly": 56.8
        },
        "20153": {
            "year_quarter": 20153,
            "year": 2015,
            "quarter": 3,
            "eps": 0.55,
            "eps_growth_year": 12.24,
            "eps_4q": 1.86,
            "eps_4q_growth_year": -10.8,
            "roe": 3.67,
            "roe_4q": 12.379999999999999,
            "gross_profit": 369501,
            "gross_margin": 32.25,
            "gross_margin_4q_avg": 31.44,
            "net_income": 149184,
            "net_income_4q": null,
            "revenue": 1145591,
            "revenue_4q": null,
            "common_shares": 2764015,
            "book_valuer_per_share": 15.2,
            "book_valuer_per_share_4q_avg": 15.15,
            "equity": 4156317,
            "current_ratio": 205.29,
            "debt_ratio": 28.79,
            "inventory_turnover_ratio": 1.83,
            "account_receivable_turnover_ratio": 1.73,
            "reinvestment_rate": 6.17,
            "research_to_sale_ratio": 1.55,
            "price_fair": 53.64,
            "eps_avg_yearly": 1.53,
            "eps_latest_yearly": 2.2,
            "eps_growth_yearly": 60.37
        },
        "20154": {
            "year_quarter": 20154,
            "year": 2015,
            "quarter": 4,
            "eps": 0.7,
            "eps_growth_year": 5.04,
            "eps_4q": 1.89,
            "eps_4q_growth_year": -4.09,
            "roe": 4.56,
            "roe_4q": 12.430000000000001,
            "gross_profit": 518664,
            "gross_margin": 31.28,
            "gross_margin_4q_avg": 31.43,
            "net_income": 191872,
            "net_income_4q": null,
            "revenue": 1658058,
            "revenue_4q": null,
            "common_shares": 2764015,
            "book_valuer_per_share": 15.55,
            "book_valuer_per_share_4q_avg": 15.23,
            "equity": 4252696,
            "current_ratio": 181.3,
            "debt_ratio": 31.18,
            "inventory_turnover_ratio": 2.23,
            "account_receivable_turnover_ratio": 1.95,
            "reinvestment_rate": -7.58,
            "research_to_sale_ratio": 1.17,
            "price_fair": 58.01,
            "eps_avg_yearly": 1.66,
            "eps_latest_yearly": 2.8,
            "eps_growth_yearly": 77.03
        },
        "20161": {
            "year_quarter": 20161,
            "year": 2016,
            "quarter": 1,
            "eps": 0.67,
            "eps_growth_year": 59.52,
            "eps_4q": 2.14,
            "eps_4q_growth_year": 6.45,
            "roe": 4.21,
            "roe_4q": 13.91,
            "gross_profit": 487792,
            "gross_margin": 33.06,
            "gross_margin_4q_avg": 31.91,
            "net_income": 182540,
            "net_income_4q": null,
            "revenue": 1475434,
            "revenue_4q": null,
            "common_shares": 2764015,
            "book_valuer_per_share": 16.17,
            "book_valuer_per_share_4q_avg": 15.36,
            "equity": 4424015,
            "current_ratio": 203.13,
            "debt_ratio": 28.11,
            "inventory_turnover_ratio": 1.78,
            "account_receivable_turnover_ratio": 1.57,
            "reinvestment_rate": -0.89,
            "research_to_sale_ratio": 1.38,
            "price_fair": 62.48,
            "eps_avg_yearly": 1.79,
            "eps_latest_yearly": 2.68,
            "eps_growth_yearly": 80.96
        },
        "20162": {
            "year_quarter": 20162,
            "year": 2016,
            "quarter": 2,
            "eps": 0.6,
            "eps_growth_year": 172.73,
            "eps_4q": 2.52,
            "eps_4q_growth_year": 39.98,
            "roe": 3.83,
            "roe_4q": 16.269999999999996,
            "gross_profit": 391512,
            "gross_margin": 30.74,
            "gross_margin_4q_avg": 31.83,
            "net_income": 165161,
            "net_income_4q": null,
            "revenue": 1273458,
            "revenue_4q": null,
            "common_shares": 2764015,
            "book_valuer_per_share": 15.39,
            "book_valuer_per_share_4q_avg": 15.58,
            "equity": 4209008,
            "current_ratio": 179.08,
            "debt_ratio": 30.84,
            "inventory_turnover_ratio": 1.8,
            "account_receivable_turnover_ratio": 1.5,
            "reinvestment_rate": 0.59,
            "research_to_sale_ratio": 1.56,
            "price_fair": 65.54,
            "eps_avg_yearly": 1.87,
            "eps_latest_yearly": 2.4,
            "eps_growth_yearly": 64.29
        },
        "20163": {
            "year_quarter": 20163,
            "year": 2016,
            "quarter": 3,
            "eps": 0.59,
            "eps_growth_year": 7.27,
            "eps_4q": 3.2,
            "eps_4q_growth_year": 72.17,
            "roe": 3.95,
            "roe_4q": 16.55,
            "gross_profit": 431880,
            "gross_margin": 33.64,
            "gross_margin_4q_avg": 32.18,
            "net_income": 157816,
            "net_income_4q": null,
            "revenue": 1283938,
            "revenue_4q": null,
            "common_shares": 2211212,
            "book_valuer_per_share": 17.36,
            "book_valuer_per_share_4q_avg": 16.12,
            "equity": 3787844,
            "current_ratio": 149.09,
            "debt_ratio": 35.6,
            "inventory_turnover_ratio": 1.91,
            "account_receivable_turnover_ratio": 1.49,
            "reinvestment_rate": 0.31,
            "research_to_sale_ratio": 1.75,
            "price_fair": 68.69,
            "eps_avg_yearly": 1.96,
            "eps_latest_yearly": 2.36,
            "eps_growth_yearly": 65.87
        },
        "20164": {
            "year_quarter": 20164,
            "year": 2016,
            "quarter": 4,
            "eps": 0.89,
            "eps_growth_year": 27.36,
            "eps_4q": 3.2,
            "eps_4q_growth_year": 69.54,
            "roe": 5.04,
            "roe_4q": 17.03,
            "gross_profit": 514303,
            "gross_margin": 32.8,
            "gross_margin_4q_avg": 32.56,
            "net_income": 195496,
            "net_income_4q": null,
            "revenue": 1568018,
            "revenue_4q": null,
            "common_shares": 2211212,
            "book_valuer_per_share": 18.15,
            "book_valuer_per_share_4q_avg": 16.77,
            "equity": 3971616,
            "current_ratio": 173.68,
            "debt_ratio": 30.78,
            "inventory_turnover_ratio": 2.15,
            "account_receivable_turnover_ratio": 1.64,
            "reinvestment_rate": -1.74,
            "research_to_sale_ratio": 1.27,
            "price_fair": 73.24,
            "eps_avg_yearly": 2.09,
            "eps_latest_yearly": 3.56,
            "eps_growth_yearly": 63.37
        },
        "20171": {
            "year_quarter": 20171,
            "year": 2017,
            "quarter": 1,
            "eps": 0.73,
            "eps_growth_year": 8.96,
            "eps_4q": 3.09,
            "eps_4q_growth_year": 44.93,
            "roe": 3.95,
            "roe_4q": 16.770000000000003,
            "gross_profit": 492593,
            "gross_margin": 35.47,
            "gross_margin_4q_avg": 33.16,
            "net_income": 158678,
            "net_income_4q": null,
            "revenue": 1388936,
            "revenue_4q": null,
            "common_shares": 2211212,
            "book_valuer_per_share": 18.58,
            "book_valuer_per_share_4q_avg": 17.37,
            "equity": 4065864,
            "current_ratio": 191.36,
            "debt_ratio": 28.1,
            "inventory_turnover_ratio": 1.85,
            "account_receivable_turnover_ratio": 1.51,
            "reinvestment_rate": -3.54,
            "research_to_sale_ratio": 1.58,
            "price_fair": 76.91,
            "eps_avg_yearly": 2.2,
            "eps_latest_yearly": 2.92,
            "eps_growth_yearly": 62.93
        },
        "20172": {
            "year_quarter": 20172,
            "year": 2017,
            "quarter": 2,
            "eps": 0.56,
            "eps_growth_year": -6.67,
            "eps_4q": 2.9,
            "eps_4q_growth_year": 14.98,
            "roe": 3.15,
            "roe_4q": 16.09,
            "gross_profit": 402074,
            "gross_margin": 33.57,
            "gross_margin_4q_avg": 33.87,
            "net_income": 121535,
            "net_income_4q": null,
            "revenue": 1197719,
            "revenue_4q": null,
            "common_shares": 2211212,
            "book_valuer_per_share": 16.68,
            "book_valuer_per_share_4q_avg": 17.69,
            "equity": 3650284,
            "current_ratio": 147.12,
            "debt_ratio": 35.62,
            "inventory_turnover_ratio": 1.71,
            "account_receivable_turnover_ratio": 1.62,
            "reinvestment_rate": -3.41,
            "research_to_sale_ratio": 1.62,
            "price_fair": 79.28,
            "eps_avg_yearly": 2.27,
            "eps_latest_yearly": 2.24,
            "eps_growth_yearly": 58.72
        },
        "20173": {
            "year_quarter": 20173,
            "year": 2017,
            "quarter": 3,
            "eps": 0.78,
            "eps_growth_year": 32.2,
            "eps_4q": 2.96,
            "eps_4q_growth_year": -7.42,
            "roe": 4.59,
            "roe_4q": 16.73,
            "gross_profit": 446626,
            "gross_margin": 34.1,
            "gross_margin_4q_avg": 33.99,
            "net_income": 171673,
            "net_income_4q": null,
            "revenue": 1309756,
            "revenue_4q": null,
            "common_shares": 2211212,
            "book_valuer_per_share": 17.51,
            "book_valuer_per_share_4q_avg": 17.73,
            "equity": 3831228,
            "current_ratio": 173.65,
            "debt_ratio": 28.97,
            "inventory_turnover_ratio": 1.68,
            "account_receivable_turnover_ratio": 1.8,
            "reinvestment_rate": -0.83,
            "research_to_sale_ratio": 1.63,
            "price_fair": 82.86,
            "eps_avg_yearly": 2.37,
            "eps_latest_yearly": 3.12,
            "eps_growth_yearly": 61.64
        },
        "20174": {
            "year_quarter": 20174,
            "year": 2017,
            "quarter": 4,
            "eps": 1.23,
            "eps_growth_year": 37.24,
            "eps_4q": 3.29,
            "eps_4q_growth_year": 2.74,
            "roe": 6.72,
            "roe_4q": 18.41,
            "gross_profit": 566745,
            "gross_margin": 32.43,
            "gross_margin_4q_avg": 33.89,
            "net_income": 268304,
            "net_income_4q": null,
            "revenue": 1747448,
            "revenue_4q": null,
            "common_shares": 2211212,
            "book_valuer_per_share": 19,
            "book_valuer_per_share_4q_avg": 17.94,
            "equity": 4157325,
            "current_ratio": 174.54,
            "debt_ratio": 31.18,
            "inventory_turnover_ratio": 2.2,
            "account_receivable_turnover_ratio": 1.85,
            "reinvestment_rate": -11.59,
            "research_to_sale_ratio": 1.1,
            "price_fair": 86.8,
            "eps_avg_yearly": 2.48,
            "eps_latest_yearly": 4.92,
            "eps_growth_yearly": 48.36
        },
        "20181": {
            "year_quarter": 20181,
            "year": 2018,
            "quarter": 1,
            "eps": 0.89,
            "eps_growth_year": 21.92,
            "eps_4q": 3.45,
            "eps_4q_growth_year": 11.64,
            "roe": 4.58,
            "roe_4q": 19.04,
            "gross_profit": 508051,
            "gross_margin": 35.18,
            "gross_margin_4q_avg": 33.82,
            "net_income": 194431,
            "net_income_4q": null,
            "revenue": 1443961,
            "revenue_4q": null,
            "common_shares": 2211212,
            "book_valuer_per_share": 19.76,
            "book_valuer_per_share_4q_avg": 18.24,
            "equity": 4324520,
            "current_ratio": 195.71,
            "debt_ratio": 27.91,
            "inventory_turnover_ratio": 1.85,
            "account_receivable_turnover_ratio": 1.65,
            "reinvestment_rate": -14.24,
            "research_to_sale_ratio": 1.47,
            "price_fair": 91.18,
            "eps_avg_yearly": 2.61,
            "eps_latest_yearly": 3.56,
            "eps_growth_yearly": 53.95
        },
        "20182": {
            "year_quarter": 20182,
            "year": 2018,
            "quarter": 2,
            "eps": 0.68,
            "eps_growth_year": 21.43,
            "eps_4q": 3.58,
            "eps_4q_growth_year": 23.54,
            "roe": 3.59,
            "roe_4q": 19.48,
            "gross_profit": 418747,
            "gross_margin": 32.97,
            "gross_margin_4q_avg": 33.67,
            "net_income": 148272,
            "net_income_4q": null,
            "revenue": 1269947,
            "revenue_4q": null,
            "common_shares": 2211212,
            "book_valuer_per_share": 17.95,
            "book_valuer_per_share_4q_avg": 18.56,
            "equity": 3928094,
            "current_ratio": 150.77,
            "debt_ratio": 35.03,
            "inventory_turnover_ratio": 1.68,
            "account_receivable_turnover_ratio": 1.99,
            "reinvestment_rate": -11.11,
            "research_to_sale_ratio": 1.51,
            "price_fair": 93.36,
            "eps_avg_yearly": 2.67,
            "eps_latest_yearly": 2.72,
            "eps_growth_yearly": 45.49
        },
        "20183": {
            "year_quarter": 20183,
            "year": 2018,
            "quarter": 3,
            "eps": 0.81,
            "eps_growth_year": 3.85,
            "eps_4q": 3.6,
            "eps_4q_growth_year": 21.78,
            "roe": 4.41,
            "roe_4q": 19.3,
            "gross_profit": 479015,
            "gross_margin": 34.56,
            "gross_margin_4q_avg": 33.79,
            "net_income": 177380,
            "net_income_4q": null,
            "revenue": 1385838,
            "revenue_4q": null,
            "common_shares": 2211212,
            "book_valuer_per_share": 18.82,
            "book_valuer_per_share_4q_avg": 18.88,
            "equity": 4116921,
            "current_ratio": 172.97,
            "debt_ratio": 29.79,
            "inventory_turnover_ratio": 1.62,
            "account_receivable_turnover_ratio": 1.98,
            "reinvestment_rate": -6.16,
            "research_to_sale_ratio": 1.4,
            "price_fair": 96.16,
            "eps_avg_yearly": 2.75,
            "eps_latest_yearly": 3.24,
            "eps_growth_yearly": 46.78
        },
        "20184": {
            "year_quarter": 20184,
            "year": 2018,
            "quarter": 4,
            "eps": 1.28,
            "eps_growth_year": 4.2,
            "eps_4q": 3.65,
            "eps_4q_growth_year": 11.04,
            "roe": 6.59,
            "roe_4q": 19.17,
            "gross_profit": 631664,
            "gross_margin": 33.49,
            "gross_margin_4q_avg": 34.05,
            "net_income": 279580,
            "net_income_4q": null,
            "revenue": 1886344,
            "revenue_4q": null,
            "common_shares": 2211212,
            "book_valuer_per_share": 19.98,
            "book_valuer_per_share_4q_avg": 19.13,
            "equity": 4372385,
            "current_ratio": 181.2,
            "debt_ratio": 31.21,
            "inventory_turnover_ratio": 2.21,
            "account_receivable_turnover_ratio": 2.04,
            "reinvestment_rate": -7.83,
            "research_to_sale_ratio": 0.89,
            "price_fair": 101.5,
            "eps_avg_yearly": 2.9,
            "eps_latest_yearly": 5.12,
            "eps_growth_yearly": 52.1
        },
        "20191": {
            "year_quarter": 20191,
            "year": 2019,
            "quarter": 1,
            "eps": 0.91,
            "eps_growth_year": 2.25,
            "eps_4q": 3.67,
            "eps_4q_growth_year": 6.27,
            "roe": 4.41,
            "roe_4q": 19,
            "gross_profit": 497544,
            "gross_margin": 36.02,
            "gross_margin_4q_avg": 34.26,
            "net_income": 198113,
            "net_income_4q": null,
            "revenue": 1381195,
            "revenue_4q": null,
            "common_shares": 2211212,
            "book_valuer_per_share": 21.04,
            "book_valuer_per_share_4q_avg": 19.45,
            "equity": 4603731,
            "current_ratio": 205.42,
            "debt_ratio": 27.33,
            "inventory_turnover_ratio": 1.63,
            "account_receivable_turnover_ratio": 1.51,
            "reinvestment_rate": -5.49,
            "research_to_sale_ratio": 1.34,
            "price_fair": 105.79,
            "eps_avg_yearly": 3.02,
            "eps_latest_yearly": 3.64,
            "eps_growth_yearly": 54.2
        },
        "20192": {
            "year_quarter": 20192,
            "year": 2019,
            "quarter": 2,
            "eps": 0.66,
            "eps_growth_year": -2.94,
            "eps_4q": 3.65,
            "eps_4q_growth_year": 2.07,
            "roe": 3.28,
            "roe_4q": 18.689999999999998,
            "gross_profit": 499262,
            "gross_margin": 34.91,
            "gross_margin_4q_avg": 34.75,
            "net_income": 143772,
            "net_income_4q": null,
            "revenue": 1430008,
            "revenue_4q": null,
            "common_shares": 2211212,
            "book_valuer_per_share": 19.05,
            "book_valuer_per_share_4q_avg": 19.72,
            "equity": 4168170,
            "current_ratio": 154.02,
            "debt_ratio": 34.38,
            "inventory_turnover_ratio": 1.76,
            "account_receivable_turnover_ratio": 1.95,
            "reinvestment_rate": -6.56,
            "research_to_sale_ratio": 1.25,
            "price_fair": 109.64,
            "eps_avg_yearly": 3.13,
            "eps_latest_yearly": 2.64,
            "eps_growth_yearly": 59.24
        },
        "20193": {
            "year_quarter": 20193,
            "year": 2019,
            "quarter": 3,
            "eps": 0.87,
            "eps_growth_year": 7.41,
            "eps_4q": 3.71,
            "eps_4q_growth_year": 2.98,
            "roe": 4.47,
            "roe_4q": 18.75,
            "gross_profit": 527569,
            "gross_margin": 36.21,
            "gross_margin_4q_avg": 35.16,
            "net_income": 190380,
            "net_income_4q": null,
            "revenue": 1457089,
            "revenue_4q": null,
            "common_shares": 2211212,
            "book_valuer_per_share": 19.88,
            "book_valuer_per_share_4q_avg": 19.99,
            "equity": 4349468,
            "current_ratio": 178.33,
            "debt_ratio": 29.06,
            "inventory_turnover_ratio": 1.73,
            "account_receivable_turnover_ratio": 1.93,
            "reinvestment_rate": -8.26,
            "research_to_sale_ratio": 1.41,
            "price_fair": 112.44,
            "eps_avg_yearly": 3.21,
            "eps_latest_yearly": 3.48,
            "eps_growth_yearly": 29.69
        },
        "20194": {
            "year_quarter": 20194,
            "year": 2019,
            "quarter": 4,
            "eps": 1.63,
            "eps_growth_year": 27.5,
            "eps_4q": 4.06,
            "eps_4q_growth_year": 11.14,
            "roe": 7.89,
            "roe_4q": 20.049999999999997,
            "gross_profit": 719805,
            "gross_margin": 35.45,
            "gross_margin_4q_avg": 35.65,
            "net_income": 356453,
            "net_income_4q": null,
            "revenue": 2030684,
            "revenue_4q": null,
            "common_shares": 2211212,
            "book_valuer_per_share": 21.43,
            "book_valuer_per_share_4q_avg": 20.35,
            "equity": 4688556,
            "current_ratio": 172.96,
            "debt_ratio": 31.53,
            "inventory_turnover_ratio": 2.35,
            "account_receivable_turnover_ratio": 2.13,
            "reinvestment_rate": -2.06,
            "research_to_sale_ratio": 0.91,
            "price_fair": 120.58,
            "eps_avg_yearly": 3.45,
            "eps_latest_yearly": 6.52,
            "eps_growth_yearly": 44.72
        },
        "20201": {
            "year_quarter": 20201,
            "year": 2020,
            "quarter": 1,
            "eps": 0.75,
            "eps_growth_year": -17.58,
            "eps_4q": 3.91,
            "eps_4q_growth_year": 6.38,
            "roe": 3.45,
            "roe_4q": 19.09,
            "gross_profit": 622340,
            "gross_margin": 38.98,
            "gross_margin_4q_avg": 36.39,
            "net_income": 164007,
            "net_income_4q": null,
            "revenue": 1596765,
            "revenue_4q": null,
            "common_shares": 2211212,
            "book_valuer_per_share": 21.99,
            "book_valuer_per_share_4q_avg": 20.59,
            "equity": 4811381,
            "current_ratio": 189.2,
            "debt_ratio": 29.7,
            "inventory_turnover_ratio": 1.75,
            "account_receivable_turnover_ratio": 1.69,
            "reinvestment_rate": -3.46,
            "research_to_sale_ratio": 1.29,
            "price_fair": 121.28,
            "eps_avg_yearly": 3.47,
            "eps_latest_yearly": 3,
            "eps_growth_yearly": 32.29
        },
        "20202": {
            "year_quarter": 20202,
            "year": 2020,
            "quarter": 2,
            "eps": 0.7,
            "eps_growth_year": 6.06,
            "eps_4q": 3.95,
            "eps_4q_growth_year": 8.12,
            "roe": 3.33,
            "roe_4q": 19.14,
            "gross_profit": 510775,
            "gross_margin": 36.68,
            "gross_margin_4q_avg": 36.83,
            "net_income": 152882,
            "net_income_4q": null,
            "revenue": 1392399,
            "revenue_4q": null,
            "common_shares": 2211212,
            "book_valuer_per_share": 20,
            "book_valuer_per_share_4q_avg": 20.83,
            "equity": 4375650,
            "current_ratio": 147.45,
            "debt_ratio": 36.04,
            "inventory_turnover_ratio": 1.56,
            "account_receivable_turnover_ratio": 1.91,
            "reinvestment_rate": -4.75,
            "research_to_sale_ratio": 1.43,
            "price_fair": 122.15,
            "eps_avg_yearly": 3.49,
            "eps_latest_yearly": 2.8,
            "eps_growth_yearly": 33.23
        },
        "20203": {
            "year_quarter": 20203,
            "year": 2020,
            "quarter": 3,
            "eps": 1.06,
            "eps_growth_year": 21.84,
            "eps_4q": 4.13,
            "eps_4q_growth_year": 11.39,
            "roe": 5.13,
            "roe_4q": 19.8,
            "gross_profit": 595348,
            "gross_margin": 37.65,
            "gross_margin_4q_avg": 37.19,
            "net_income": 230990,
            "net_income_4q": null,
            "revenue": 1581082,
            "revenue_4q": null,
            "common_shares": 2211212,
            "book_valuer_per_share": 21.12,
            "book_valuer_per_share_4q_avg": 21.14,
            "equity": 4621147,
            "current_ratio": 165.9,
            "debt_ratio": 32.03,
            "inventory_turnover_ratio": 1.5,
            "account_receivable_turnover_ratio": 2.1,
            "reinvestment_rate": -3.8,
            "research_to_sale_ratio": 1.31,
            "price_fair": 126.26,
            "eps_avg_yearly": 3.61,
            "eps_latest_yearly": 4.24,
            "eps_growth_yearly": 46.51
        },
        "20204": {
            "year_quarter": 20204,
            "year": 2020,
            "quarter": 4,
            "eps": 1.58,
            "eps_growth_year": -3.3,
            "eps_4q": 4.08,
            "eps_4q_growth_year": 0.43,
            "roe": 7.14,
            "roe_4q": 19.05,
            "gross_profit": 713504,
            "gross_margin": 34.67,
            "gross_margin_4q_avg": 37,
            "net_income": 344688,
            "net_income_4q": null,
            "revenue": 2057878,
            "revenue_4q": null,
            "common_shares": 2211212,
            "book_valuer_per_share": 23.03,
            "book_valuer_per_share_4q_avg": 21.54,
            "equity": 5038876,
            "current_ratio": 171.91,
            "debt_ratio": 32.85,
            "inventory_turnover_ratio": 1.89,
            "account_receivable_turnover_ratio": 2.13,
            "reinvestment_rate": 5.91,
            "research_to_sale_ratio": 0.84,
            "price_fair": 132.3,
            "eps_avg_yearly": 3.78,
            "eps_latest_yearly": 6.32,
            "eps_growth_yearly": 46.06
        },
        "20211": {
            "year_quarter": 20211,
            "year": 2021,
            "quarter": 1,
            "eps": 1.34,
            "eps_growth_year": 78.67,
            "eps_4q": 4.67,
            "eps_4q_growth_year": 19.5,
            "roe": 5.66,
            "roe_4q": 21.259999999999998,
            "gross_profit": 739438,
            "gross_margin": 38.49,
            "gross_margin_4q_avg": 36.87,
            "net_income": 292668,
            "net_income_4q": null,
            "revenue": 1921354,
            "revenue_4q": null,
            "common_shares": 2211212,
            "book_valuer_per_share": 24.2,
            "book_valuer_per_share_4q_avg": 22.09,
            "equity": 5294164,
            "current_ratio": 188.34,
            "debt_ratio": 30.9,
            "inventory_turnover_ratio": 1.73,
            "account_receivable_turnover_ratio": 1.9,
            "reinvestment_rate": 4.9,
            "research_to_sale_ratio": 1.08,
            "price_fair": 137.64,
            "eps_avg_yearly": 3.93,
            "eps_latest_yearly": 5.36,
            "eps_growth_yearly": 46.76
        },
        "20212": {
            "year_quarter": 20212,
            "year": 2021,
            "quarter": 2,
            "eps": 0.94,
            "eps_growth_year": 34.29,
            "eps_4q": 4.91,
            "eps_4q_growth_year": 24.43,
            "roe": 4.07,
            "roe_4q": 22,
            "gross_profit": 612546,
            "gross_margin": 36.16,
            "gross_margin_4q_avg": 36.74,
            "net_income": 206381,
            "net_income_4q": null,
            "revenue": 1694029,
            "revenue_4q": null,
            "common_shares": 2211212,
            "book_valuer_per_share": 22.11,
            "book_valuer_per_share_4q_avg": 22.62,
            "equity": 4837334,
            "current_ratio": 145.71,
            "debt_ratio": 38.23,
            "inventory_turnover_ratio": 1.45,
            "account_receivable_turnover_ratio": 2.06,
            "reinvestment_rate": 16.34,
            "research_to_sale_ratio": 1.16,
            "price_fair": 140.96,
            "eps_avg_yearly": 4.03,
            "eps_latest_yearly": 3.76,
            "eps_growth_yearly": 45.12
        },
        "20213": {
            "year_quarter": 20213,
            "year": 2021,
            "quarter": 3,
            "eps": 1.03,
            "eps_growth_year": -2.83,
            "eps_4q": 4.88,
            "eps_4q_growth_year": 18.16,
            "roe": 4.48,
            "roe_4q": 21.35,
            "gross_profit": 596432,
            "gross_margin": 35.89,
            "gross_margin_4q_avg": 36.3,
            "net_income": 222966,
            "net_income_4q": null,
            "revenue": 1661627,
            "revenue_4q": null,
            "common_shares": 2211212,
            "book_valuer_per_share": 23.11,
            "book_valuer_per_share_4q_avg": 23.11,
            "equity": 5118759,
            "current_ratio": 166.81,
            "debt_ratio": 31.61,
            "inventory_turnover_ratio": 1.21,
            "account_receivable_turnover_ratio": 2.07,
            "reinvestment_rate": 16.22,
            "research_to_sale_ratio": 1.37,
            "price_fair": 143.15,
            "eps_avg_yearly": 4.09,
            "eps_latest_yearly": 4.12,
            "eps_growth_yearly": 37.69
        },
        "20214": {
            "year_quarter": 20214,
            "year": 2021,
            "quarter": 4,
            "eps": 1.31,
            "eps_growth_year": -16.88,
            "eps_4q": 4.62,
            "eps_4q_growth_year": 13.2,
            "roe": 5.41,
            "roe_4q": 19.62,
            "gross_profit": 740403,
            "gross_margin": 32.3,
            "gross_margin_4q_avg": 35.71,
            "net_income": 285928,
            "net_income_4q": null,
            "revenue": 2292352,
            "revenue_4q": null,
            "common_shares": 2211212,
            "book_valuer_per_share": 24.59,
            "book_valuer_per_share_4q_avg": 23.5,
            "equity": 5442153,
            "current_ratio": 168.97,
            "debt_ratio": 34.27,
            "inventory_turnover_ratio": 1.62,
            "account_receivable_turnover_ratio": 2.14,
            "reinvestment_rate": 12.87,
            "research_to_sale_ratio": 1.15,
            "price_fair": 143.85,
            "eps_avg_yearly": 4.11,
            "eps_latest_yearly": 5.24,
            "eps_growth_yearly": 30.06
        },
        "20221": {
            "year_quarter": 20221,
            "year": 2022,
            "quarter": 1,
            "eps": 1.39,
            "eps_growth_year": 3.73,
            "eps_4q": 4.67,
            "eps_4q_growth_year": -0.01,
            "roe": 5.4,
            "roe_4q": 19.36,
            "gross_profit": 745932,
            "gross_margin": 35.64,
            "gross_margin_4q_avg": 35,
            "net_income": 303246,
            "net_income_4q": null,
            "revenue": 2092829,
            "revenue_4q": null,
            "common_shares": 2211212,
            "book_valuer_per_share": 26.2,
            "book_valuer_per_share_4q_avg": 24,
            "equity": 5797288,
            "current_ratio": 182.74,
            "debt_ratio": 32.38,
            "inventory_turnover_ratio": 1.39,
            "account_receivable_turnover_ratio": 1.8,
            "reinvestment_rate": 17.52,
            "research_to_sale_ratio": 1.1,
            "price_fair": 148.23,
            "eps_avg_yearly": 4.24,
            "eps_latest_yearly": 5.56,
            "eps_growth_yearly": 38.5
        },
        "20222": {
            "year_quarter": 20222,
            "year": 2022,
            "quarter": 2,
            "eps": 0.94,
            "eps_growth_year": 0,
            "eps_4q": 4.66,
            "eps_4q_growth_year": -5.13,
            "roe": 3.66,
            "roe_4q": 18.950000000000003,
            "gross_profit": 649223,
            "gross_margin": 32.54,
            "gross_margin_4q_avg": 34.09,
            "net_income": 201855,
            "net_income_4q": null,
            "revenue": 1995151,
            "revenue_4q": null,
            "common_shares": 2211212,
            "book_valuer_per_share": 23.58,
            "book_valuer_per_share_4q_avg": 24.37,
            "equity": 5221243,
            "current_ratio": 150.85,
            "debt_ratio": 40.91,
            "inventory_turnover_ratio": 1.29,
            "account_receivable_turnover_ratio": 1.92,
            "reinvestment_rate": 15.85,
            "research_to_sale_ratio": 1.03,
            "price_fair": 150.5,
            "eps_avg_yearly": 4.3,
            "eps_latest_yearly": 3.76,
            "eps_growth_yearly": 36.3
        },
        "20223": {
            "year_quarter": 20223,
            "year": 2022,
            "quarter": 3,
            "eps": 1.15,
            "eps_growth_year": 11.65,
            "eps_4q": 4.78,
            "eps_4q_growth_year": -2.11,
            "roe": 4.64,
            "roe_4q": 19.11,
            "gross_profit": 655804,
            "gross_margin": 33.42,
            "gross_margin_4q_avg": 33.48,
            "net_income": 249350,
            "net_income_4q": null,
            "revenue": 1962032,
            "revenue_4q": null,
            "common_shares": 2211212,
            "book_valuer_per_share": 24.97,
            "book_valuer_per_share_4q_avg": 24.84,
            "equity": 5524090,
            "current_ratio": 177.67,
            "debt_ratio": 34.28,
            "inventory_turnover_ratio": 1.14,
            "account_receivable_turnover_ratio": 1.94,
            "reinvestment_rate": 15.63,
            "research_to_sale_ratio": 1.24,
            "price_fair": 153.48,
            "eps_avg_yearly": 4.39,
            "eps_latest_yearly": 4.6,
            "eps_growth_yearly": 37.11
        },
        "20224": {
            "year_quarter": 20224,
            "year": 2022,
            "quarter": 4,
            "eps": 1.19,
            "eps_growth_year": -9.44,
            "eps_4q": 4.66,
            "eps_4q_growth_year": 0.85,
            "roe": 4.53,
            "roe_4q": 18.23,
            "gross_profit": 686407,
            "gross_margin": 31.74,
            "gross_margin_4q_avg": 33.34,
            "net_income": 255002,
            "net_income_4q": null,
            "revenue": 2162850,
            "revenue_4q": null,
            "common_shares": 2211212,
            "book_valuer_per_share": 25.9,
            "book_valuer_per_share_4q_avg": 25.16,
            "equity": 5722481,
            "current_ratio": 181.19,
            "debt_ratio": 34.16,
            "inventory_turnover_ratio": 1.25,
            "account_receivable_turnover_ratio": 2.03,
            "reinvestment_rate": 17.13,
            "research_to_sale_ratio": 0.35,
            "price_fair": 146.03,
            "eps_avg_yearly": 4.36,
            "eps_latest_yearly": 4.76,
            "eps_growth_yearly": 23.47
        },
        "20231": {
            "year_quarter": 20231,
            "year": 2023,
            "quarter": 1,
            "eps": 1,
            "eps_growth_year": -28.06,
            "eps_4q": 4.27,
            "eps_4q_growth_year": -8.52,
            "roe": 3.72,
            "roe_4q": 16.55,
            "gross_profit": 677121,
            "gross_margin": 34.85,
            "gross_margin_4q_avg": 33.14,
            "net_income": 216897,
            "net_income_4q": null,
            "revenue": 1942863,
            "revenue_4q": null,
            "common_shares": 2211212,
            "book_valuer_per_share": 26.96,
            "book_valuer_per_share_4q_avg": 25.35,
            "equity": 5952273,
            "current_ratio": 201.79,
            "debt_ratio": 30.7,
            "inventory_turnover_ratio": 1.16,
            "account_receivable_turnover_ratio": 1.79,
            "reinvestment_rate": 16.32,
            "research_to_sale_ratio": 1.03,
            "price_fair": 153.48,
            "eps_avg_yearly": 4.39,
            "eps_latest_yearly": 4,
            "eps_growth_yearly": 26.71
        },
        "20232": {
            "year_quarter": 20232,
            "year": 2023,
            "quarter": 2,
            "eps": 0.89,
            "eps_growth_year": -5.32,
            "eps_4q": 4.23,
            "eps_4q_growth_year": -9.33,
            "roe": 3.44,
            "roe_4q": 16.330000000000002,
            "gross_profit": 636781,
            "gross_margin": 33.67,
            "gross_margin_4q_avg": 33.42,
            "net_income": 194420,
            "net_income_4q": null,
            "revenue": 1891310,
            "revenue_4q": null,
            "common_shares": 2211212,
            "book_valuer_per_share": 24.17,
            "book_valuer_per_share_4q_avg": 25.5,
            "equity": 5341719,
            "current_ratio": 153.83,
            "debt_ratio": 39.06,
            "inventory_turnover_ratio": 1.22,
            "account_receivable_turnover_ratio": 1.84,
            "reinvestment_rate": 19.91,
            "research_to_sale_ratio": 1.06,
            "price_fair": 155.49,
            "eps_avg_yearly": 4.44,
            "eps_latest_yearly": 3.56,
            "eps_growth_yearly": 30.83
        },
        "20233": {
            "year_quarter": 20233,
            "year": 2023,
            "quarter": 3,
            "eps": 1.45,
            "eps_growth_year": 26.09,
            "eps_4q": 4.53,
            "eps_4q_growth_year": -5.24,
            "roe": 5.74,
            "roe_4q": 17.43,
            "gross_profit": 770025,
            "gross_margin": 36.08,
            "gross_margin_4q_avg": 34.09,
            "net_income": 317415,
            "net_income_4q": null,
            "revenue": 2134096,
            "revenue_4q": null,
            "common_shares": 2211212,
            "book_valuer_per_share": 25.91,
            "book_valuer_per_share_4q_avg": 25.74,
            "equity": 5722510,
            "current_ratio": 176.14,
            "debt_ratio": 34.02,
            "inventory_turnover_ratio": 1.27,
            "account_receivable_turnover_ratio": 1.96,
            "reinvestment_rate": 19.85,
            "research_to_sale_ratio": 1.12,
            "price_fair": 160.56,
            "eps_avg_yearly": 4.59,
            "eps_latest_yearly": 5.8,
            "eps_growth_yearly": 38.6
        },
        "20234": {
            "year_quarter": 20234,
            "year": 2023,
            "quarter": 4,
            "eps": 1.56,
            "eps_growth_year": 31.25,
            "eps_4q": 4.9,
            "eps_4q_growth_year": 5.23,
            "roe": 5.79,
            "roe_4q": 18.69,
            "gross_profit": 799620,
            "gross_margin": 34.7,
            "gross_margin_4q_avg": 34.83,
            "net_income": 340375,
            "net_income_4q": null,
            "revenue": 2304146,
            "revenue_4q": null,
            "common_shares": 2211212,
            "book_valuer_per_share": 27.36,
            "book_valuer_per_share_4q_avg": 26.1,
            "equity": 6037838,
            "current_ratio": 174.95,
            "debt_ratio": 36.67,
            "inventory_turnover_ratio": 1.24,
            "account_receivable_turnover_ratio": 1.94,
            "reinvestment_rate": 21.42,
            "research_to_sale_ratio": 0.83,
            "price_fair": 130.98,
            "eps_avg_yearly": 4.57,
            "eps_latest_yearly": 6.24,
            "eps_growth_yearly": 18.66
        }
    },
    "months": {
        "2001-06": {
            "month": "2001-06",
            "price": "10.88",
            "revenue": 114134
        },
        "2001-07": {
            "month": "2001-07",
            "price": "10.38",
            "revenue": 113291
        },
        "2001-08": {
            "month": "2001-08",
            "price": "9.17",
            "revenue": 104165
        },
        "2001-09": {
            "month": "2001-09",
            "price": "5.69",
            "revenue": 94485
        },
        "2001-10": {
            "month": "2001-10",
            "price": "4.55",
            "revenue": 122348
        },
        "2001-11": {
            "month": "2001-11",
            "price": "13.11",
            "revenue": 126787
        },
        "2001-12": {
            "month": "2001-12",
            "price": "12.65",
            "revenue": 145408
        },
        "2002-01": {
            "month": "2002-01",
            "price": "13.52",
            "revenue": 176336
        },
        "2002-02": {
            "month": "2002-02",
            "price": "14.61",
            "revenue": 111747
        },
        "2002-03": {
            "month": "2002-03",
            "price": "14.40",
            "revenue": 84560
        },
        "2002-04": {
            "month": "2002-04",
            "price": "14.62",
            "revenue": 95083
        },
        "2002-05": {
            "month": "2002-05",
            "price": "12.95",
            "revenue": 118101
        },
        "2002-06": {
            "month": "2002-06",
            "price": "12.90",
            "revenue": 125224
        },
        "2002-07": {
            "month": "2002-07",
            "price": "10.93",
            "revenue": 108121
        },
        "2002-08": {
            "month": "2002-08",
            "price": "11.84",
            "revenue": 119230
        },
        "2002-09": {
            "month": "2002-09",
            "price": "9.68",
            "revenue": 144180
        },
        "2002-10": {
            "month": "2002-10",
            "price": "7.78",
            "revenue": 112065
        },
        "2002-11": {
            "month": "2002-11",
            "price": "11.45",
            "revenue": 166011
        },
        "2002-12": {
            "month": "2002-12",
            "price": "10.96",
            "revenue": 178384
        },
        "2003-01": {
            "month": "2003-01",
            "price": "11.45",
            "revenue": 222003
        },
        "2003-02": {
            "month": "2003-02",
            "price": "11.42",
            "revenue": 109843
        },
        "2003-03": {
            "month": "2003-03",
            "price": "10.59",
            "revenue": 154063
        },
        "2003-04": {
            "month": "2003-04",
            "price": "9.40",
            "revenue": 147940
        },
        "2003-05": {
            "month": "2003-05",
            "price": "7.47",
            "revenue": 130408
        },
        "2003-06": {
            "month": "2003-06",
            "price": "9.13",
            "revenue": 128015
        },
        "2003-07": {
            "month": "2003-07",
            "price": "9.13",
            "revenue": 126154
        },
        "2003-08": {
            "month": "2003-08",
            "price": "9.46",
            "revenue": 120038
        },
        "2003-09": {
            "month": "2003-09",
            "price": "8.87",
            "revenue": 169337
        },
        "2003-10": {
            "month": "2003-10",
            "price": "9.39",
            "revenue": 155426
        },
        "2003-11": {
            "month": "2003-11",
            "price": "9.66",
            "revenue": 181912
        },
        "2003-12": {
            "month": "2003-12",
            "price": "8.87",
            "revenue": 260399
        },
        "2004-01": {
            "month": "2004-01",
            "price": "9.74",
            "revenue": 203115
        },
        "2004-02": {
            "month": "2004-02",
            "price": "12.46",
            "revenue": 171138
        },
        "2004-03": {
            "month": "2004-03",
            "price": "12.90",
            "revenue": 186167
        },
        "2004-04": {
            "month": "2004-04",
            "price": "12.01",
            "revenue": 174926
        },
        "2004-05": {
            "month": "2004-05",
            "price": "10.56",
            "revenue": 178750
        },
        "2004-06": {
            "month": "2004-06",
            "price": "9.81",
            "revenue": 201362
        },
        "2004-07": {
            "month": "2004-07",
            "price": "9.00",
            "revenue": 178571
        },
        "2004-08": {
            "month": "2004-08",
            "price": "8.75",
            "revenue": 158390
        },
        "2004-09": {
            "month": "2004-09",
            "price": "9.20",
            "revenue": 177347
        },
        "2004-10": {
            "month": "2004-10",
            "price": "8.98",
            "revenue": 187413
        },
        "2004-11": {
            "month": "2004-11",
            "price": "8.90",
            "revenue": 221368
        },
        "2004-12": {
            "month": "2004-12",
            "price": "9.11",
            "revenue": 252942
        },
        "2005-01": {
            "month": "2005-01",
            "price": "9.37",
            "revenue": 296078
        },
        "2005-02": {
            "month": "2005-02",
            "price": "9.17",
            "revenue": 161455
        },
        "2005-03": {
            "month": "2005-03",
            "price": "8.91",
            "revenue": 187383
        },
        "2005-04": {
            "month": "2005-04",
            "price": "7.99",
            "revenue": 193026
        },
        "2005-05": {
            "month": "2005-05",
            "price": "7.90",
            "revenue": 189062
        },
        "2005-06": {
            "month": "2005-06",
            "price": "8.28",
            "revenue": 200099
        },
        "2005-07": {
            "month": "2005-07",
            "price": "7.99",
            "revenue": 167139
        },
        "2005-08": {
            "month": "2005-08",
            "price": "8.08",
            "revenue": 216167
        },
        "2005-09": {
            "month": "2005-09",
            "price": "8.17",
            "revenue": 182530
        },
        "2005-10": {
            "month": "2005-10",
            "price": "7.08",
            "revenue": 219936
        },
        "2005-11": {
            "month": "2005-11",
            "price": "6.94",
            "revenue": 241492
        },
        "2005-12": {
            "month": "2005-12",
            "price": "7.31",
            "revenue": 311395
        },
        "2006-01": {
            "month": "2006-01",
            "price": "7.04",
            "revenue": 310065
        },
        "2006-02": {
            "month": "2006-02",
            "price": "6.65",
            "revenue": 136463
        },
        "2006-03": {
            "month": "2006-03",
            "price": "5.17",
            "revenue": 220458
        },
        "2006-04": {
            "month": "2006-04",
            "price": "5.18",
            "revenue": 189962
        },
        "2006-05": {
            "month": "2006-05",
            "price": "5.92",
            "revenue": 216682
        },
        "2006-06": {
            "month": "2006-06",
            "price": "5.30",
            "revenue": 239294
        },
        "2006-07": {
            "month": "2006-07",
            "price": "5.16",
            "revenue": 206404
        },
        "2006-08": {
            "month": "2006-08",
            "price": "5.02",
            "revenue": 212451
        },
        "2006-09": {
            "month": "2006-09",
            "price": "5.16",
            "revenue": 191389
        },
        "2006-10": {
            "month": "2006-10",
            "price": "6.56",
            "revenue": 229985
        },
        "2006-11": {
            "month": "2006-11",
            "price": "6.88",
            "revenue": 205862
        },
        "2006-12": {
            "month": "2006-12",
            "price": "8.36",
            "revenue": 262471
        },
        "2007-01": {
            "month": "2007-01",
            "price": "10.95",
            "revenue": 290891
        },
        "2007-02": {
            "month": "2007-02",
            "price": "10.07",
            "revenue": 240307
        },
        "2007-03": {
            "month": "2007-03",
            "price": "9.47",
            "revenue": 221888
        },
        "2007-04": {
            "month": "2007-04",
            "price": "10.43",
            "revenue": 191967
        },
        "2007-05": {
            "month": "2007-05",
            "price": "9.40",
            "revenue": 210634
        },
        "2007-06": {
            "month": "2007-06",
            "price": "9.52",
            "revenue": 223558
        },
        "2007-07": {
            "month": "2007-07",
            "price": "11.04",
            "revenue": 225813
        },
        "2007-08": {
            "month": "2007-08",
            "price": "13.16",
            "revenue": 236828
        },
        "2007-09": {
            "month": "2007-09",
            "price": "13.92",
            "revenue": 226535
        },
        "2007-10": {
            "month": "2007-10",
            "price": "12.85",
            "revenue": 259354
        },
        "2007-11": {
            "month": "2007-11",
            "price": "11.18",
            "revenue": 319536
        },
        "2007-12": {
            "month": "2007-12",
            "price": "10.65",
            "revenue": 345581
        },
        "2008-01": {
            "month": "2008-01",
            "price": "10.72",
            "revenue": 393644
        },
        "2008-02": {
            "month": "2008-02",
            "price": "10.96",
            "revenue": 235231
        },
        "2008-03": {
            "month": "2008-03",
            "price": "12.64",
            "revenue": 257372
        },
        "2008-04": {
            "month": "2008-04",
            "price": "13.77",
            "revenue": 245930
        },
        "2008-05": {
            "month": "2008-05",
            "price": "14.51",
            "revenue": 254960
        },
        "2008-06": {
            "month": "2008-06",
            "price": "12.44",
            "revenue": 284708
        },
        "2008-07": {
            "month": "2008-07",
            "price": "11.19",
            "revenue": 230217
        },
        "2008-08": {
            "month": "2008-08",
            "price": "11.04",
            "revenue": 230573
        },
        "2008-09": {
            "month": "2008-09",
            "price": "7.68",
            "revenue": 245025
        },
        "2008-10": {
            "month": "2008-10",
            "price": "6.64",
            "revenue": 232492
        },
        "2008-11": {
            "month": "2008-11",
            "price": "7.10",
            "revenue": 215967
        },
        "2008-12": {
            "month": "2008-12",
            "price": "7.56",
            "revenue": 275152
        },
        "2009-01": {
            "month": "2009-01",
            "price": "7.45",
            "revenue": 351784
        },
        "2009-02": {
            "month": "2009-02",
            "price": "7.61",
            "revenue": 207647
        },
        "2009-03": {
            "month": "2009-03",
            "price": "10.47",
            "revenue": 204418
        },
        "2009-04": {
            "month": "2009-04",
            "price": "13.07",
            "revenue": 222211
        },
        "2009-05": {
            "month": "2009-05",
            "price": "14.00",
            "revenue": 215141
        },
        "2009-06": {
            "month": "2009-06",
            "price": "13.43",
            "revenue": 220521
        },
        "2009-07": {
            "month": "2009-07",
            "price": "13.82",
            "revenue": 232176
        },
        "2009-08": {
            "month": "2009-08",
            "price": "12.75",
            "revenue": 227823
        },
        "2009-09": {
            "month": "2009-09",
            "price": "12.81",
            "revenue": 253404
        },
        "2009-10": {
            "month": "2009-10",
            "price": "13.49",
            "revenue": 240960
        },
        "2009-11": {
            "month": "2009-11",
            "price": "15.63",
            "revenue": 279211
        },
        "2009-12": {
            "month": "2009-12",
            "price": "16.30",
            "revenue": 348269
        },
        "2010-01": {
            "month": "2010-01",
            "price": "16.00",
            "revenue": 446316
        },
        "2010-02": {
            "month": "2010-02",
            "price": "14.69",
            "revenue": 271336
        },
        "2010-03": {
            "month": "2010-03",
            "price": "18.79",
            "revenue": 238973
        },
        "2010-04": {
            "month": "2010-04",
            "price": "21.49",
            "revenue": 229552
        },
        "2010-05": {
            "month": "2010-05",
            "price": "21.52",
            "revenue": 224394
        },
        "2010-06": {
            "month": "2010-06",
            "price": "22.92",
            "revenue": 260173
        },
        "2010-07": {
            "month": "2010-07",
            "price": "26.40",
            "revenue": 259829
        },
        "2010-08": {
            "month": "2010-08",
            "price": "29.18",
            "revenue": 252817
        },
        "2010-09": {
            "month": "2010-09",
            "price": "27.98",
            "revenue": 245737
        },
        "2010-10": {
            "month": "2010-10",
            "price": "25.81",
            "revenue": 270152
        },
        "2010-11": {
            "month": "2010-11",
            "price": "24.13",
            "revenue": 285394
        },
        "2010-12": {
            "month": "2010-12",
            "price": "25.52",
            "revenue": 378861
        },
        "2011-01": {
            "month": "2011-01",
            "price": "23.69",
            "revenue": 448434
        },
        "2011-02": {
            "month": "2011-02",
            "price": "21.67",
            "revenue": 244954
        },
        "2011-03": {
            "month": "2011-03",
            "price": "22.96",
            "revenue": 274913
        },
        "2011-04": {
            "month": "2011-04",
            "price": "24.45",
            "revenue": 266818
        },
        "2011-05": {
            "month": "2011-05",
            "price": "22.81",
            "revenue": 266410
        },
        "2011-06": {
            "month": "2011-06",
            "price": "21.06",
            "revenue": 264875
        },
        "2011-07": {
            "month": "2011-07",
            "price": "20.95",
            "revenue": 245499
        },
        "2011-08": {
            "month": "2011-08",
            "price": "20.01",
            "revenue": 238067
        },
        "2011-09": {
            "month": "2011-09",
            "price": "16.94",
            "revenue": 283559
        },
        "2011-10": {
            "month": "2011-10",
            "price": "16.57",
            "revenue": 293795
        },
        "2011-11": {
            "month": "2011-11",
            "price": "17.05",
            "revenue": 347423
        },
        "2011-12": {
            "month": "2011-12",
            "price": "15.60",
            "revenue": 469899
        },
        "2012-01": {
            "month": "2012-01",
            "price": "16.29",
            "revenue": 395741
        },
        "2012-02": {
            "month": "2012-02",
            "price": "18.09",
            "revenue": 305752
        },
        "2012-03": {
            "month": "2012-03",
            "price": "18.35",
            "revenue": 309812
        },
        "2012-04": {
            "month": "2012-04",
            "price": "16.28",
            "revenue": 291327
        },
        "2012-05": {
            "month": "2012-05",
            "price": "15.37",
            "revenue": 260343
        },
        "2012-06": {
            "month": "2012-06",
            "price": "15.01",
            "revenue": 282642
        },
        "2012-07": {
            "month": "2012-07",
            "price": "14.77",
            "revenue": 275130
        },
        "2012-08": {
            "month": "2012-08",
            "price": "15.07",
            "revenue": 274158
        },
        "2012-09": {
            "month": "2012-09",
            "price": "15.34",
            "revenue": 292119
        },
        "2012-10": {
            "month": "2012-10",
            "price": "16.45",
            "revenue": 339938
        },
        "2012-11": {
            "month": "2012-11",
            "price": "15.89",
            "revenue": 362802
        },
        "2012-12": {
            "month": "2012-12",
            "price": "16.69",
            "revenue": 511605
        },
        "2013-01": {
            "month": "2013-01",
            "price": "17.11",
            "revenue": 467262
        },
        "2013-02": {
            "month": "2013-02",
            "price": "17.08",
            "revenue": 262311
        },
        "2013-03": {
            "month": "2013-03",
            "price": "16.34",
            "revenue": 315620
        },
        "2013-04": {
            "month": "2013-04",
            "price": "16.08",
            "revenue": 297879
        },
        "2013-05": {
            "month": "2013-05",
            "price": "16.73",
            "revenue": 323460
        },
        "2013-06": {
            "month": "2013-06",
            "price": "16.55",
            "revenue": 319618
        },
        "2013-07": {
            "month": "2013-07",
            "price": "16.12",
            "revenue": 357571
        },
        "2013-08": {
            "month": "2013-08",
            "price": "16.31",
            "revenue": 340278
        },
        "2013-09": {
            "month": "2013-09",
            "price": "17.77",
            "revenue": 330744
        },
        "2013-10": {
            "month": "2013-10",
            "price": "18.97",
            "revenue": 390226
        },
        "2013-11": {
            "month": "2013-11",
            "price": "18.98",
            "revenue": 454446
        },
        "2013-12": {
            "month": "2013-12",
            "price": "20.41",
            "revenue": 626008
        },
        "2014-01": {
            "month": "2014-01",
            "price": "20.11",
            "revenue": 536340
        },
        "2014-02": {
            "month": "2014-02",
            "price": "19.95",
            "revenue": 307656
        },
        "2014-03": {
            "month": "2014-03",
            "price": "22.90",
            "revenue": 366842
        },
        "2014-04": {
            "month": "2014-04",
            "price": "22.63",
            "revenue": 353291
        },
        "2014-05": {
            "month": "2014-05",
            "price": "21.60",
            "revenue": 356376
        },
        "2014-06": {
            "month": "2014-06",
            "price": "21.58",
            "revenue": 353177
        },
        "2014-07": {
            "month": "2014-07",
            "price": "21.10",
            "revenue": 341292
        },
        "2014-08": {
            "month": "2014-08",
            "price": "22.25",
            "revenue": 340037
        },
        "2014-09": {
            "month": "2014-09",
            "price": "21.31",
            "revenue": 383543
        },
        "2014-10": {
            "month": "2014-10",
            "price": "20.50",
            "revenue": 432705
        },
        "2014-11": {
            "month": "2014-11",
            "price": "21.15",
            "revenue": 450099
        },
        "2014-12": {
            "month": "2014-12",
            "price": "22.11",
            "revenue": 630368
        },
        "2015-01": {
            "month": "2015-01",
            "price": "22.00",
            "revenue": 518384
        },
        "2015-02": {
            "month": "2015-02",
            "price": "21.90",
            "revenue": 377815
        },
        "2015-03": {
            "month": "2015-03",
            "price": "22.01",
            "revenue": 359389
        },
        "2015-04": {
            "month": "2015-04",
            "price": "22.97",
            "revenue": 340651
        },
        "2015-05": {
            "month": "2015-05",
            "price": "22.58",
            "revenue": 358609
        },
        "2015-06": {
            "month": "2015-06",
            "price": "21.35",
            "revenue": 390097
        },
        "2015-07": {
            "month": "2015-07",
            "price": "20.11",
            "revenue": 370772
        },
        "2015-08": {
            "month": "2015-08",
            "price": "17.58",
            "revenue": 375945
        },
        "2015-09": {
            "month": "2015-09",
            "price": "15.69",
            "revenue": 398875
        },
        "2015-10": {
            "month": "2015-10",
            "price": "17.14",
            "revenue": 469239
        },
        "2015-11": {
            "month": "2015-11",
            "price": "18.09",
            "revenue": 494858
        },
        "2015-12": {
            "month": "2015-12",
            "price": "18.17",
            "revenue": 693962
        },
        "2016-01": {
            "month": "2016-01",
            "price": "17.95",
            "revenue": 608383
        },
        "2016-02": {
            "month": "2016-02",
            "price": "18.45",
            "revenue": 405610
        },
        "2016-03": {
            "month": "2016-03",
            "price": "19.20",
            "revenue": 461441
        },
        "2016-04": {
            "month": "2016-04",
            "price": "20.27",
            "revenue": 469864
        },
        "2016-05": {
            "month": "2016-05",
            "price": "23.75",
            "revenue": 382607
        },
        "2016-06": {
            "month": "2016-06",
            "price": "27.17",
            "revenue": 420987
        },
        "2016-07": {
            "month": "2016-07",
            "price": "31.25",
            "revenue": 397536
        },
        "2016-08": {
            "month": "2016-08",
            "price": "35.21",
            "revenue": 432405
        },
        "2016-09": {
            "month": "2016-09",
            "price": "33.12",
            "revenue": 453997
        },
        "2016-10": {
            "month": "2016-10",
            "price": "35.04",
            "revenue": 443749
        },
        "2016-11": {
            "month": "2016-11",
            "price": "35.87",
            "revenue": 503890
        },
        "2016-12": {
            "month": "2016-12",
            "price": "34.96",
            "revenue": 620380
        },
        "2017-01": {
            "month": "2017-01",
            "price": "31.68",
            "revenue": 560116
        },
        "2017-02": {
            "month": "2017-02",
            "price": "34.04",
            "revenue": 378524
        },
        "2017-03": {
            "month": "2017-03",
            "price": "35.89",
            "revenue": 450296
        },
        "2017-04": {
            "month": "2017-04",
            "price": "34.22",
            "revenue": 379043
        },
        "2017-05": {
            "month": "2017-05",
            "price": "34.92",
            "revenue": 378898
        },
        "2017-06": {
            "month": "2017-06",
            "price": "35.78",
            "revenue": 439778
        },
        "2017-07": {
            "month": "2017-07",
            "price": "35.32",
            "revenue": 391664
        },
        "2017-08": {
            "month": "2017-08",
            "price": "37.96",
            "revenue": 448123
        },
        "2017-09": {
            "month": "2017-09",
            "price": "39.90",
            "revenue": 469969
        },
        "2017-10": {
            "month": "2017-10",
            "price": "39.63",
            "revenue": 456647
        },
        "2017-11": {
            "month": "2017-11",
            "price": "38.53",
            "revenue": 548924
        },
        "2017-12": {
            "month": "2017-12",
            "price": "37.23",
            "revenue": 741877
        },
        "2018-01": {
            "month": "2018-01",
            "price": "38.09",
            "revenue": 562539
        },
        "2018-02": {
            "month": "2018-02",
            "price": "37.77",
            "revenue": 429652
        },
        "2018-03": {
            "month": "2018-03",
            "price": "37.81",
            "revenue": 451770
        },
        "2018-04": {
            "month": "2018-04",
            "price": "37.87",
            "revenue": 376215
        },
        "2018-05": {
            "month": "2018-05",
            "price": "38.89",
            "revenue": 422047
        },
        "2018-06": {
            "month": "2018-06",
            "price": "39.70",
            "revenue": 471685
        },
        "2018-07": {
            "month": "2018-07",
            "price": "37.55",
            "revenue": 452793
        },
        "2018-08": {
            "month": "2018-08",
            "price": "38.53",
            "revenue": 471128
        },
        "2018-09": {
            "month": "2018-09",
            "price": "37.93",
            "revenue": 461917
        },
        "2018-10": {
            "month": "2018-10",
            "price": "35.42",
            "revenue": 516913
        },
        "2018-11": {
            "month": "2018-11",
            "price": "35.30",
            "revenue": 579270
        },
        "2018-12": {
            "month": "2018-12",
            "price": "35.76",
            "revenue": 790161
        },
        "2019-01": {
            "month": "2019-01",
            "price": "37.40",
            "revenue": 608277
        },
        "2019-02": {
            "month": "2019-02",
            "price": "38.94",
            "revenue": 346289
        },
        "2019-03": {
            "month": "2019-03",
            "price": "40.48",
            "revenue": 426629
        },
        "2019-04": {
            "month": "2019-04",
            "price": "42.32",
            "revenue": 452698
        },
        "2019-05": {
            "month": "2019-05",
            "price": "42.70",
            "revenue": 493888
        },
        "2019-06": {
            "month": "2019-06",
            "price": "44.58",
            "revenue": 483422
        },
        "2019-07": {
            "month": "2019-07",
            "price": "47.38",
            "revenue": 463934
        },
        "2019-08": {
            "month": "2019-08",
            "price": "43.97",
            "revenue": 474365
        },
        "2019-09": {
            "month": "2019-09",
            "price": "43.15",
            "revenue": 518790
        },
        "2019-10": {
            "month": "2019-10",
            "price": "46.70",
            "revenue": 520426
        },
        "2019-11": {
            "month": "2019-11",
            "price": "47.11",
            "revenue": 609983
        },
        "2019-12": {
            "month": "2019-12",
            "price": "47.20",
            "revenue": 900275
        },
        "2020-01": {
            "month": "2020-01",
            "price": "47.68",
            "revenue": 588192
        },
        "2020-02": {
            "month": "2020-02",
            "price": "46.93",
            "revenue": 487468
        },
        "2020-03": {
            "month": "2020-03",
            "price": "42.60",
            "revenue": 521105
        },
        "2020-04": {
            "month": "2020-04",
            "price": "44.66",
            "revenue": 424044
        },
        "2020-05": {
            "month": "2020-05",
            "price": "46.73",
            "revenue": 466323
        },
        "2020-06": {
            "month": "2020-06",
            "price": "47.82",
            "revenue": 502032
        },
        "2020-07": {
            "month": "2020-07",
            "price": "48.19",
            "revenue": 472526
        },
        "2020-08": {
            "month": "2020-08",
            "price": "48.81",
            "revenue": 545443
        },
        "2020-09": {
            "month": "2020-09",
            "price": "47.26",
            "revenue": 563113
        },
        "2020-10": {
            "month": "2020-10",
            "price": "48.94",
            "revenue": 595689
        },
        "2020-11": {
            "month": "2020-11",
            "price": "50.79",
            "revenue": 631481
        },
        "2020-12": {
            "month": "2020-12",
            "price": "52.24",
            "revenue": 830708
        },
        "2021-01": {
            "month": "2021-01",
            "price": "51.04",
            "revenue": 786983
        },
        "2021-02": {
            "month": "2021-02",
            "price": "51.75",
            "revenue": 455196
        },
        "2021-03": {
            "month": "2021-03",
            "price": "55.37",
            "revenue": 679175
        },
        "2021-04": {
            "month": "2021-04",
            "price": "63.31",
            "revenue": 571511
        },
        "2021-05": {
            "month": "2021-05",
            "price": "64.01",
            "revenue": 599347
        },
        "2021-06": {
            "month": "2021-06",
            "price": "69.08",
            "revenue": 523171
        },
        "2021-07": {
            "month": "2021-07",
            "price": "66.20",
            "revenue": 562427
        },
        "2021-08": {
            "month": "2021-08",
            "price": "67.74",
            "revenue": 523253
        },
        "2021-09": {
            "month": "2021-09",
            "price": "69.68",
            "revenue": 579661
        },
        "2021-10": {
            "month": "2021-10",
            "price": "69.56",
            "revenue": 617104
        },
        "2021-11": {
            "month": "2021-11",
            "price": "69.51",
            "revenue": 762257
        },
        "2021-12": {
            "month": "2021-12",
            "price": "67.95",
            "revenue": 909458
        },
        "2022-01": {
            "month": "2022-01",
            "price": "68.04",
            "revenue": 854901
        },
        "2022-02": {
            "month": "2022-02",
            "price": "68.15",
            "revenue": 525748
        },
        "2022-03": {
            "month": "2022-03",
            "price": "65.73",
            "revenue": 712184
        },
        "2022-04": {
            "month": "2022-04",
            "price": "63.97",
            "revenue": 661352
        },
        "2022-05": {
            "month": "2022-05",
            "price": "63.52",
            "revenue": 652471
        },
        "2022-06": {
            "month": "2022-06",
            "price": "63.63",
            "revenue": 681498
        },
        "2022-07": {
            "month": "2022-07",
            "price": "61.48",
            "revenue": 667660
        },
        "2022-08": {
            "month": "2022-08",
            "price": "64.42",
            "revenue": 647591
        },
        "2022-09": {
            "month": "2022-09",
            "price": "62.69",
            "revenue": 647120
        },
        "2022-10": {
            "month": "2022-10",
            "price": "60.92",
            "revenue": 621085
        },
        "2022-11": {
            "month": "2022-11",
            "price": "60.40",
            "revenue": 733306
        },
        "2022-12": {
            "month": "2022-12",
            "price": "62.47",
            "revenue": 808001
        },
        "2023-01": {
            "month": "2023-01",
            "price": "62.92",
            "revenue": 703717
        },
        "2023-02": {
            "month": "2023-02",
            "price": "64.06",
            "revenue": 562666
        },
        "2023-03": {
            "month": "2023-03",
            "price": "64.07",
            "revenue": 676602
        },
        "2023-04": {
            "month": "2023-04",
            "price": "63.99",
            "revenue": 564543
        },
        "2023-05": {
            "month": "2023-05",
            "price": "64.92",
            "revenue": 696337
        },
        "2023-06": {
            "month": "2023-06",
            "price": "65.76",
            "revenue": 630384
        },
        "2023-07": {
            "month": "2023-07",
            "price": "62.99",
            "revenue": 677489
        },
        "2023-08": {
            "month": "2023-08",
            "price": "62.75",
            "revenue": 706227
        },
        "2023-09": {
            "month": "2023-09",
            "price": "63.65",
            "revenue": 750342
        },
        "2023-10": {
            "month": "2023-10",
            "price": "64.12",
            "revenue": 719203
        },
        "2023-11": {
            "month": "2023-11",
            "price": "65.65",
            "revenue": 763735
        },
        "2023-12": {
            "month": "2023-12",
            "price": "68.84",
            "revenue": 821070
        }
    }
}
