{
    "summary": {
        "stock_name": "偉聯",
        "stock_id": "9912",
        "category": "電腦及週邊設備",
        "main_business": "液晶顯示器及其零組件之研發與銷售<br>醫療器材及健康照護產品之研發、製造及銷售等業務<br>不動產出租業務",
        "website_url": "http://www.agneovo.com/",
        "ceo": "趙欣媛",
        "pe_ratio": -20,
        "report_year_from": 2001,
        "report_year_to": 2023,
        "age": 23,
        "eps_negative_percentage": 65,
        "eps_growth_avg": {
            "last_all": -32.03,
            "last_2y": -100,
            "last_4y": -100,
            "last_8y": -64.06,
            "last_12y": -42.71,
            "last_16y": -32.03,
            "last_20y": -32.03,
            "at_2006_last_3y": null,
            "at_2007_last_3y": 100,
            "at_2008_last_3y": 0,
            "at_2009_last_3y": 0,
            "at_2010_last_3y": 0,
            "at_2011_last_3y": -100,
            "at_2012_last_3y": 100,
            "at_2013_last_3y": 0,
            "at_2014_last_3y": 0,
            "at_2015_last_3y": -33.33,
            "at_2016_last_3y": -100,
            "at_2017_last_3y": -100,
            "at_2018_last_3y": -28.13,
            "at_2019_last_3y": -28.13,
            "at_2020_last_3y": -28.13,
            "at_2021_last_3y": -28.13,
            "at_2022_last_3y": -100,
            "at_2023_last_3y": -100,
            "at_2024_last_3y": -100,
            "at_2006_last_all": null,
            "at_2007_last_all": 100,
            "at_2008_last_all": 0,
            "at_2009_last_all": 0,
            "at_2010_last_all": 0,
            "at_2011_last_all": 0,
            "at_2012_last_all": 33.33,
            "at_2013_last_all": 0,
            "at_2014_last_all": 0,
            "at_2015_last_all": -20,
            "at_2016_last_all": -20,
            "at_2017_last_all": -20,
            "at_2018_last_all": -9.38,
            "at_2019_last_all": -22.32,
            "at_2020_last_all": -22.32,
            "at_2021_last_all": -22.32,
            "at_2022_last_all": -32.03,
            "at_2023_last_all": -32.03,
            "at_2024_last_all": -32.03
        },
        "latest_eps": -0.57,
        "latest_price": 11.6,
        "latest_roe": -13.52,
        "latest_gross_margin": 35.31,
        "latest_equity": 408599,
        "latest_revenue": 126482,
        "latest_gross_profit": 44660,
        "latest_net_income": -25610,
        "latest_debt_ratio": 43.29,
        "latest_current_ratio": 129.9,
        "latest_account_receivable_turnover_ratio": 2.47,
        "latest_inventory_turnover_ratio": 0.39,
        "latest_reinvestment_rate": null,
        "latest_research_to_sale_ratio": 7.04
    },
    "eps_dividends": {
        "1990": {
            "cash": 0,
            "stock": 2.75,
            "eps": 0
        },
        "1991": {
            "cash": 1.5,
            "stock": 1.5,
            "eps": 0
        },
        "1992": {
            "cash": 1.75,
            "stock": 1.75,
            "eps": 0
        },
        "1993": {
            "cash": 1.39,
            "stock": 1.61,
            "eps": 0
        },
        "1994": {
            "cash": 0.5,
            "stock": 1,
            "eps": 0
        },
        "1995": {
            "cash": 0,
            "stock": 0.3,
            "eps": 0
        },
        "1999": {
            "cash": 0,
            "stock": 0.8,
            "eps": 0
        },
        "2001": {
            "cash": 0,
            "stock": 0,
            "eps": -0.79
        },
        "2002": {
            "cash": 0,
            "stock": 0,
            "eps": -0.73
        },
        "2003": {
            "cash": 0,
            "stock": 0,
            "eps": -2.08
        },
        "2004": {
            "cash": 0,
            "stock": 0,
            "eps": -2.62
        },
        "2005": {
            "cash": 0,
            "stock": 0,
            "eps": -0.9
        },
        "2006": {
            "cash": 0,
            "stock": 0,
            "eps": 0.18
        },
        "2007": {
            "cash": 0,
            "stock": 0,
            "eps": 1.26
        },
        "2008": {
            "cash": 0,
            "stock": 0,
            "eps": -1.49
        },
        "2009": {
            "cash": 0,
            "stock": 0,
            "eps": -1.23
        },
        "2010": {
            "cash": 0,
            "stock": 0,
            "eps": -0.72
        },
        "2011": {
            "cash": 0,
            "stock": 0,
            "eps": 0.15
        },
        "2012": {
            "cash": 0,
            "stock": 0,
            "eps": 14.17
        },
        "2013": {
            "cash": 4.5,
            "stock": 0.5,
            "eps": -0.4
        },
        "2014": {
            "cash": 1,
            "stock": 0.5,
            "eps": 0.01
        },
        "2015": {
            "cash": 1,
            "stock": 0,
            "eps": -1.08
        },
        "2016": {
            "cash": 0,
            "stock": 0,
            "eps": -0.17
        },
        "2017": {
            "cash": 0,
            "stock": 0,
            "eps": 0.16
        },
        "2018": {
            "cash": 0,
            "stock": 0,
            "eps": 0.23
        },
        "2019": {
            "cash": 0,
            "stock": 0,
            "eps": -2.19
        },
        "2020": {
            "cash": 0,
            "stock": 0,
            "eps": -0.76
        },
        "2021": {
            "cash": 0,
            "stock": 0,
            "eps": 0.36
        },
        "2022": {
            "cash": 0,
            "stock": 0,
            "eps": -0.27
        },
        "2023": {
            "cash": 0,
            "stock": 0,
            "eps": -0.58
        }
    },
    "dividends": {
        "1990-02-19": {
            "cash": 0,
            "stock": 2.75
        },
        "1991-02-26": {
            "cash": 1.5,
            "stock": 1.5
        },
        "1992-03-12": {
            "cash": 1.75,
            "stock": 1.75
        },
        "1993-05-12": {
            "cash": 1.39,
            "stock": 1.61
        },
        "1994-04-12": {
            "cash": 0.5,
            "stock": 1
        },
        "1995-05-12": {
            "cash": 0,
            "stock": 0.3
        },
        "1999-06-16": {
            "cash": 0,
            "stock": 0.8
        },
        "2013-03-19": {
            "cash": 4.5,
            "stock": 0.5
        },
        "2014-09-26": {
            "cash": 1,
            "stock": 0.5
        },
        "2015-09-24": {
            "cash": 1,
            "stock": 0
        }
    },
    "prices": {
        "200101": "4.48",
        "200102": "5.72",
        "200103": "6.21",
        "200104": "5.91",
        "200105": "5.38",
        "200106": "5.22",
        "200107": "5.11",
        "200108": "5.76",
        "200109": "4.82",
        "200110": "4.91",
        "200111": "5.54",
        "200112": "8.39",
        "200201": "15.31",
        "200202": "17.49",
        "200203": "17.74",
        "200204": "18.19",
        "200205": "12.01",
        "200206": "10.76",
        "200207": "10.14",
        "200208": "9.08",
        "200209": "7.60",
        "200210": "7.55",
        "200211": "9.32",
        "200212": "8.60",
        "200301": "8.31",
        "200302": "8.40",
        "200303": "7.81",
        "200304": "7.42",
        "200305": "6.80",
        "200306": "7.76",
        "200307": "9.44",
        "200308": "9.45",
        "200309": "8.92",
        "200310": "8.35",
        "200311": "9.09",
        "200312": "9.49",
        "200401": "10.45",
        "200402": "11.57",
        "200403": "10.44",
        "200404": "11.06",
        "200405": "8.90",
        "200406": "7.72",
        "200407": "6.70",
        "200408": "6.27",
        "200409": "5.27",
        "200410": "5.19",
        "200411": "4.12",
        "200412": "3.86",
        "200501": "4.01",
        "200502": "3.98",
        "200503": "3.93",
        "200504": "3.34",
        "200505": "6.82",
        "200506": "7.50",
        "200507": "10.45",
        "200508": "8.31",
        "200509": "7.14",
        "200510": "6.78",
        "200511": "6.74",
        "200512": "7.10",
        "200601": "6.99",
        "200602": "6.79",
        "200603": "5.84",
        "200604": "5.35",
        "200605": "5.20",
        "200606": "4.47",
        "200607": "4.33",
        "200608": "3.98",
        "200609": "3.60",
        "200610": "4.16",
        "200611": "9.83",
        "200612": "12.63",
        "200701": "13.07",
        "200702": "13.08",
        "200703": "12.70",
        "200704": "13.46",
        "200705": "12.89",
        "200706": "14.20",
        "200707": "16.80",
        "200708": "17.33",
        "200709": "18.33",
        "200710": "18.27",
        "200711": "17.08",
        "200712": "14.86",
        "200801": "12.64",
        "200802": "11.67",
        "200803": "12.91",
        "200804": "13.20",
        "200805": "14.15",
        "200806": "13.77",
        "200807": "11.85",
        "200808": "11.77",
        "200809": "8.55",
        "200810": "5.73",
        "200811": "4.72",
        "200812": "4.54",
        "200901": "4.98",
        "200902": "5.05",
        "200903": "5.89",
        "200904": "6.80",
        "200905": "6.38",
        "200906": "6.43",
        "200907": "6.23",
        "200908": "6.36",
        "200909": "6.75",
        "200910": "7.43",
        "200911": "7.36",
        "200912": "8.10",
        "201001": "10.21",
        "201002": "9.82",
        "201003": "9.50",
        "201004": "9.79",
        "201005": "9.39",
        "201006": "9.16",
        "201007": "9.03",
        "201008": "9.03",
        "201009": "8.15",
        "201010": "7.82",
        "201011": "7.44",
        "201012": "7.59",
        "201101": "7.74",
        "201102": "8.54",
        "201103": "9.77",
        "201104": "11.01",
        "201105": "12.30",
        "201106": "12.43",
        "201107": "11.79",
        "201108": "11.58",
        "201109": "10.04",
        "201110": "10.17",
        "201111": "9.39",
        "201112": "8.80",
        "201201": "9.01",
        "201202": "10.77",
        "201203": "13.82",
        "201204": "13.30",
        "201205": "10.38",
        "201206": "12.09",
        "201207": "13.19",
        "201208": "15.30",
        "201209": "19.58",
        "201210": "19.54",
        "201211": "19.39",
        "201212": "19.02",
        "201301": "19.83",
        "201302": "19.79",
        "201303": "22.23",
        "201304": "29.88",
        "201305": "29.93",
        "201306": "28.25",
        "201307": "27.28",
        "201308": "26.74",
        "201309": "16.67",
        "201310": "15.32",
        "201311": "13.95",
        "201312": "15.20",
        "201401": "16.81",
        "201402": "16.90",
        "201403": "18.87",
        "201404": "17.90",
        "201405": "17.41",
        "201406": "17.55",
        "201407": "17.44",
        "201408": "16.45",
        "201409": "14.44",
        "201410": "12.38",
        "201411": "11.26",
        "201412": "12.39",
        "201501": "13.30",
        "201502": "12.72",
        "201503": "12.90",
        "201504": "12.97",
        "201505": "12.16",
        "201506": "11.17",
        "201507": "10.31",
        "201508": "9.46",
        "201509": "8.99",
        "201510": "9.19",
        "201511": "9.34",
        "201512": "8.70",
        "201601": "8.52",
        "201602": "8.30",
        "201603": "9.03",
        "201604": "8.90",
        "201605": "8.18",
        "201606": "8.00",
        "201607": "7.97",
        "201608": "8.25",
        "201609": "8.12",
        "201610": "7.73",
        "201611": "7.29",
        "201612": "7.47",
        "201701": "7.75",
        "201702": "8.06",
        "201703": "7.92",
        "201704": "7.50",
        "201705": "7.31",
        "201706": "7.77",
        "201707": "7.93",
        "201708": "7.46",
        "201709": "7.78",
        "201710": "7.83",
        "201711": "7.78",
        "201712": "7.98",
        "201801": "8.30",
        "201802": "8.16",
        "201803": "10.12",
        "201804": "11.78",
        "201805": "9.81",
        "201806": "9.99",
        "201807": "9.21",
        "201808": "9.01",
        "201809": "9.01",
        "201810": "8.35",
        "201811": "8.27",
        "201812": "9.16",
        "201901": "8.93",
        "201902": "9.09",
        "201903": "9.11",
        "201904": "9.14",
        "201905": "8.99",
        "201906": "9.09",
        "201907": "8.96",
        "201908": "8.74",
        "201909": "8.90",
        "201910": "8.78",
        "201911": "8.21",
        "201912": "8.10",
        "202001": "8.25",
        "202002": "7.92",
        "202003": "6.83",
        "202004": "6.12",
        "202005": "6.55",
        "202006": "6.85",
        "202007": "7.08",
        "202008": "6.90",
        "202009": "7.33",
        "202010": "7.25",
        "202011": "7.21",
        "202012": "7.93",
        "202101": "8.61",
        "202102": "7.98",
        "202103": "9.14",
        "202104": "9.78",
        "202105": "9.18",
        "202106": "9.25",
        "202107": "9.58",
        "202108": "9.27",
        "202109": "8.98",
        "202110": "8.86",
        "202111": "8.83",
        "202112": "9.59",
        "202201": "9.78",
        "202202": "9.75",
        "202203": "9.34",
        "202204": "9.24",
        "202205": "9.07",
        "202206": "9.04",
        "202207": "9.09",
        "202208": "13.43",
        "202209": "11.40",
        "202210": "9.22",
        "202211": "9.74",
        "202212": "9.54",
        "202301": "9.41",
        "202302": "9.93",
        "202303": "10.20",
        "202304": "10.05",
        "202305": "10.05",
        "202306": "10.80",
        "202307": "11.00",
        "202308": "10.20",
        "202309": "10.02",
        "202310": "10.17",
        "202311": "10.08",
        "202312": "10.76",
        "202401": "11.50",
        "202402": "12.79",
        "202403": "12.00",
        "202404": "無"
    },
    "quarters": {
        "20011": {
            "year_quarter": 20011,
            "year": 2001,
            "quarter": 1,
            "eps": -0.13,
            "eps_growth_year": null,
            "eps_4q": -2.22,
            "eps_4q_growth_year": null,
            "roe": -1.25,
            "roe_4q": -1.25,
            "gross_profit": 14315,
            "gross_margin": 6.02,
            "gross_margin_4q_avg": 6.02,
            "net_income": -20007,
            "net_income_4q": null,
            "revenue": 237687,
            "revenue_4q": null,
            "common_shares": 1512000,
            "book_valuer_per_share": 9.71,
            "book_valuer_per_share_4q_avg": 9.71,
            "equity": 1467790,
            "current_ratio": 85.18,
            "debt_ratio": 38.7,
            "inventory_turnover_ratio": 1.94,
            "account_receivable_turnover_ratio": null,
            "reinvestment_rate": null,
            "research_to_sale_ratio": null,
            "price_fair": 0,
            "eps_avg_yearly": 0,
            "eps_latest_yearly": 0,
            "eps_growth_yearly": 0
        },
        "20012": {
            "year_quarter": 20012,
            "year": 2001,
            "quarter": 2,
            "eps": -0.13,
            "eps_growth_year": null,
            "eps_4q": -2.09,
            "eps_4q_growth_year": null,
            "roe": -1.35,
            "roe_4q": -2.6,
            "gross_profit": 25023,
            "gross_margin": 5.37,
            "gross_margin_4q_avg": 5.7,
            "net_income": -19928,
            "net_income_4q": null,
            "revenue": 466339,
            "revenue_4q": null,
            "common_shares": 1512000,
            "book_valuer_per_share": 9.79,
            "book_valuer_per_share_4q_avg": 9.75,
            "equity": 1479560,
            "current_ratio": 88.34,
            "debt_ratio": 46.14,
            "inventory_turnover_ratio": 4.44,
            "account_receivable_turnover_ratio": null,
            "reinvestment_rate": null,
            "research_to_sale_ratio": null,
            "price_fair": 0,
            "eps_avg_yearly": 0,
            "eps_latest_yearly": 0,
            "eps_growth_yearly": 0
        },
        "20013": {
            "year_quarter": 20013,
            "year": 2001,
            "quarter": 3,
            "eps": -0.14,
            "eps_growth_year": null,
            "eps_4q": -1.96,
            "eps_4q_growth_year": null,
            "roe": -1.39,
            "roe_4q": -3.99,
            "gross_profit": 36202,
            "gross_margin": 7.94,
            "gross_margin_4q_avg": 6.44,
            "net_income": -20413,
            "net_income_4q": null,
            "revenue": 455849,
            "revenue_4q": null,
            "common_shares": 1512000,
            "book_valuer_per_share": 9.66,
            "book_valuer_per_share_4q_avg": 9.72,
            "equity": 1460986,
            "current_ratio": 86.95,
            "debt_ratio": 47.74,
            "inventory_turnover_ratio": 2.68,
            "account_receivable_turnover_ratio": null,
            "reinvestment_rate": null,
            "research_to_sale_ratio": null,
            "price_fair": 0,
            "eps_avg_yearly": 0,
            "eps_latest_yearly": 0,
            "eps_growth_yearly": 0
        },
        "20014": {
            "year_quarter": 20014,
            "year": 2001,
            "quarter": 4,
            "eps": -0.39,
            "eps_growth_year": null,
            "eps_4q": -0.79,
            "eps_4q_growth_year": null,
            "roe": -4.09,
            "roe_4q": -8.08,
            "gross_profit": 63225,
            "gross_margin": 10.45,
            "gross_margin_4q_avg": 7.45,
            "net_income": -58561,
            "net_income_4q": null,
            "revenue": 604831,
            "revenue_4q": null,
            "common_shares": 1512000,
            "book_valuer_per_share": 9.28,
            "book_valuer_per_share_4q_avg": 9.61,
            "equity": 1403130,
            "current_ratio": 110.9,
            "debt_ratio": 49.77,
            "inventory_turnover_ratio": 1.78,
            "account_receivable_turnover_ratio": null,
            "reinvestment_rate": null,
            "research_to_sale_ratio": null,
            "price_fair": 0,
            "eps_avg_yearly": 0,
            "eps_latest_yearly": 0,
            "eps_growth_yearly": 0
        },
        "20021": {
            "year_quarter": 20021,
            "year": 2002,
            "quarter": 1,
            "eps": -0.11,
            "eps_growth_year": null,
            "eps_4q": -0.74,
            "eps_4q_growth_year": null,
            "roe": -1.24,
            "roe_4q": -8.07,
            "gross_profit": 69178,
            "gross_margin": 11.27,
            "gross_margin_4q_avg": 8.76,
            "net_income": -17297,
            "net_income_4q": null,
            "revenue": 614018,
            "revenue_4q": null,
            "common_shares": 1512000,
            "book_valuer_per_share": 9.18,
            "book_valuer_per_share_4q_avg": 9.48,
            "equity": 1388520,
            "current_ratio": 85.46,
            "debt_ratio": 55.14,
            "inventory_turnover_ratio": 0.97,
            "account_receivable_turnover_ratio": null,
            "reinvestment_rate": null,
            "research_to_sale_ratio": null,
            "price_fair": 0,
            "eps_avg_yearly": 0,
            "eps_latest_yearly": 0,
            "eps_growth_yearly": 0
        },
        "20022": {
            "year_quarter": 20022,
            "year": 2002,
            "quarter": 2,
            "eps": 0.07,
            "eps_growth_year": null,
            "eps_4q": -0.57,
            "eps_4q_growth_year": null,
            "roe": 0.76,
            "roe_4q": -5.96,
            "gross_profit": 52343,
            "gross_margin": 10.02,
            "gross_margin_4q_avg": 9.92,
            "net_income": 10488,
            "net_income_4q": null,
            "revenue": 522496,
            "revenue_4q": null,
            "common_shares": 1512000,
            "book_valuer_per_share": 8.96,
            "book_valuer_per_share_4q_avg": 9.27,
            "equity": 1354651,
            "current_ratio": 105.36,
            "debt_ratio": 49.82,
            "inventory_turnover_ratio": 0.67,
            "account_receivable_turnover_ratio": null,
            "reinvestment_rate": null,
            "research_to_sale_ratio": null,
            "price_fair": 0,
            "eps_avg_yearly": 0,
            "eps_latest_yearly": 0,
            "eps_growth_yearly": 0
        },
        "20023": {
            "year_quarter": 20023,
            "year": 2002,
            "quarter": 3,
            "eps": -0.13,
            "eps_growth_year": null,
            "eps_4q": -0.57,
            "eps_4q_growth_year": null,
            "roe": -1.52,
            "roe_4q": -6.09,
            "gross_profit": 55684,
            "gross_margin": 10.04,
            "gross_margin_4q_avg": 10.45,
            "net_income": -20281,
            "net_income_4q": null,
            "revenue": 554407,
            "revenue_4q": null,
            "common_shares": 1512000,
            "book_valuer_per_share": 8.65,
            "book_valuer_per_share_4q_avg": 9.02,
            "equity": 1307918,
            "current_ratio": 126.82,
            "debt_ratio": 46.08,
            "inventory_turnover_ratio": 0.76,
            "account_receivable_turnover_ratio": null,
            "reinvestment_rate": null,
            "research_to_sale_ratio": null,
            "price_fair": 0,
            "eps_avg_yearly": 0,
            "eps_latest_yearly": 0,
            "eps_growth_yearly": 0
        },
        "20024": {
            "year_quarter": 20024,
            "year": 2002,
            "quarter": 4,
            "eps": -0.56,
            "eps_growth_year": null,
            "eps_4q": -0.74,
            "eps_4q_growth_year": null,
            "roe": -6.79,
            "roe_4q": -8.790000000000001,
            "gross_profit": 9657,
            "gross_margin": 1.32,
            "gross_margin_4q_avg": 8.16,
            "net_income": -84945,
            "net_income_4q": null,
            "revenue": 731711,
            "revenue_4q": null,
            "common_shares": 1512000,
            "book_valuer_per_share": 7.89,
            "book_valuer_per_share_4q_avg": 8.67,
            "equity": 1192456,
            "current_ratio": 121.02,
            "debt_ratio": 55.99,
            "inventory_turnover_ratio": 1.1,
            "account_receivable_turnover_ratio": null,
            "reinvestment_rate": null,
            "research_to_sale_ratio": null,
            "price_fair": 0,
            "eps_avg_yearly": 0,
            "eps_latest_yearly": 0,
            "eps_growth_yearly": 0
        },
        "20031": {
            "year_quarter": 20031,
            "year": 2003,
            "quarter": 1,
            "eps": -0.01,
            "eps_growth_year": null,
            "eps_4q": -0.46,
            "eps_4q_growth_year": null,
            "roe": -0.18,
            "roe_4q": -7.73,
            "gross_profit": 89849,
            "gross_margin": 10.31,
            "gross_margin_4q_avg": 7.92,
            "net_income": -2103,
            "net_income_4q": null,
            "revenue": 871851,
            "revenue_4q": null,
            "common_shares": 1512000,
            "book_valuer_per_share": 7.84,
            "book_valuer_per_share_4q_avg": 8.34,
            "equity": 1186043,
            "current_ratio": 121.19,
            "debt_ratio": 53.68,
            "inventory_turnover_ratio": 1.19,
            "account_receivable_turnover_ratio": null,
            "reinvestment_rate": null,
            "research_to_sale_ratio": null,
            "price_fair": 0,
            "eps_avg_yearly": 0,
            "eps_latest_yearly": 0,
            "eps_growth_yearly": 0
        },
        "20032": {
            "year_quarter": 20032,
            "year": 2003,
            "quarter": 2,
            "eps": -0.59,
            "eps_growth_year": -942.86,
            "eps_4q": -1.3,
            "eps_4q_growth_year": null,
            "roe": -7.86,
            "roe_4q": -16.35,
            "gross_profit": 67078,
            "gross_margin": 10.22,
            "gross_margin_4q_avg": 7.97,
            "net_income": -89761,
            "net_income_4q": null,
            "revenue": 656076,
            "revenue_4q": null,
            "common_shares": 1512000,
            "book_valuer_per_share": 7.26,
            "book_valuer_per_share_4q_avg": 7.91,
            "equity": 1097596,
            "current_ratio": 116.11,
            "debt_ratio": 49.33,
            "inventory_turnover_ratio": 1.12,
            "account_receivable_turnover_ratio": null,
            "reinvestment_rate": null,
            "research_to_sale_ratio": null,
            "price_fair": 0,
            "eps_avg_yearly": 0,
            "eps_latest_yearly": 0,
            "eps_growth_yearly": 0
        },
        "20033": {
            "year_quarter": 20033,
            "year": 2003,
            "quarter": 3,
            "eps": -0.7,
            "eps_growth_year": null,
            "eps_4q": -1.87,
            "eps_4q_growth_year": null,
            "roe": -10.17,
            "roe_4q": -25,
            "gross_profit": -34763,
            "gross_margin": -5.88,
            "gross_margin_4q_avg": 3.99,
            "net_income": -106003,
            "net_income_4q": null,
            "revenue": 591669,
            "revenue_4q": null,
            "common_shares": 1512000,
            "book_valuer_per_share": 6.53,
            "book_valuer_per_share_4q_avg": 7.38,
            "equity": 987028,
            "current_ratio": 103.5,
            "debt_ratio": 52.69,
            "inventory_turnover_ratio": 1.61,
            "account_receivable_turnover_ratio": null,
            "reinvestment_rate": null,
            "research_to_sale_ratio": null,
            "price_fair": 0,
            "eps_avg_yearly": 0,
            "eps_latest_yearly": 0,
            "eps_growth_yearly": 0
        },
        "20034": {
            "year_quarter": 20034,
            "year": 2003,
            "quarter": 4,
            "eps": -0.78,
            "eps_growth_year": null,
            "eps_4q": -2.08,
            "eps_4q_growth_year": null,
            "roe": -12.52,
            "roe_4q": -30.729999999999997,
            "gross_profit": 71522,
            "gross_margin": 7.11,
            "gross_margin_4q_avg": 5.44,
            "net_income": -117182,
            "net_income_4q": null,
            "revenue": 1005756,
            "revenue_4q": null,
            "common_shares": 1512000,
            "book_valuer_per_share": 5.85,
            "book_valuer_per_share_4q_avg": 6.87,
            "equity": 884495,
            "current_ratio": 103.15,
            "debt_ratio": 60.72,
            "inventory_turnover_ratio": 2.78,
            "account_receivable_turnover_ratio": null,
            "reinvestment_rate": null,
            "research_to_sale_ratio": null,
            "price_fair": 0,
            "eps_avg_yearly": 0,
            "eps_latest_yearly": 0,
            "eps_growth_yearly": 0
        },
        "20041": {
            "year_quarter": 20041,
            "year": 2004,
            "quarter": 1,
            "eps": 0.11,
            "eps_growth_year": null,
            "eps_4q": -1.94,
            "eps_4q_growth_year": null,
            "roe": 1.89,
            "roe_4q": -28.659999999999997,
            "gross_profit": 65678,
            "gross_margin": 8.52,
            "gross_margin_4q_avg": 4.99,
            "net_income": 16803,
            "net_income_4q": null,
            "revenue": 770766,
            "revenue_4q": null,
            "common_shares": 1512000,
            "book_valuer_per_share": 5.94,
            "book_valuer_per_share_4q_avg": 6.4,
            "equity": 897419,
            "current_ratio": 99.54,
            "debt_ratio": 56.41,
            "inventory_turnover_ratio": 2.09,
            "account_receivable_turnover_ratio": null,
            "reinvestment_rate": null,
            "research_to_sale_ratio": null,
            "price_fair": 0,
            "eps_avg_yearly": 0,
            "eps_latest_yearly": 0,
            "eps_growth_yearly": 0
        },
        "20042": {
            "year_quarter": 20042,
            "year": 2004,
            "quarter": 2,
            "eps": -0.08,
            "eps_growth_year": null,
            "eps_4q": -1.45,
            "eps_4q_growth_year": null,
            "roe": -1.36,
            "roe_4q": -22.16,
            "gross_profit": 13083,
            "gross_margin": 2.53,
            "gross_margin_4q_avg": 3.07,
            "net_income": -12111,
            "net_income_4q": null,
            "revenue": 517570,
            "revenue_4q": null,
            "common_shares": 1512000,
            "book_valuer_per_share": 5.87,
            "book_valuer_per_share_4q_avg": 6.05,
            "equity": 887472,
            "current_ratio": 98.36,
            "debt_ratio": 57.53,
            "inventory_turnover_ratio": 1.41,
            "account_receivable_turnover_ratio": null,
            "reinvestment_rate": null,
            "research_to_sale_ratio": null,
            "price_fair": 0,
            "eps_avg_yearly": 0,
            "eps_latest_yearly": 0,
            "eps_growth_yearly": 0
        },
        "20043": {
            "year_quarter": 20043,
            "year": 2004,
            "quarter": 3,
            "eps": -0.73,
            "eps_growth_year": null,
            "eps_4q": -1.47,
            "eps_4q_growth_year": null,
            "roe": -13.22,
            "roe_4q": -25.21,
            "gross_profit": 26572,
            "gross_margin": 3.05,
            "gross_margin_4q_avg": 5.3,
            "net_income": -110083,
            "net_income_4q": null,
            "revenue": 872211,
            "revenue_4q": null,
            "common_shares": 1512000,
            "book_valuer_per_share": 5.14,
            "book_valuer_per_share_4q_avg": 5.7,
            "equity": 777845,
            "current_ratio": 93.49,
            "debt_ratio": 66.41,
            "inventory_turnover_ratio": 1.96,
            "account_receivable_turnover_ratio": null,
            "reinvestment_rate": null,
            "research_to_sale_ratio": null,
            "price_fair": 0,
            "eps_avg_yearly": 0,
            "eps_latest_yearly": 0,
            "eps_growth_yearly": 0
        },
        "20044": {
            "year_quarter": 20044,
            "year": 2004,
            "quarter": 4,
            "eps": -1.92,
            "eps_growth_year": null,
            "eps_4q": -2.62,
            "eps_4q_growth_year": null,
            "roe": -45.99,
            "roe_4q": -58.68,
            "gross_profit": -11391,
            "gross_margin": -0.97,
            "gross_margin_4q_avg": 3.28,
            "net_income": -290210,
            "net_income_4q": null,
            "revenue": 1177820,
            "revenue_4q": null,
            "common_shares": 1512000,
            "book_valuer_per_share": 3.2,
            "book_valuer_per_share_4q_avg": 5.04,
            "equity": 484196,
            "current_ratio": 104.85,
            "debt_ratio": 75.62,
            "inventory_turnover_ratio": 2.69,
            "account_receivable_turnover_ratio": null,
            "reinvestment_rate": null,
            "research_to_sale_ratio": null,
            "price_fair": 0,
            "eps_avg_yearly": 0,
            "eps_latest_yearly": 0,
            "eps_growth_yearly": 0
        },
        "20051": {
            "year_quarter": 20051,
            "year": 2005,
            "quarter": 1,
            "eps": 1.71,
            "eps_growth_year": 1454.55,
            "eps_4q": -2.96,
            "eps_4q_growth_year": null,
            "roe": 25.92,
            "roe_4q": -34.65,
            "gross_profit": 49445,
            "gross_margin": 5.82,
            "gross_margin_4q_avg": 2.61,
            "net_income": 151097,
            "net_income_4q": null,
            "revenue": 849227,
            "revenue_4q": null,
            "common_shares": 884000,
            "book_valuer_per_share": 7.71,
            "book_valuer_per_share_4q_avg": 5.48,
            "equity": 681830,
            "current_ratio": 133.49,
            "debt_ratio": 52.75,
            "inventory_turnover_ratio": 2.58,
            "account_receivable_turnover_ratio": null,
            "reinvestment_rate": null,
            "research_to_sale_ratio": null,
            "price_fair": 0,
            "eps_avg_yearly": 0,
            "eps_latest_yearly": 0,
            "eps_growth_yearly": 0
        },
        "20052": {
            "year_quarter": 20052,
            "year": 2005,
            "quarter": 2,
            "eps": -1.45,
            "eps_growth_year": null,
            "eps_4q": -4.27,
            "eps_4q_growth_year": null,
            "roe": -20.68,
            "roe_4q": -53.97,
            "gross_profit": -21462,
            "gross_margin": -2.19,
            "gross_margin_4q_avg": 1.43,
            "net_income": -128178,
            "net_income_4q": null,
            "revenue": 981224,
            "revenue_4q": null,
            "common_shares": 884000,
            "book_valuer_per_share": 6.31,
            "book_valuer_per_share_4q_avg": 5.59,
            "equity": 557879,
            "current_ratio": 114.31,
            "debt_ratio": 66.45,
            "inventory_turnover_ratio": 3.66,
            "account_receivable_turnover_ratio": null,
            "reinvestment_rate": null,
            "research_to_sale_ratio": null,
            "price_fair": 0,
            "eps_avg_yearly": 0,
            "eps_latest_yearly": 0,
            "eps_growth_yearly": 0
        },
        "20053": {
            "year_quarter": 20053,
            "year": 2005,
            "quarter": 3,
            "eps": -0.16,
            "eps_growth_year": null,
            "eps_4q": -3.18,
            "eps_4q_growth_year": null,
            "roe": -2.56,
            "roe_4q": -43.31,
            "gross_profit": 35008,
            "gross_margin": 3.31,
            "gross_margin_4q_avg": 1.49,
            "net_income": -14100,
            "net_income_4q": null,
            "revenue": 1056884,
            "revenue_4q": null,
            "common_shares": 884000,
            "book_valuer_per_share": 6.15,
            "book_valuer_per_share_4q_avg": 5.84,
            "equity": 543678,
            "current_ratio": 128.99,
            "debt_ratio": 64.85,
            "inventory_turnover_ratio": 3.17,
            "account_receivable_turnover_ratio": null,
            "reinvestment_rate": null,
            "research_to_sale_ratio": null,
            "price_fair": 0,
            "eps_avg_yearly": 0,
            "eps_latest_yearly": 0,
            "eps_growth_yearly": 0
        },
        "20054": {
            "year_quarter": 20054,
            "year": 2005,
            "quarter": 4,
            "eps": -1,
            "eps_growth_year": null,
            "eps_4q": -0.9,
            "eps_4q_growth_year": null,
            "roe": -17.49,
            "roe_4q": -14.809999999999995,
            "gross_profit": 62800,
            "gross_margin": 3.75,
            "gross_margin_4q_avg": 2.67,
            "net_income": -88325,
            "net_income_4q": null,
            "revenue": 1675039,
            "revenue_4q": null,
            "common_shares": 884000,
            "book_valuer_per_share": 5.27,
            "book_valuer_per_share_4q_avg": 6.36,
            "equity": 466205,
            "current_ratio": 112.88,
            "debt_ratio": 76.12,
            "inventory_turnover_ratio": 3.25,
            "account_receivable_turnover_ratio": null,
            "reinvestment_rate": null,
            "research_to_sale_ratio": null,
            "price_fair": 0,
            "eps_avg_yearly": 0,
            "eps_latest_yearly": 0,
            "eps_growth_yearly": 0
        },
        "20061": {
            "year_quarter": 20061,
            "year": 2006,
            "quarter": 1,
            "eps": -0.18,
            "eps_growth_year": -110.53,
            "eps_4q": -2.72,
            "eps_4q_growth_year": null,
            "roe": -3.57,
            "roe_4q": -44.3,
            "gross_profit": 58730,
            "gross_margin": 5.19,
            "gross_margin_4q_avg": 2.52,
            "net_income": -16314,
            "net_income_4q": null,
            "revenue": 1132259,
            "revenue_4q": null,
            "common_shares": 884000,
            "book_valuer_per_share": 5.08,
            "book_valuer_per_share_4q_avg": 5.7,
            "equity": 448881,
            "current_ratio": 113.99,
            "debt_ratio": 66.62,
            "inventory_turnover_ratio": 1.83,
            "account_receivable_turnover_ratio": null,
            "reinvestment_rate": null,
            "research_to_sale_ratio": null,
            "price_fair": 0,
            "eps_avg_yearly": 0,
            "eps_latest_yearly": 0,
            "eps_growth_yearly": 0
        },
        "20062": {
            "year_quarter": 20062,
            "year": 2006,
            "quarter": 2,
            "eps": 0.05,
            "eps_growth_year": null,
            "eps_4q": -1.26,
            "eps_4q_growth_year": null,
            "roe": 1.01,
            "roe_4q": -22.609999999999996,
            "gross_profit": 40733,
            "gross_margin": 5.39,
            "gross_margin_4q_avg": 4.41,
            "net_income": 4528,
            "net_income_4q": null,
            "revenue": 755236,
            "revenue_4q": null,
            "common_shares": 884000,
            "book_valuer_per_share": 5.02,
            "book_valuer_per_share_4q_avg": 5.38,
            "equity": 443405,
            "current_ratio": 114.66,
            "debt_ratio": 65.72,
            "inventory_turnover_ratio": 1.85,
            "account_receivable_turnover_ratio": null,
            "reinvestment_rate": null,
            "research_to_sale_ratio": null,
            "price_fair": 0,
            "eps_avg_yearly": 0,
            "eps_latest_yearly": 0,
            "eps_growth_yearly": 0
        },
        "20063": {
            "year_quarter": 20063,
            "year": 2006,
            "quarter": 3,
            "eps": 0.43,
            "eps_growth_year": null,
            "eps_4q": -1.76,
            "eps_4q_growth_year": null,
            "roe": 4.36,
            "roe_4q": -15.689999999999998,
            "gross_profit": 40990,
            "gross_margin": 5.5,
            "gross_margin_4q_avg": 4.96,
            "net_income": 19688,
            "net_income_4q": null,
            "revenue": 744892,
            "revenue_4q": null,
            "common_shares": 460874,
            "book_valuer_per_share": 9.95,
            "book_valuer_per_share_4q_avg": 6.33,
            "equity": 458748,
            "current_ratio": 115.81,
            "debt_ratio": 66.81,
            "inventory_turnover_ratio": 3.06,
            "account_receivable_turnover_ratio": null,
            "reinvestment_rate": null,
            "research_to_sale_ratio": null,
            "price_fair": 60.2,
            "eps_avg_yearly": 1.72,
            "eps_latest_yearly": 1.72,
            "eps_growth_yearly": 3040
        },
        "20064": {
            "year_quarter": 20064,
            "year": 2006,
            "quarter": 4,
            "eps": -0.12,
            "eps_growth_year": null,
            "eps_4q": 0.05,
            "eps_4q_growth_year": null,
            "roe": -1.25,
            "roe_4q": 0.5500000000000003,
            "gross_profit": 37828,
            "gross_margin": 5.31,
            "gross_margin_4q_avg": 5.35,
            "net_income": -5663,
            "net_income_4q": null,
            "revenue": 712689,
            "revenue_4q": null,
            "common_shares": 460874,
            "book_valuer_per_share": 9.72,
            "book_valuer_per_share_4q_avg": 7.44,
            "equity": 448008,
            "current_ratio": 114.64,
            "debt_ratio": 66.58,
            "inventory_turnover_ratio": 2.27,
            "account_receivable_turnover_ratio": null,
            "reinvestment_rate": null,
            "research_to_sale_ratio": null,
            "price_fair": 60.2,
            "eps_avg_yearly": 1.72,
            "eps_latest_yearly": 1.72,
            "eps_growth_yearly": 3040
        },
        "20071": {
            "year_quarter": 20071,
            "year": 2007,
            "quarter": 1,
            "eps": 0.2,
            "eps_growth_year": null,
            "eps_4q": 0.61,
            "eps_4q_growth_year": null,
            "roe": 2.05,
            "roe_4q": 6.17,
            "gross_profit": 22865,
            "gross_margin": 3.89,
            "gross_margin_4q_avg": 5.02,
            "net_income": 9138,
            "net_income_4q": null,
            "revenue": 587788,
            "revenue_4q": null,
            "common_shares": 460874,
            "book_valuer_per_share": 9.6,
            "book_valuer_per_share_4q_avg": 8.57,
            "equity": 442439,
            "current_ratio": 120.21,
            "debt_ratio": 60.29,
            "inventory_turnover_ratio": 1.64,
            "account_receivable_turnover_ratio": null,
            "reinvestment_rate": null,
            "research_to_sale_ratio": null,
            "price_fair": 60.2,
            "eps_avg_yearly": 1.72,
            "eps_latest_yearly": 1.72,
            "eps_growth_yearly": 3040
        },
        "20072": {
            "year_quarter": 20072,
            "year": 2007,
            "quarter": 2,
            "eps": 0.22,
            "eps_growth_year": 340,
            "eps_4q": 0.73,
            "eps_4q_growth_year": null,
            "roe": 2.25,
            "roe_4q": 7.41,
            "gross_profit": 32664,
            "gross_margin": 6.17,
            "gross_margin_4q_avg": 5.22,
            "net_income": 10041,
            "net_income_4q": null,
            "revenue": 528981,
            "revenue_4q": null,
            "common_shares": 460874,
            "book_valuer_per_share": 9.8,
            "book_valuer_per_share_4q_avg": 9.77,
            "equity": 451620,
            "current_ratio": 117.12,
            "debt_ratio": 62.7,
            "inventory_turnover_ratio": 1.86,
            "account_receivable_turnover_ratio": null,
            "reinvestment_rate": null,
            "research_to_sale_ratio": null,
            "price_fair": 45.5,
            "eps_avg_yearly": 1.3,
            "eps_latest_yearly": 0.88,
            "eps_growth_yearly": 1540
        },
        "20073": {
            "year_quarter": 20073,
            "year": 2007,
            "quarter": 3,
            "eps": 0.95,
            "eps_growth_year": 120.93,
            "eps_4q": 1.24,
            "eps_4q_growth_year": null,
            "roe": 9.27,
            "roe_4q": 12.32,
            "gross_profit": 63613,
            "gross_margin": 8.03,
            "gross_margin_4q_avg": 5.85,
            "net_income": 43584,
            "net_income_4q": null,
            "revenue": 792334,
            "revenue_4q": null,
            "common_shares": 460874,
            "book_valuer_per_share": 10.6,
            "book_valuer_per_share_4q_avg": 9.93,
            "equity": 488667,
            "current_ratio": 101.04,
            "debt_ratio": 66.48,
            "inventory_turnover_ratio": 2.42,
            "account_receivable_turnover_ratio": null,
            "reinvestment_rate": null,
            "research_to_sale_ratio": null,
            "price_fair": 74.67,
            "eps_avg_yearly": 2.13,
            "eps_latest_yearly": 3.8,
            "eps_growth_yearly": 1469.09
        },
        "20074": {
            "year_quarter": 20074,
            "year": 2007,
            "quarter": 4,
            "eps": -0.11,
            "eps_growth_year": null,
            "eps_4q": 1.25,
            "eps_4q_growth_year": 2400,
            "roe": -1.05,
            "roe_4q": 12.52,
            "gross_profit": 39221,
            "gross_margin": 8.32,
            "gross_margin_4q_avg": 6.6,
            "net_income": -5151,
            "net_income_4q": null,
            "revenue": 471485,
            "revenue_4q": null,
            "common_shares": 460874,
            "book_valuer_per_share": 10.71,
            "book_valuer_per_share_4q_avg": 10.18,
            "equity": 493411,
            "current_ratio": 120.38,
            "debt_ratio": 63.25,
            "inventory_turnover_ratio": 1.11,
            "account_receivable_turnover_ratio": null,
            "reinvestment_rate": null,
            "research_to_sale_ratio": null,
            "price_fair": 74.67,
            "eps_avg_yearly": 2.13,
            "eps_latest_yearly": 3.8,
            "eps_growth_yearly": 1469.09
        },
        "20081": {
            "year_quarter": 20081,
            "year": 2008,
            "quarter": 1,
            "eps": 0.33,
            "eps_growth_year": 65,
            "eps_4q": 1.39,
            "eps_4q_growth_year": 129.66,
            "roe": 3.01,
            "roe_4q": 13.479999999999999,
            "gross_profit": 91572,
            "gross_margin": 19.37,
            "gross_margin_4q_avg": 10.47,
            "net_income": 15064,
            "net_income_4q": null,
            "revenue": 472798,
            "revenue_4q": null,
            "common_shares": 460874,
            "book_valuer_per_share": 10.99,
            "book_valuer_per_share_4q_avg": 10.53,
            "equity": 506494,
            "current_ratio": 116.95,
            "debt_ratio": 66.36,
            "inventory_turnover_ratio": 0.7,
            "account_receivable_turnover_ratio": null,
            "reinvestment_rate": null,
            "research_to_sale_ratio": null,
            "price_fair": 74.67,
            "eps_avg_yearly": 2.13,
            "eps_latest_yearly": 3.8,
            "eps_growth_yearly": 1469.09
        },
        "20082": {
            "year_quarter": 20082,
            "year": 2008,
            "quarter": 2,
            "eps": 0.1,
            "eps_growth_year": -54.55,
            "eps_4q": 1.25,
            "eps_4q_growth_year": 72.5,
            "roe": 0.91,
            "roe_4q": 12.14,
            "gross_profit": 81477,
            "gross_margin": 18.37,
            "gross_margin_4q_avg": 13.52,
            "net_income": 4632,
            "net_income_4q": null,
            "revenue": 443537,
            "revenue_4q": null,
            "common_shares": 460874,
            "book_valuer_per_share": 11.09,
            "book_valuer_per_share_4q_avg": 10.85,
            "equity": 510947,
            "current_ratio": 118.57,
            "debt_ratio": 64.14,
            "inventory_turnover_ratio": 0.55,
            "account_receivable_turnover_ratio": null,
            "reinvestment_rate": null,
            "research_to_sale_ratio": null,
            "price_fair": 59.5,
            "eps_avg_yearly": 1.7,
            "eps_latest_yearly": 0.4,
            "eps_growth_yearly": 1032.12
        },
        "20083": {
            "year_quarter": 20083,
            "year": 2008,
            "quarter": 3,
            "eps": -0.62,
            "eps_growth_year": -165.26,
            "eps_4q": -0.31,
            "eps_4q_growth_year": -124.58,
            "roe": -5.77,
            "roe_4q": -2.8999999999999995,
            "gross_profit": 46630,
            "gross_margin": 12.35,
            "gross_margin_4q_avg": 14.6,
            "net_income": -28647,
            "net_income_4q": null,
            "revenue": 377500,
            "revenue_4q": null,
            "common_shares": 460874,
            "book_valuer_per_share": 10.45,
            "book_valuer_per_share_4q_avg": 10.81,
            "equity": 481752,
            "current_ratio": 120.77,
            "debt_ratio": 59.43,
            "inventory_turnover_ratio": 0.6,
            "account_receivable_turnover_ratio": null,
            "reinvestment_rate": null,
            "research_to_sale_ratio": null,
            "price_fair": 59.5,
            "eps_avg_yearly": 1.7,
            "eps_latest_yearly": 0.4,
            "eps_growth_yearly": 1032.12
        },
        "20084": {
            "year_quarter": 20084,
            "year": 2008,
            "quarter": 4,
            "eps": -1.3,
            "eps_growth_year": null,
            "eps_4q": -1.5,
            "eps_4q_growth_year": -220,
            "roe": -12.4,
            "roe_4q": -14.250000000000002,
            "gross_profit": 42365,
            "gross_margin": 16.04,
            "gross_margin_4q_avg": 16.53,
            "net_income": -59963,
            "net_income_4q": null,
            "revenue": 264112,
            "revenue_4q": null,
            "common_shares": 460874,
            "book_valuer_per_share": 10.53,
            "book_valuer_per_share_4q_avg": 10.77,
            "equity": 485420,
            "current_ratio": 115.49,
            "debt_ratio": 57.36,
            "inventory_turnover_ratio": 0.59,
            "account_receivable_turnover_ratio": 5.6,
            "reinvestment_rate": null,
            "research_to_sale_ratio": null,
            "price_fair": 59.5,
            "eps_avg_yearly": 1.7,
            "eps_latest_yearly": 0.4,
            "eps_growth_yearly": 1032.12
        },
        "20091": {
            "year_quarter": 20091,
            "year": 2009,
            "quarter": 1,
            "eps": -0.45,
            "eps_growth_year": -236.36,
            "eps_4q": -2.27,
            "eps_4q_growth_year": -263.01,
            "roe": -4.34,
            "roe_4q": -21.6,
            "gross_profit": 60605,
            "gross_margin": 27,
            "gross_margin_4q_avg": 18.44,
            "net_income": -20593,
            "net_income_4q": null,
            "revenue": 224440,
            "revenue_4q": null,
            "common_shares": 460874,
            "book_valuer_per_share": 10.08,
            "book_valuer_per_share_4q_avg": 10.54,
            "equity": 464334,
            "current_ratio": 110.73,
            "debt_ratio": 60.14,
            "inventory_turnover_ratio": 0.55,
            "account_receivable_turnover_ratio": 2.14,
            "reinvestment_rate": null,
            "research_to_sale_ratio": null,
            "price_fair": 59.5,
            "eps_avg_yearly": 1.7,
            "eps_latest_yearly": 0.4,
            "eps_growth_yearly": 1032.12
        },
        "20092": {
            "year_quarter": 20092,
            "year": 2009,
            "quarter": 2,
            "eps": -0.7,
            "eps_growth_year": -800,
            "eps_4q": -3.07,
            "eps_4q_growth_year": -344.31,
            "roe": -7.16,
            "roe_4q": -29.669999999999998,
            "gross_profit": 38593,
            "gross_margin": 19.47,
            "gross_margin_4q_avg": 18.72,
            "net_income": -32099,
            "net_income_4q": null,
            "revenue": 198252,
            "revenue_4q": null,
            "common_shares": 460874,
            "book_valuer_per_share": 9.38,
            "book_valuer_per_share_4q_avg": 10.11,
            "equity": 432386,
            "current_ratio": 106.59,
            "debt_ratio": 58.88,
            "inventory_turnover_ratio": 0.57,
            "account_receivable_turnover_ratio": 2.04,
            "reinvestment_rate": null,
            "research_to_sale_ratio": null,
            "price_fair": 59.5,
            "eps_avg_yearly": 1.7,
            "eps_latest_yearly": 0.4,
            "eps_growth_yearly": 1032.12
        },
        "20093": {
            "year_quarter": 20093,
            "year": 2009,
            "quarter": 3,
            "eps": -0.29,
            "eps_growth_year": null,
            "eps_4q": -2.74,
            "eps_4q_growth_year": null,
            "roe": -3.19,
            "roe_4q": -27.09,
            "gross_profit": 53704,
            "gross_margin": 25.32,
            "gross_margin_4q_avg": 21.96,
            "net_income": -13570,
            "net_income_4q": null,
            "revenue": 212092,
            "revenue_4q": null,
            "common_shares": 460874,
            "book_valuer_per_share": 9.09,
            "book_valuer_per_share_4q_avg": 9.77,
            "equity": 418967,
            "current_ratio": 103.97,
            "debt_ratio": 59.51,
            "inventory_turnover_ratio": 0.66,
            "account_receivable_turnover_ratio": 2.47,
            "reinvestment_rate": null,
            "research_to_sale_ratio": null,
            "price_fair": 59.5,
            "eps_avg_yearly": 1.7,
            "eps_latest_yearly": 0.4,
            "eps_growth_yearly": 1032.12
        },
        "20094": {
            "year_quarter": 20094,
            "year": 2009,
            "quarter": 4,
            "eps": 0.21,
            "eps_growth_year": null,
            "eps_4q": -1.23,
            "eps_4q_growth_year": null,
            "roe": 2.28,
            "roe_4q": -12.41,
            "gross_profit": 67748,
            "gross_margin": 31.72,
            "gross_margin_4q_avg": 25.88,
            "net_income": 9656,
            "net_income_4q": null,
            "revenue": 213562,
            "revenue_4q": null,
            "common_shares": 460874,
            "book_valuer_per_share": 9.28,
            "book_valuer_per_share_4q_avg": 9.46,
            "equity": 427907,
            "current_ratio": 108.41,
            "debt_ratio": 54.3,
            "inventory_turnover_ratio": 0.79,
            "account_receivable_turnover_ratio": 4.41,
            "reinvestment_rate": null,
            "research_to_sale_ratio": null,
            "price_fair": 59.5,
            "eps_avg_yearly": 1.7,
            "eps_latest_yearly": 0.4,
            "eps_growth_yearly": 1032.12
        },
        "20101": {
            "year_quarter": 20101,
            "year": 2010,
            "quarter": 1,
            "eps": -0.42,
            "eps_growth_year": null,
            "eps_4q": -1.21,
            "eps_4q_growth_year": null,
            "roe": -4.7,
            "roe_4q": -12.77,
            "gross_profit": 53545,
            "gross_margin": 34.82,
            "gross_margin_4q_avg": 27.83,
            "net_income": -19576,
            "net_income_4q": null,
            "revenue": 153792,
            "revenue_4q": null,
            "common_shares": 460874,
            "book_valuer_per_share": 8.79,
            "book_valuer_per_share_4q_avg": 9.14,
            "equity": 405159,
            "current_ratio": 102.02,
            "debt_ratio": 54.12,
            "inventory_turnover_ratio": 0.58,
            "account_receivable_turnover_ratio": 1.68,
            "reinvestment_rate": null,
            "research_to_sale_ratio": 1.05,
            "price_fair": 59.5,
            "eps_avg_yearly": 1.7,
            "eps_latest_yearly": 0.4,
            "eps_growth_yearly": 1032.12
        },
        "20102": {
            "year_quarter": 20102,
            "year": 2010,
            "quarter": 2,
            "eps": -0.4,
            "eps_growth_year": null,
            "eps_4q": -0.91,
            "eps_4q_growth_year": null,
            "roe": -4.44,
            "roe_4q": -10.05,
            "gross_profit": 54397,
            "gross_margin": 30.69,
            "gross_margin_4q_avg": 30.64,
            "net_income": -18380,
            "net_income_4q": null,
            "revenue": 177255,
            "revenue_4q": null,
            "common_shares": 460874,
            "book_valuer_per_share": 9.18,
            "book_valuer_per_share_4q_avg": 9.09,
            "equity": 422882,
            "current_ratio": 100.25,
            "debt_ratio": 53.6,
            "inventory_turnover_ratio": 0.64,
            "account_receivable_turnover_ratio": 2.16,
            "reinvestment_rate": null,
            "research_to_sale_ratio": 0.64,
            "price_fair": 59.5,
            "eps_avg_yearly": 1.7,
            "eps_latest_yearly": 0.4,
            "eps_growth_yearly": 1032.12
        },
        "20103": {
            "year_quarter": 20103,
            "year": 2010,
            "quarter": 3,
            "eps": -0.13,
            "eps_growth_year": null,
            "eps_4q": -0.74,
            "eps_4q_growth_year": null,
            "roe": -1.4,
            "roe_4q": -8.26,
            "gross_profit": 56536,
            "gross_margin": 34.22,
            "gross_margin_4q_avg": 32.86,
            "net_income": -5908,
            "net_income_4q": null,
            "revenue": 165233,
            "revenue_4q": null,
            "common_shares": 460874,
            "book_valuer_per_share": 9.09,
            "book_valuer_per_share_4q_avg": 9.09,
            "equity": 418723,
            "current_ratio": 100.99,
            "debt_ratio": 51.95,
            "inventory_turnover_ratio": 0.64,
            "account_receivable_turnover_ratio": 1.74,
            "reinvestment_rate": null,
            "research_to_sale_ratio": 0.75,
            "price_fair": 59.27,
            "eps_avg_yearly": 1.69,
            "eps_latest_yearly": 0.4,
            "eps_growth_yearly": 362.83
        },
        "20104": {
            "year_quarter": 20104,
            "year": 2010,
            "quarter": 4,
            "eps": 0.23,
            "eps_growth_year": 11.52,
            "eps_4q": -0.72,
            "eps_4q_growth_year": null,
            "roe": 2.56,
            "roe_4q": -7.98,
            "gross_profit": 67304,
            "gross_margin": 41.48,
            "gross_margin_4q_avg": 35.3,
            "net_income": 10793,
            "net_income_4q": null,
            "revenue": 162249,
            "revenue_4q": null,
            "common_shares": 460874,
            "book_valuer_per_share": 9.21,
            "book_valuer_per_share_4q_avg": 9.07,
            "equity": 424357,
            "current_ratio": 108.74,
            "debt_ratio": 47.06,
            "inventory_turnover_ratio": 0.71,
            "account_receivable_turnover_ratio": 1.62,
            "reinvestment_rate": null,
            "research_to_sale_ratio": 0.71,
            "price_fair": 59.27,
            "eps_avg_yearly": 1.69,
            "eps_latest_yearly": 0.4,
            "eps_growth_yearly": 362.83
        },
        "20111": {
            "year_quarter": 20111,
            "year": 2011,
            "quarter": 1,
            "eps": 0.09,
            "eps_growth_year": null,
            "eps_4q": -0.2,
            "eps_4q_growth_year": null,
            "roe": 0.95,
            "roe_4q": -2.3300000000000005,
            "gross_profit": 61006,
            "gross_margin": 35.25,
            "gross_margin_4q_avg": 35.41,
            "net_income": 4051,
            "net_income_4q": null,
            "revenue": 173075,
            "revenue_4q": null,
            "common_shares": 460874,
            "book_valuer_per_share": 9.36,
            "book_valuer_per_share_4q_avg": 9.21,
            "equity": 431188,
            "current_ratio": 111.74,
            "debt_ratio": 48,
            "inventory_turnover_ratio": 0.93,
            "account_receivable_turnover_ratio": 1.75,
            "reinvestment_rate": null,
            "research_to_sale_ratio": 0.65,
            "price_fair": 47.6,
            "eps_avg_yearly": 1.36,
            "eps_latest_yearly": 0.36,
            "eps_growth_yearly": 211.25
        },
        "20112": {
            "year_quarter": 20112,
            "year": 2011,
            "quarter": 2,
            "eps": 0.12,
            "eps_growth_year": null,
            "eps_4q": 0.32,
            "eps_4q_growth_year": null,
            "roe": 1.3,
            "roe_4q": 3.4100000000000006,
            "gross_profit": 61945,
            "gross_margin": 36.12,
            "gross_margin_4q_avg": 36.77,
            "net_income": 5645,
            "net_income_4q": null,
            "revenue": 171503,
            "revenue_4q": null,
            "common_shares": 460874,
            "book_valuer_per_share": 9.46,
            "book_valuer_per_share_4q_avg": 9.28,
            "equity": 436078,
            "current_ratio": 116.05,
            "debt_ratio": 47.84,
            "inventory_turnover_ratio": 0.78,
            "account_receivable_turnover_ratio": 1.46,
            "reinvestment_rate": null,
            "research_to_sale_ratio": 0.71,
            "price_fair": 44.1,
            "eps_avg_yearly": 1.26,
            "eps_latest_yearly": 0.48,
            "eps_growth_yearly": 234.58
        },
        "20113": {
            "year_quarter": 20113,
            "year": 2011,
            "quarter": 3,
            "eps": 0.03,
            "eps_growth_year": null,
            "eps_4q": 0.47,
            "eps_4q_growth_year": null,
            "roe": 0.3,
            "roe_4q": 5.109999999999999,
            "gross_profit": 72597,
            "gross_margin": 37.91,
            "gross_margin_4q_avg": 37.69,
            "net_income": 1296,
            "net_income_4q": null,
            "revenue": 191511,
            "revenue_4q": null,
            "common_shares": 460874,
            "book_valuer_per_share": 9.52,
            "book_valuer_per_share_4q_avg": 9.39,
            "equity": 438706,
            "current_ratio": 116.07,
            "debt_ratio": 46.37,
            "inventory_turnover_ratio": 0.78,
            "account_receivable_turnover_ratio": 1.52,
            "reinvestment_rate": null,
            "research_to_sale_ratio": 0.77,
            "price_fair": 1.02,
            "eps_avg_yearly": 0.34,
            "eps_latest_yearly": 0.12,
            "eps_growth_yearly": -172.23
        },
        "20114": {
            "year_quarter": 20114,
            "year": 2011,
            "quarter": 4,
            "eps": -0.09,
            "eps_growth_year": -139.34,
            "eps_4q": 0.15,
            "eps_4q_growth_year": null,
            "roe": -0.95,
            "roe_4q": 1.6,
            "gross_profit": 66432,
            "gross_margin": 37.14,
            "gross_margin_4q_avg": 36.61,
            "net_income": -4246,
            "net_income_4q": null,
            "revenue": 178870,
            "revenue_4q": null,
            "common_shares": 460874,
            "book_valuer_per_share": 9.93,
            "book_valuer_per_share_4q_avg": 9.57,
            "equity": 457484,
            "current_ratio": 107.3,
            "debt_ratio": 55.17,
            "inventory_turnover_ratio": 0.72,
            "account_receivable_turnover_ratio": 1.53,
            "reinvestment_rate": null,
            "research_to_sale_ratio": 0.77,
            "price_fair": 1.02,
            "eps_avg_yearly": 0.34,
            "eps_latest_yearly": 0.12,
            "eps_growth_yearly": -172.23
        },
        "20121": {
            "year_quarter": 20121,
            "year": 2012,
            "quarter": 1,
            "eps": 0.02,
            "eps_growth_year": -77.78,
            "eps_4q": 0.08,
            "eps_4q_growth_year": null,
            "roe": 0.18,
            "roe_4q": 0.8300000000000001,
            "gross_profit": 62579,
            "gross_margin": 37.4,
            "gross_margin_4q_avg": 37.14,
            "net_income": 839,
            "net_income_4q": null,
            "revenue": 167332,
            "revenue_4q": null,
            "common_shares": 460874,
            "book_valuer_per_share": 9.93,
            "book_valuer_per_share_4q_avg": 9.71,
            "equity": 457756,
            "current_ratio": 110.14,
            "debt_ratio": 51.43,
            "inventory_turnover_ratio": 0.55,
            "account_receivable_turnover_ratio": 1.8,
            "reinvestment_rate": null,
            "research_to_sale_ratio": 0.75,
            "price_fair": 1.02,
            "eps_avg_yearly": 0.34,
            "eps_latest_yearly": 0.12,
            "eps_growth_yearly": -172.23
        },
        "20122": {
            "year_quarter": 20122,
            "year": 2012,
            "quarter": 2,
            "eps": 0,
            "eps_growth_year": -98.33,
            "eps_4q": -0.04,
            "eps_4q_growth_year": -113.83,
            "roe": 0.02,
            "roe_4q": -0.45,
            "gross_profit": 60448,
            "gross_margin": 36.54,
            "gross_margin_4q_avg": 37.25,
            "net_income": 94,
            "net_income_4q": null,
            "revenue": 165431,
            "revenue_4q": null,
            "common_shares": 460874,
            "book_valuer_per_share": 9.91,
            "book_valuer_per_share_4q_avg": 9.82,
            "equity": 456906,
            "current_ratio": 186.01,
            "debt_ratio": 47.82,
            "inventory_turnover_ratio": 0.56,
            "account_receivable_turnover_ratio": 2.18,
            "reinvestment_rate": null,
            "research_to_sale_ratio": 0.74,
            "price_fair": 0.96,
            "eps_avg_yearly": 0.32,
            "eps_latest_yearly": 0.12,
            "eps_growth_yearly": -136.71
        },
        "20123": {
            "year_quarter": 20123,
            "year": 2012,
            "quarter": 3,
            "eps": -0,
            "eps_growth_year": -116.44,
            "eps_4q": -0.08,
            "eps_4q_growth_year": -116.19,
            "roe": -0.05,
            "roe_4q": -0.7999999999999999,
            "gross_profit": 53480,
            "gross_margin": 33.53,
            "gross_margin_4q_avg": 36.15,
            "net_income": -213,
            "net_income_4q": null,
            "revenue": 159520,
            "revenue_4q": null,
            "common_shares": 460874,
            "book_valuer_per_share": 9.9,
            "book_valuer_per_share_4q_avg": 9.92,
            "equity": 456305,
            "current_ratio": 191.26,
            "debt_ratio": 46.47,
            "inventory_turnover_ratio": 0.69,
            "account_receivable_turnover_ratio": 1.51,
            "reinvestment_rate": null,
            "research_to_sale_ratio": 0.86,
            "price_fair": 0.96,
            "eps_avg_yearly": 0.32,
            "eps_latest_yearly": 0.12,
            "eps_growth_yearly": -136.71
        },
        "20124": {
            "year_quarter": 20124,
            "year": 2012,
            "quarter": 4,
            "eps": 14.15,
            "eps_growth_year": null,
            "eps_4q": 14.16,
            "eps_4q_growth_year": 9575.5,
            "roe": 94.67,
            "roe_4q": 94.82000000000001,
            "gross_profit": 48055,
            "gross_margin": 32.33,
            "gross_margin_4q_avg": 34.95,
            "net_income": 651989,
            "net_income_4q": null,
            "revenue": 148633,
            "revenue_4q": null,
            "common_shares": 460874,
            "book_valuer_per_share": 19.99,
            "book_valuer_per_share_4q_avg": 12.43,
            "equity": 921063,
            "current_ratio": 563.25,
            "debt_ratio": 17.14,
            "inventory_turnover_ratio": 0.67,
            "account_receivable_turnover_ratio": 1.22,
            "reinvestment_rate": 8.68,
            "research_to_sale_ratio": 1.1,
            "price_fair": 0.96,
            "eps_avg_yearly": 0.32,
            "eps_latest_yearly": 0.12,
            "eps_growth_yearly": -136.71
        },
        "20131": {
            "year_quarter": 20131,
            "year": 2013,
            "quarter": 1,
            "eps": -0.14,
            "eps_growth_year": -800,
            "eps_4q": 14,
            "eps_4q_growth_year": 18158.89,
            "roe": -0.72,
            "roe_4q": 93.92,
            "gross_profit": 39021,
            "gross_margin": 27.72,
            "gross_margin_4q_avg": 32.53,
            "net_income": -6604,
            "net_income_4q": null,
            "revenue": 140765,
            "revenue_4q": null,
            "common_shares": 460874,
            "book_valuer_per_share": 19.86,
            "book_valuer_per_share_4q_avg": 14.92,
            "equity": 915207,
            "current_ratio": 491.43,
            "debt_ratio": 17.5,
            "inventory_turnover_ratio": 0.58,
            "account_receivable_turnover_ratio": 1.66,
            "reinvestment_rate": 18.66,
            "research_to_sale_ratio": 1.17,
            "price_fair": 0.96,
            "eps_avg_yearly": 0.32,
            "eps_latest_yearly": 0.12,
            "eps_growth_yearly": -136.71
        },
        "20132": {
            "year_quarter": 20132,
            "year": 2013,
            "quarter": 2,
            "eps": -0.45,
            "eps_growth_year": -22158.82,
            "eps_4q": 12.5,
            "eps_4q_growth_year": null,
            "roe": -2.51,
            "roe_4q": 91.39,
            "gross_profit": 38796,
            "gross_margin": 25.84,
            "gross_margin_4q_avg": 29.86,
            "net_income": -20571,
            "net_income_4q": null,
            "revenue": 150114,
            "revenue_4q": null,
            "common_shares": 460874,
            "book_valuer_per_share": 15.73,
            "book_valuer_per_share_4q_avg": 16.37,
            "equity": 725012,
            "current_ratio": 269.33,
            "debt_ratio": 31.79,
            "inventory_turnover_ratio": 0.6,
            "account_receivable_turnover_ratio": 2.13,
            "reinvestment_rate": 18.49,
            "research_to_sale_ratio": 1.25,
            "price_fair": 0.96,
            "eps_avg_yearly": 0.32,
            "eps_latest_yearly": 0.12,
            "eps_growth_yearly": -136.71
        },
        "20133": {
            "year_quarter": 20133,
            "year": 2013,
            "quarter": 3,
            "eps": 0.01,
            "eps_growth_year": null,
            "eps_4q": 12.51,
            "eps_4q_growth_year": null,
            "roe": 0.05,
            "roe_4q": 91.49000000000001,
            "gross_profit": 41188,
            "gross_margin": 26.78,
            "gross_margin_4q_avg": 28.17,
            "net_income": 338,
            "net_income_4q": null,
            "revenue": 153794,
            "revenue_4q": null,
            "common_shares": 499720,
            "book_valuer_per_share": 14.52,
            "book_valuer_per_share_4q_avg": 17.53,
            "equity": 725416,
            "current_ratio": 491.19,
            "debt_ratio": 16.76,
            "inventory_turnover_ratio": 0.65,
            "account_receivable_turnover_ratio": 2.07,
            "reinvestment_rate": 18.79,
            "research_to_sale_ratio": 1.27,
            "price_fair": 0.96,
            "eps_avg_yearly": 0.32,
            "eps_latest_yearly": 0.12,
            "eps_growth_yearly": -136.71
        },
        "20134": {
            "year_quarter": 20134,
            "year": 2013,
            "quarter": 4,
            "eps": 0.18,
            "eps_growth_year": -98.76,
            "eps_4q": -0.36,
            "eps_4q_growth_year": -102.56,
            "roe": 1.2,
            "roe_4q": -1.9799999999999998,
            "gross_profit": 43662,
            "gross_margin": 24.2,
            "gross_margin_4q_avg": 26.14,
            "net_income": 8753,
            "net_income_4q": null,
            "revenue": 180405,
            "revenue_4q": null,
            "common_shares": 499720,
            "book_valuer_per_share": 14.71,
            "book_valuer_per_share_4q_avg": 16.21,
            "equity": 735111,
            "current_ratio": 433.02,
            "debt_ratio": 19.67,
            "inventory_turnover_ratio": 0.77,
            "account_receivable_turnover_ratio": 2.29,
            "reinvestment_rate": 0.19,
            "research_to_sale_ratio": 1.33,
            "price_fair": 14.7,
            "eps_avg_yearly": 0.42,
            "eps_latest_yearly": 0.72,
            "eps_growth_yearly": 1597.46
        },
        "20141": {
            "year_quarter": 20141,
            "year": 2014,
            "quarter": 1,
            "eps": 0.08,
            "eps_growth_year": null,
            "eps_4q": -0.15,
            "eps_4q_growth_year": -101.04,
            "roe": 0.57,
            "roe_4q": -0.6899999999999997,
            "gross_profit": 49142,
            "gross_margin": 28.38,
            "gross_margin_4q_avg": 26.3,
            "net_income": 4206,
            "net_income_4q": null,
            "revenue": 173151,
            "revenue_4q": null,
            "common_shares": 499720,
            "book_valuer_per_share": 14.81,
            "book_valuer_per_share_4q_avg": 14.94,
            "equity": 740075,
            "current_ratio": 323.54,
            "debt_ratio": 20.78,
            "inventory_turnover_ratio": 0.61,
            "account_receivable_turnover_ratio": 2.09,
            "reinvestment_rate": 0.44,
            "research_to_sale_ratio": 1.29,
            "price_fair": 14,
            "eps_avg_yearly": 0.4,
            "eps_latest_yearly": 0.32,
            "eps_growth_yearly": 1233.53
        },
        "20142": {
            "year_quarter": 20142,
            "year": 2014,
            "quarter": 2,
            "eps": 0.01,
            "eps_growth_year": null,
            "eps_4q": 0.26,
            "eps_4q_growth_year": -97.93,
            "roe": 0.04,
            "roe_4q": 1.86,
            "gross_profit": 52371,
            "gross_margin": 29.41,
            "gross_margin_4q_avg": 27.19,
            "net_income": 255,
            "net_income_4q": null,
            "revenue": 178085,
            "revenue_4q": null,
            "common_shares": 499720,
            "book_valuer_per_share": 13.79,
            "book_valuer_per_share_4q_avg": 14.46,
            "equity": 689211,
            "current_ratio": 268.5,
            "debt_ratio": 23.63,
            "inventory_turnover_ratio": 0.57,
            "account_receivable_turnover_ratio": 2.21,
            "reinvestment_rate": 2.63,
            "research_to_sale_ratio": 1.03,
            "price_fair": 11.9,
            "eps_avg_yearly": 0.34,
            "eps_latest_yearly": 0.04,
            "eps_growth_yearly": 969.61
        },
        "20143": {
            "year_quarter": 20143,
            "year": 2014,
            "quarter": 3,
            "eps": -0.3,
            "eps_growth_year": -3100,
            "eps_4q": -0.05,
            "eps_4q_growth_year": -100.42,
            "roe": -2.34,
            "roe_4q": -0.53,
            "gross_profit": 47848,
            "gross_margin": 31.73,
            "gross_margin_4q_avg": 28.43,
            "net_income": -15944,
            "net_income_4q": null,
            "revenue": 150809,
            "revenue_4q": null,
            "common_shares": 524706,
            "book_valuer_per_share": 12.83,
            "book_valuer_per_share_4q_avg": 14.04,
            "equity": 673161,
            "current_ratio": 241.79,
            "debt_ratio": 23.64,
            "inventory_turnover_ratio": 0.45,
            "account_receivable_turnover_ratio": 2.07,
            "reinvestment_rate": 10.78,
            "research_to_sale_ratio": 1.09,
            "price_fair": 11.9,
            "eps_avg_yearly": 0.34,
            "eps_latest_yearly": 0.04,
            "eps_growth_yearly": 969.61
        },
        "20144": {
            "year_quarter": 20144,
            "year": 2014,
            "quarter": 4,
            "eps": 0.22,
            "eps_growth_year": 28.26,
            "eps_4q": 0.01,
            "eps_4q_growth_year": null,
            "roe": 1.78,
            "roe_4q": 0.050000000000000155,
            "gross_profit": 55060,
            "gross_margin": 30.2,
            "gross_margin_4q_avg": 29.93,
            "net_income": 12096,
            "net_income_4q": null,
            "revenue": 182327,
            "revenue_4q": null,
            "common_shares": 538406,
            "book_valuer_per_share": 12.75,
            "book_valuer_per_share_4q_avg": 13.55,
            "equity": 686617,
            "current_ratio": 281.86,
            "debt_ratio": 19.87,
            "inventory_turnover_ratio": 0.58,
            "account_receivable_turnover_ratio": 2.9,
            "reinvestment_rate": 11.81,
            "research_to_sale_ratio": 0.89,
            "price_fair": 11.9,
            "eps_avg_yearly": 0.34,
            "eps_latest_yearly": 0.04,
            "eps_growth_yearly": 969.61
        },
        "20151": {
            "year_quarter": 20151,
            "year": 2015,
            "quarter": 1,
            "eps": -0.47,
            "eps_growth_year": -687.5,
            "eps_4q": -0.52,
            "eps_4q_growth_year": null,
            "roe": -3.69,
            "roe_4q": -4.21,
            "gross_profit": 36951,
            "gross_margin": 22.48,
            "gross_margin_4q_avg": 28.46,
            "net_income": -24512,
            "net_income_4q": null,
            "revenue": 164367,
            "revenue_4q": null,
            "common_shares": 538406,
            "book_valuer_per_share": 11.9,
            "book_valuer_per_share_4q_avg": 12.82,
            "equity": 640514,
            "current_ratio": 246.7,
            "debt_ratio": 22.15,
            "inventory_turnover_ratio": 0.58,
            "account_receivable_turnover_ratio": 2.45,
            "reinvestment_rate": 12.41,
            "research_to_sale_ratio": 1.06,
            "price_fair": 11.76,
            "eps_avg_yearly": 0.34,
            "eps_latest_yearly": 0.04,
            "eps_growth_yearly": 1212.22
        },
        "20152": {
            "year_quarter": 20152,
            "year": 2015,
            "quarter": 2,
            "eps": -0.26,
            "eps_growth_year": -2700,
            "eps_4q": -0.78,
            "eps_4q_growth_year": -401,
            "roe": -2.22,
            "roe_4q": -6.47,
            "gross_profit": 36230,
            "gross_margin": 23.3,
            "gross_margin_4q_avg": 26.93,
            "net_income": -13496,
            "net_income_4q": null,
            "revenue": 155516,
            "revenue_4q": null,
            "common_shares": 538406,
            "book_valuer_per_share": 10.74,
            "book_valuer_per_share_4q_avg": 12.06,
            "equity": 578007,
            "current_ratio": 158.37,
            "debt_ratio": 34.27,
            "inventory_turnover_ratio": 0.42,
            "account_receivable_turnover_ratio": 2.14,
            "reinvestment_rate": 18.49,
            "research_to_sale_ratio": 1.48,
            "price_fair": 10.5,
            "eps_avg_yearly": 0.3,
            "eps_latest_yearly": 0.04,
            "eps_growth_yearly": 1481.94
        },
        "20153": {
            "year_quarter": 20153,
            "year": 2015,
            "quarter": 3,
            "eps": -0.2,
            "eps_growth_year": null,
            "eps_4q": -0.67,
            "eps_4q_growth_year": null,
            "roe": -1.79,
            "roe_4q": -5.919999999999999,
            "gross_profit": 36845,
            "gross_margin": 21.07,
            "gross_margin_4q_avg": 24.26,
            "net_income": -10398,
            "net_income_4q": null,
            "revenue": 174862,
            "revenue_4q": null,
            "common_shares": 539666,
            "book_valuer_per_share": 10.82,
            "book_valuer_per_share_4q_avg": 11.55,
            "equity": 583674,
            "current_ratio": 157.66,
            "debt_ratio": 35.42,
            "inventory_turnover_ratio": 0.41,
            "account_receivable_turnover_ratio": 2.2,
            "reinvestment_rate": -53.78,
            "research_to_sale_ratio": 1.18,
            "price_fair": 12.6,
            "eps_avg_yearly": 0.36,
            "eps_latest_yearly": 0.04,
            "eps_growth_yearly": 2075.93
        },
        "20154": {
            "year_quarter": 20154,
            "year": 2015,
            "quarter": 4,
            "eps": -0.15,
            "eps_growth_year": -166.85,
            "eps_4q": -1.05,
            "eps_4q_growth_year": -9364.48,
            "roe": -1.39,
            "roe_4q": -9.09,
            "gross_profit": 42035,
            "gross_margin": 22.55,
            "gross_margin_4q_avg": 22.35,
            "net_income": -8037,
            "net_income_4q": null,
            "revenue": 186371,
            "revenue_4q": null,
            "common_shares": 535126,
            "book_valuer_per_share": 10.63,
            "book_valuer_per_share_4q_avg": 11.02,
            "equity": 568867,
            "current_ratio": 158.18,
            "debt_ratio": 34.33,
            "inventory_turnover_ratio": 0.47,
            "account_receivable_turnover_ratio": 2.23,
            "reinvestment_rate": -59.42,
            "research_to_sale_ratio": 1.18,
            "price_fair": 12.6,
            "eps_avg_yearly": 0.36,
            "eps_latest_yearly": 0.04,
            "eps_growth_yearly": 2075.93
        },
        "20161": {
            "year_quarter": 20161,
            "year": 2016,
            "quarter": 1,
            "eps": -0.17,
            "eps_growth_year": null,
            "eps_4q": -0.76,
            "eps_4q_growth_year": null,
            "roe": -1.54,
            "roe_4q": -6.9399999999999995,
            "gross_profit": 48648,
            "gross_margin": 26,
            "gross_margin_4q_avg": 23.23,
            "net_income": -8698,
            "net_income_4q": null,
            "revenue": 187121,
            "revenue_4q": null,
            "common_shares": 535126,
            "book_valuer_per_share": 10.53,
            "book_valuer_per_share_4q_avg": 10.68,
            "equity": 563725,
            "current_ratio": 156.45,
            "debt_ratio": 34.61,
            "inventory_turnover_ratio": 0.48,
            "account_receivable_turnover_ratio": 2.28,
            "reinvestment_rate": -47.49,
            "research_to_sale_ratio": 1.1,
            "price_fair": 12.6,
            "eps_avg_yearly": 0.36,
            "eps_latest_yearly": 0.04,
            "eps_growth_yearly": 2075.93
        },
        "20162": {
            "year_quarter": 20162,
            "year": 2016,
            "quarter": 2,
            "eps": 0,
            "eps_growth_year": null,
            "eps_4q": -0.5,
            "eps_4q_growth_year": null,
            "roe": 0.03,
            "roe_4q": -4.6899999999999995,
            "gross_profit": 57389,
            "gross_margin": 28.98,
            "gross_margin_4q_avg": 24.65,
            "net_income": 149,
            "net_income_4q": null,
            "revenue": 198046,
            "revenue_4q": null,
            "common_shares": 535126,
            "book_valuer_per_share": 10.51,
            "book_valuer_per_share_4q_avg": 10.62,
            "equity": 562215,
            "current_ratio": 160.34,
            "debt_ratio": 33.5,
            "inventory_turnover_ratio": 0.5,
            "account_receivable_turnover_ratio": 2.32,
            "reinvestment_rate": 31.98,
            "research_to_sale_ratio": 1.03,
            "price_fair": 12.6,
            "eps_avg_yearly": 0.36,
            "eps_latest_yearly": 0.04,
            "eps_growth_yearly": 2075.93
        },
        "20163": {
            "year_quarter": 20163,
            "year": 2016,
            "quarter": 3,
            "eps": 0,
            "eps_growth_year": null,
            "eps_4q": -0.31,
            "eps_4q_growth_year": null,
            "roe": 0.01,
            "roe_4q": -2.8899999999999997,
            "gross_profit": 52726,
            "gross_margin": 28.45,
            "gross_margin_4q_avg": 26.5,
            "net_income": 77,
            "net_income_4q": null,
            "revenue": 185337,
            "revenue_4q": null,
            "common_shares": 535126,
            "book_valuer_per_share": 10.44,
            "book_valuer_per_share_4q_avg": 10.53,
            "equity": 558563,
            "current_ratio": 182.7,
            "debt_ratio": 27.21,
            "inventory_turnover_ratio": 0.56,
            "account_receivable_turnover_ratio": 2.08,
            "reinvestment_rate": 19.09,
            "research_to_sale_ratio": 1.06,
            "price_fair": 12.6,
            "eps_avg_yearly": 0.36,
            "eps_latest_yearly": 0.04,
            "eps_growth_yearly": 2075.93
        },
        "20164": {
            "year_quarter": 20164,
            "year": 2016,
            "quarter": 4,
            "eps": 0,
            "eps_growth_year": null,
            "eps_4q": -0.16,
            "eps_4q_growth_year": null,
            "roe": 0.04,
            "roe_4q": -1.46,
            "gross_profit": 45189,
            "gross_margin": 24.11,
            "gross_margin_4q_avg": 26.89,
            "net_income": 217,
            "net_income_4q": null,
            "revenue": 187459,
            "revenue_4q": null,
            "common_shares": 531626,
            "book_valuer_per_share": 10.38,
            "book_valuer_per_share_4q_avg": 10.47,
            "equity": 551690,
            "current_ratio": 181.17,
            "debt_ratio": 27.47,
            "inventory_turnover_ratio": 0.72,
            "account_receivable_turnover_ratio": 2.09,
            "reinvestment_rate": null,
            "research_to_sale_ratio": 1.19,
            "price_fair": 12.6,
            "eps_avg_yearly": 0.36,
            "eps_latest_yearly": 0.04,
            "eps_growth_yearly": 2075.93
        },
        "20171": {
            "year_quarter": 20171,
            "year": 2017,
            "quarter": 1,
            "eps": 0.02,
            "eps_growth_year": null,
            "eps_4q": 0.02,
            "eps_4q_growth_year": null,
            "roe": 0.16,
            "roe_4q": 0.24000000000000002,
            "gross_profit": 47793,
            "gross_margin": 29.71,
            "gross_margin_4q_avg": 27.81,
            "net_income": 872,
            "net_income_4q": null,
            "revenue": 160858,
            "revenue_4q": null,
            "common_shares": 531626,
            "book_valuer_per_share": 10.22,
            "book_valuer_per_share_4q_avg": 10.39,
            "equity": 543092,
            "current_ratio": 174.63,
            "debt_ratio": 28.87,
            "inventory_turnover_ratio": 0.57,
            "account_receivable_turnover_ratio": 1.94,
            "reinvestment_rate": null,
            "research_to_sale_ratio": 1.32,
            "price_fair": 12.6,
            "eps_avg_yearly": 0.36,
            "eps_latest_yearly": 0.04,
            "eps_growth_yearly": 2075.93
        },
        "20172": {
            "year_quarter": 20172,
            "year": 2017,
            "quarter": 2,
            "eps": 0,
            "eps_growth_year": null,
            "eps_4q": 0.03,
            "eps_4q_growth_year": null,
            "roe": 0.04,
            "roe_4q": 0.25,
            "gross_profit": 50580,
            "gross_margin": 27.53,
            "gross_margin_4q_avg": 27.45,
            "net_income": 233,
            "net_income_4q": null,
            "revenue": 183728,
            "revenue_4q": null,
            "common_shares": 531626,
            "book_valuer_per_share": 10.44,
            "book_valuer_per_share_4q_avg": 10.37,
            "equity": 555184,
            "current_ratio": 176.53,
            "debt_ratio": 29.73,
            "inventory_turnover_ratio": 0.59,
            "account_receivable_turnover_ratio": 2.12,
            "reinvestment_rate": null,
            "research_to_sale_ratio": 1.09,
            "price_fair": 12.6,
            "eps_avg_yearly": 0.36,
            "eps_latest_yearly": 0.04,
            "eps_growth_yearly": 2075.93
        },
        "20173": {
            "year_quarter": 20173,
            "year": 2017,
            "quarter": 3,
            "eps": 0.01,
            "eps_growth_year": null,
            "eps_4q": 0.04,
            "eps_4q_growth_year": null,
            "roe": 0.11,
            "roe_4q": 0.35,
            "gross_profit": 53584,
            "gross_margin": 27.93,
            "gross_margin_4q_avg": 27.32,
            "net_income": 629,
            "net_income_4q": null,
            "revenue": 191851,
            "revenue_4q": null,
            "common_shares": 531626,
            "book_valuer_per_share": 10.55,
            "book_valuer_per_share_4q_avg": 10.4,
            "equity": 561042,
            "current_ratio": 176.65,
            "debt_ratio": 30.38,
            "inventory_turnover_ratio": 0.57,
            "account_receivable_turnover_ratio": 1.9,
            "reinvestment_rate": null,
            "research_to_sale_ratio": 1.63,
            "price_fair": 12.6,
            "eps_avg_yearly": 0.36,
            "eps_latest_yearly": 0.04,
            "eps_growth_yearly": 2075.93
        },
        "20174": {
            "year_quarter": 20174,
            "year": 2017,
            "quarter": 4,
            "eps": 0.13,
            "eps_growth_year": 3082.56,
            "eps_4q": 0.16,
            "eps_4q_growth_year": null,
            "roe": 1.22,
            "roe_4q": 1.53,
            "gross_profit": 62086,
            "gross_margin": 29.87,
            "gross_margin_4q_avg": 28.76,
            "net_income": 6860,
            "net_income_4q": null,
            "revenue": 207834,
            "revenue_4q": null,
            "common_shares": 528048,
            "book_valuer_per_share": 10.73,
            "book_valuer_per_share_4q_avg": 10.49,
            "equity": 566677,
            "current_ratio": 184.39,
            "debt_ratio": 28.45,
            "inventory_turnover_ratio": 0.63,
            "account_receivable_turnover_ratio": 2.17,
            "reinvestment_rate": null,
            "research_to_sale_ratio": 1.34,
            "price_fair": 10.27,
            "eps_avg_yearly": 0.29,
            "eps_latest_yearly": 0.52,
            "eps_growth_yearly": 1409.26
        },
        "20181": {
            "year_quarter": 20181,
            "year": 2018,
            "quarter": 1,
            "eps": 0.05,
            "eps_growth_year": 150,
            "eps_4q": 0.2,
            "eps_4q_growth_year": 703.37,
            "roe": 0.47,
            "roe_4q": 1.84,
            "gross_profit": 57807,
            "gross_margin": 31.53,
            "gross_margin_4q_avg": 29.22,
            "net_income": 2771,
            "net_income_4q": null,
            "revenue": 183359,
            "revenue_4q": null,
            "common_shares": 528048,
            "book_valuer_per_share": 11.64,
            "book_valuer_per_share_4q_avg": 10.84,
            "equity": 614490,
            "current_ratio": 165.47,
            "debt_ratio": 31.86,
            "inventory_turnover_ratio": 0.53,
            "account_receivable_turnover_ratio": 2.06,
            "reinvestment_rate": null,
            "research_to_sale_ratio": 2.1,
            "price_fair": 8.87,
            "eps_avg_yearly": 0.25,
            "eps_latest_yearly": 0.2,
            "eps_growth_yearly": 1401.28
        },
        "20182": {
            "year_quarter": 20182,
            "year": 2018,
            "quarter": 2,
            "eps": 0,
            "eps_growth_year": null,
            "eps_4q": 0.19,
            "eps_4q_growth_year": 620.44,
            "roe": -0.04,
            "roe_4q": 1.76,
            "gross_profit": 53991,
            "gross_margin": 30.28,
            "gross_margin_4q_avg": 29.9,
            "net_income": -249,
            "net_income_4q": null,
            "revenue": 178289,
            "revenue_4q": null,
            "common_shares": 528048,
            "book_valuer_per_share": 11.65,
            "book_valuer_per_share_4q_avg": 11.14,
            "equity": 615168,
            "current_ratio": 151.58,
            "debt_ratio": 33.93,
            "inventory_turnover_ratio": 0.45,
            "account_receivable_turnover_ratio": 2.08,
            "reinvestment_rate": null,
            "research_to_sale_ratio": 2,
            "price_fair": 12.6,
            "eps_avg_yearly": 0.36,
            "eps_latest_yearly": 0.2,
            "eps_growth_yearly": 2276.92
        },
        "20183": {
            "year_quarter": 20183,
            "year": 2018,
            "quarter": 3,
            "eps": 0.12,
            "eps_growth_year": 1100,
            "eps_4q": 0.3,
            "eps_4q_growth_year": 716.15,
            "roe": 1.04,
            "roe_4q": 2.69,
            "gross_profit": 64994,
            "gross_margin": 35.44,
            "gross_margin_4q_avg": 31.78,
            "net_income": 6434,
            "net_income_4q": null,
            "revenue": 183367,
            "revenue_4q": null,
            "common_shares": 528048,
            "book_valuer_per_share": 11.76,
            "book_valuer_per_share_4q_avg": 11.45,
            "equity": 620970,
            "current_ratio": 163.17,
            "debt_ratio": 30.67,
            "inventory_turnover_ratio": 0.41,
            "account_receivable_turnover_ratio": 2.19,
            "reinvestment_rate": null,
            "research_to_sale_ratio": 2.23,
            "price_fair": 12.6,
            "eps_avg_yearly": 0.36,
            "eps_latest_yearly": 0.2,
            "eps_growth_yearly": 2276.92
        },
        "20184": {
            "year_quarter": 20184,
            "year": 2018,
            "quarter": 4,
            "eps": 0.06,
            "eps_growth_year": -53.94,
            "eps_4q": 0.23,
            "eps_4q_growth_year": 41.62,
            "roe": 0.52,
            "roe_4q": 1.99,
            "gross_profit": 64370,
            "gross_margin": 31.93,
            "gross_margin_4q_avg": 32.3,
            "net_income": 3140,
            "net_income_4q": null,
            "revenue": 201594,
            "revenue_4q": null,
            "common_shares": 524790,
            "book_valuer_per_share": 11.15,
            "book_valuer_per_share_4q_avg": 11.55,
            "equity": 585264,
            "current_ratio": 177.38,
            "debt_ratio": 28.44,
            "inventory_turnover_ratio": 0.57,
            "account_receivable_turnover_ratio": 2.16,
            "reinvestment_rate": null,
            "research_to_sale_ratio": 2.19,
            "price_fair": 11.2,
            "eps_avg_yearly": 0.32,
            "eps_latest_yearly": 0.24,
            "eps_growth_yearly": 1451.28
        },
        "20191": {
            "year_quarter": 20191,
            "year": 2019,
            "quarter": 1,
            "eps": -0.32,
            "eps_growth_year": -740,
            "eps_4q": -0.13,
            "eps_4q_growth_year": -167.31,
            "roe": -2.88,
            "roe_4q": -1.3599999999999999,
            "gross_profit": 47025,
            "gross_margin": 33.17,
            "gross_margin_4q_avg": 32.71,
            "net_income": -16596,
            "net_income_4q": null,
            "revenue": 141771,
            "revenue_4q": null,
            "common_shares": 543590,
            "book_valuer_per_share": 10.44,
            "book_valuer_per_share_4q_avg": 11.25,
            "equity": 567700,
            "current_ratio": 150.89,
            "debt_ratio": 36.83,
            "inventory_turnover_ratio": 0.39,
            "account_receivable_turnover_ratio": 1.74,
            "reinvestment_rate": null,
            "research_to_sale_ratio": 2.62,
            "price_fair": 11.2,
            "eps_avg_yearly": 0.32,
            "eps_latest_yearly": 0.24,
            "eps_growth_yearly": 1451.28
        },
        "20192": {
            "year_quarter": 20192,
            "year": 2019,
            "quarter": 2,
            "eps": -0.22,
            "eps_growth_year": null,
            "eps_4q": -0.35,
            "eps_4q_growth_year": -282.75,
            "roe": -2.03,
            "roe_4q": -3.3500000000000005,
            "gross_profit": 50920,
            "gross_margin": 34.07,
            "gross_margin_4q_avg": 33.65,
            "net_income": -11323,
            "net_income_4q": null,
            "revenue": 149439,
            "revenue_4q": null,
            "common_shares": 543590,
            "book_valuer_per_share": 10.39,
            "book_valuer_per_share_4q_avg": 10.94,
            "equity": 550353,
            "current_ratio": 142.79,
            "debt_ratio": 39.29,
            "inventory_turnover_ratio": 0.33,
            "account_receivable_turnover_ratio": 2.18,
            "reinvestment_rate": null,
            "research_to_sale_ratio": 2.48,
            "price_fair": 11.2,
            "eps_avg_yearly": 0.32,
            "eps_latest_yearly": 0.24,
            "eps_growth_yearly": 1451.28
        },
        "20193": {
            "year_quarter": 20193,
            "year": 2019,
            "quarter": 3,
            "eps": -0.19,
            "eps_growth_year": -258.33,
            "eps_4q": -0.67,
            "eps_4q_growth_year": -322.43,
            "roe": -1.82,
            "roe_4q": -6.209999999999999,
            "gross_profit": 51364,
            "gross_margin": 35.81,
            "gross_margin_4q_avg": 33.75,
            "net_income": -9774,
            "net_income_4q": null,
            "revenue": 143436,
            "revenue_4q": null,
            "common_shares": 543590,
            "book_valuer_per_share": 10.12,
            "book_valuer_per_share_4q_avg": 10.53,
            "equity": 524765,
            "current_ratio": 139.24,
            "debt_ratio": 37.86,
            "inventory_turnover_ratio": 0.31,
            "account_receivable_turnover_ratio": 2.07,
            "reinvestment_rate": null,
            "research_to_sale_ratio": 2.33,
            "price_fair": 11.2,
            "eps_avg_yearly": 0.32,
            "eps_latest_yearly": 0.24,
            "eps_growth_yearly": 1451.28
        },
        "20194": {
            "year_quarter": 20194,
            "year": 2019,
            "quarter": 4,
            "eps": -1.46,
            "eps_growth_year": -2533.41,
            "eps_4q": -2.19,
            "eps_4q_growth_year": -1048.67,
            "roe": -15.47,
            "roe_4q": -22.2,
            "gross_profit": 50373,
            "gross_margin": 30.92,
            "gross_margin_4q_avg": 33.49,
            "net_income": -75115,
            "net_income_4q": null,
            "revenue": 162919,
            "revenue_4q": null,
            "common_shares": 543506,
            "book_valuer_per_share": 8.65,
            "book_valuer_per_share_4q_avg": 9.9,
            "equity": 446321,
            "current_ratio": 136.18,
            "debt_ratio": 42.22,
            "inventory_turnover_ratio": 0.41,
            "account_receivable_turnover_ratio": 2.55,
            "reinvestment_rate": null,
            "research_to_sale_ratio": 2.13,
            "price_fair": 11.2,
            "eps_avg_yearly": 0.32,
            "eps_latest_yearly": 0.24,
            "eps_growth_yearly": 1451.28
        },
        "20201": {
            "year_quarter": 20201,
            "year": 2020,
            "quarter": 1,
            "eps": -0.24,
            "eps_growth_year": null,
            "eps_4q": -2.12,
            "eps_4q_growth_year": null,
            "roe": -2.74,
            "roe_4q": -22.060000000000002,
            "gross_profit": 40283,
            "gross_margin": 32.64,
            "gross_margin_4q_avg": 33.36,
            "net_income": -11991,
            "net_income_4q": null,
            "revenue": 123414,
            "revenue_4q": null,
            "common_shares": 538066,
            "book_valuer_per_share": 8.42,
            "book_valuer_per_share_4q_avg": 9.4,
            "equity": 429586,
            "current_ratio": 132.85,
            "debt_ratio": 42.4,
            "inventory_turnover_ratio": 0.33,
            "account_receivable_turnover_ratio": 2.2,
            "reinvestment_rate": null,
            "research_to_sale_ratio": 2.75,
            "price_fair": 11.2,
            "eps_avg_yearly": 0.32,
            "eps_latest_yearly": 0.24,
            "eps_growth_yearly": 1451.28
        },
        "20202": {
            "year_quarter": 20202,
            "year": 2020,
            "quarter": 2,
            "eps": -0.29,
            "eps_growth_year": null,
            "eps_4q": -2.18,
            "eps_4q_growth_year": null,
            "roe": -3.35,
            "roe_4q": -23.380000000000003,
            "gross_profit": 34477,
            "gross_margin": 33.42,
            "gross_margin_4q_avg": 33.2,
            "net_income": -14159,
            "net_income_4q": null,
            "revenue": 103148,
            "revenue_4q": null,
            "common_shares": 538066,
            "book_valuer_per_share": 8.16,
            "book_valuer_per_share_4q_avg": 8.84,
            "equity": 416468,
            "current_ratio": 125.05,
            "debt_ratio": 43.82,
            "inventory_turnover_ratio": 0.28,
            "account_receivable_turnover_ratio": 2.06,
            "reinvestment_rate": null,
            "research_to_sale_ratio": 3.6,
            "price_fair": 11.2,
            "eps_avg_yearly": 0.32,
            "eps_latest_yearly": 0.24,
            "eps_growth_yearly": 1451.28
        },
        "20203": {
            "year_quarter": 20203,
            "year": 2020,
            "quarter": 3,
            "eps": 0.02,
            "eps_growth_year": null,
            "eps_4q": -1.97,
            "eps_4q_growth_year": null,
            "roe": 0.18,
            "roe_4q": -21.380000000000003,
            "gross_profit": 51862,
            "gross_margin": 36.03,
            "gross_margin_4q_avg": 33.25,
            "net_income": 746,
            "net_income_4q": null,
            "revenue": 143957,
            "revenue_4q": null,
            "common_shares": 538066,
            "book_valuer_per_share": 8.29,
            "book_valuer_per_share_4q_avg": 8.38,
            "equity": 423164,
            "current_ratio": 129.59,
            "debt_ratio": 41.96,
            "inventory_turnover_ratio": 0.4,
            "account_receivable_turnover_ratio": 2.79,
            "reinvestment_rate": null,
            "research_to_sale_ratio": 2.19,
            "price_fair": 11.2,
            "eps_avg_yearly": 0.32,
            "eps_latest_yearly": 0.24,
            "eps_growth_yearly": 1451.28
        },
        "20204": {
            "year_quarter": 20204,
            "year": 2020,
            "quarter": 4,
            "eps": -0.25,
            "eps_growth_year": null,
            "eps_4q": -0.75,
            "eps_4q_growth_year": null,
            "roe": -3.04,
            "roe_4q": -8.95,
            "gross_profit": 55521,
            "gross_margin": 32.96,
            "gross_margin_4q_avg": 33.76,
            "net_income": -12829,
            "net_income_4q": null,
            "revenue": 168472,
            "revenue_4q": null,
            "common_shares": 538066,
            "book_valuer_per_share": 8.22,
            "book_valuer_per_share_4q_avg": 8.27,
            "equity": 419575,
            "current_ratio": 138.2,
            "debt_ratio": 39.31,
            "inventory_turnover_ratio": 0.58,
            "account_receivable_turnover_ratio": 3.1,
            "reinvestment_rate": null,
            "research_to_sale_ratio": 1.84,
            "price_fair": 11.2,
            "eps_avg_yearly": 0.32,
            "eps_latest_yearly": 0.24,
            "eps_growth_yearly": 1451.28
        },
        "20211": {
            "year_quarter": 20211,
            "year": 2021,
            "quarter": 1,
            "eps": -0.08,
            "eps_growth_year": null,
            "eps_4q": -0.58,
            "eps_4q_growth_year": null,
            "roe": -0.94,
            "roe_4q": -7.15,
            "gross_profit": 50822,
            "gross_margin": 38.76,
            "gross_margin_4q_avg": 35.29,
            "net_income": -3880,
            "net_income_4q": null,
            "revenue": 131117,
            "revenue_4q": null,
            "common_shares": 546246,
            "book_valuer_per_share": 7.82,
            "book_valuer_per_share_4q_avg": 8.12,
            "equity": 405473,
            "current_ratio": 132.96,
            "debt_ratio": 41.7,
            "inventory_turnover_ratio": 0.46,
            "account_receivable_turnover_ratio": 2.49,
            "reinvestment_rate": null,
            "research_to_sale_ratio": 2.19,
            "price_fair": 11.2,
            "eps_avg_yearly": 0.32,
            "eps_latest_yearly": 0.24,
            "eps_growth_yearly": 1451.28
        },
        "20212": {
            "year_quarter": 20212,
            "year": 2021,
            "quarter": 2,
            "eps": 0.21,
            "eps_growth_year": null,
            "eps_4q": -0.11,
            "eps_4q_growth_year": null,
            "roe": 2.46,
            "roe_4q": -1.34,
            "gross_profit": 65461,
            "gross_margin": 37.71,
            "gross_margin_4q_avg": 36.37,
            "net_income": 10120,
            "net_income_4q": null,
            "revenue": 173568,
            "revenue_4q": null,
            "common_shares": 546246,
            "book_valuer_per_share": 8.02,
            "book_valuer_per_share_4q_avg": 8.09,
            "equity": 415742,
            "current_ratio": 133.41,
            "debt_ratio": 42.44,
            "inventory_turnover_ratio": 0.63,
            "account_receivable_turnover_ratio": 2.92,
            "reinvestment_rate": null,
            "research_to_sale_ratio": 1.7,
            "price_fair": 11.2,
            "eps_avg_yearly": 0.32,
            "eps_latest_yearly": 0.24,
            "eps_growth_yearly": 1451.28
        },
        "20213": {
            "year_quarter": 20213,
            "year": 2021,
            "quarter": 3,
            "eps": 0.01,
            "eps_growth_year": -50,
            "eps_4q": -0.12,
            "eps_4q_growth_year": null,
            "roe": 0.08,
            "roe_4q": -1.44,
            "gross_profit": 47498,
            "gross_margin": 33.86,
            "gross_margin_4q_avg": 35.82,
            "net_income": 338,
            "net_income_4q": null,
            "revenue": 140289,
            "revenue_4q": null,
            "common_shares": 546246,
            "book_valuer_per_share": 7.97,
            "book_valuer_per_share_4q_avg": 8.01,
            "equity": 413419,
            "current_ratio": 128.62,
            "debt_ratio": 46.08,
            "inventory_turnover_ratio": 0.44,
            "account_receivable_turnover_ratio": 2.31,
            "reinvestment_rate": null,
            "research_to_sale_ratio": 2.07,
            "price_fair": 8.75,
            "eps_avg_yearly": 0.25,
            "eps_latest_yearly": 0.04,
            "eps_growth_yearly": 993.22
        },
        "20214": {
            "year_quarter": 20214,
            "year": 2021,
            "quarter": 4,
            "eps": 0.22,
            "eps_growth_year": null,
            "eps_4q": 0.35,
            "eps_4q_growth_year": null,
            "roe": 2.8,
            "roe_4q": 4.4,
            "gross_profit": 51805,
            "gross_margin": 27.66,
            "gross_margin_4q_avg": 34.5,
            "net_income": 11663,
            "net_income_4q": null,
            "revenue": 187286,
            "revenue_4q": null,
            "common_shares": 546246,
            "book_valuer_per_share": 8.11,
            "book_valuer_per_share_4q_avg": 7.98,
            "equity": 420585,
            "current_ratio": 132.04,
            "debt_ratio": 44.96,
            "inventory_turnover_ratio": 0.54,
            "account_receivable_turnover_ratio": 3.22,
            "reinvestment_rate": null,
            "research_to_sale_ratio": 1.59,
            "price_fair": 11.9,
            "eps_avg_yearly": 0.34,
            "eps_latest_yearly": 0.88,
            "eps_growth_yearly": 1893.22
        },
        "20221": {
            "year_quarter": 20221,
            "year": 2022,
            "quarter": 1,
            "eps": -0.06,
            "eps_growth_year": null,
            "eps_4q": 0.37,
            "eps_4q_growth_year": null,
            "roe": -0.75,
            "roe_4q": 4.59,
            "gross_profit": 48992,
            "gross_margin": 33.42,
            "gross_margin_4q_avg": 33.16,
            "net_income": -3166,
            "net_income_4q": null,
            "revenue": 146588,
            "revenue_4q": null,
            "common_shares": 545326,
            "book_valuer_per_share": 8.15,
            "book_valuer_per_share_4q_avg": 8.06,
            "equity": 422154,
            "current_ratio": 132.46,
            "debt_ratio": 44.98,
            "inventory_turnover_ratio": 0.38,
            "account_receivable_turnover_ratio": 2.29,
            "reinvestment_rate": null,
            "research_to_sale_ratio": 2.26,
            "price_fair": 13.53,
            "eps_avg_yearly": 0.39,
            "eps_latest_yearly": 0.88,
            "eps_growth_yearly": 2606.35
        },
        "20222": {
            "year_quarter": 20222,
            "year": 2022,
            "quarter": 2,
            "eps": -0.05,
            "eps_growth_year": -123.81,
            "eps_4q": 0.12,
            "eps_4q_growth_year": null,
            "roe": -1.66,
            "roe_4q": 0.4699999999999997,
            "gross_profit": 49829,
            "gross_margin": 30.58,
            "gross_margin_4q_avg": 31.38,
            "net_income": -7133,
            "net_income_4q": null,
            "revenue": 162955,
            "revenue_4q": null,
            "common_shares": 545326,
            "book_valuer_per_share": 8.02,
            "book_valuer_per_share_4q_avg": 8.06,
            "equity": 439311,
            "current_ratio": 129.15,
            "debt_ratio": 48.1,
            "inventory_turnover_ratio": 0.41,
            "account_receivable_turnover_ratio": 2.32,
            "reinvestment_rate": null,
            "research_to_sale_ratio": 4.7,
            "price_fair": 13.53,
            "eps_avg_yearly": 0.39,
            "eps_latest_yearly": 0.88,
            "eps_growth_yearly": 2606.35
        },
        "20223": {
            "year_quarter": 20223,
            "year": 2022,
            "quarter": 3,
            "eps": 0.02,
            "eps_growth_year": 100,
            "eps_4q": 0.14,
            "eps_4q_growth_year": null,
            "roe": -0.84,
            "roe_4q": -0.4500000000000002,
            "gross_profit": 50896,
            "gross_margin": 34.7,
            "gross_margin_4q_avg": 31.59,
            "net_income": -3670,
            "net_income_4q": null,
            "revenue": 146668,
            "revenue_4q": null,
            "common_shares": 545326,
            "book_valuer_per_share": 8.11,
            "book_valuer_per_share_4q_avg": 8.1,
            "equity": 439158,
            "current_ratio": 131.69,
            "debt_ratio": 47.7,
            "inventory_turnover_ratio": 0.34,
            "account_receivable_turnover_ratio": 1.96,
            "reinvestment_rate": null,
            "research_to_sale_ratio": 5.02,
            "price_fair": 13.53,
            "eps_avg_yearly": 0.39,
            "eps_latest_yearly": 0.88,
            "eps_growth_yearly": 2606.35
        },
        "20224": {
            "year_quarter": 20224,
            "year": 2022,
            "quarter": 4,
            "eps": -0.18,
            "eps_growth_year": -180.02,
            "eps_4q": -0.27,
            "eps_4q_growth_year": -175.56,
            "roe": -3.9,
            "roe_4q": -7.15,
            "gross_profit": 39266,
            "gross_margin": 28.41,
            "gross_margin_4q_avg": 31.78,
            "net_income": -16964,
            "net_income_4q": null,
            "revenue": 138211,
            "revenue_4q": null,
            "common_shares": 545326,
            "book_valuer_per_share": 8.1,
            "book_valuer_per_share_4q_avg": 8.1,
            "equity": 431181,
            "current_ratio": 128.41,
            "debt_ratio": 44.07,
            "inventory_turnover_ratio": 0.4,
            "account_receivable_turnover_ratio": 2.08,
            "reinvestment_rate": null,
            "research_to_sale_ratio": 5.69,
            "price_fair": 16.1,
            "eps_avg_yearly": 0.46,
            "eps_latest_yearly": 0.88,
            "eps_growth_yearly": 4009.52
        },
        "20231": {
            "year_quarter": 20231,
            "year": 2023,
            "quarter": 1,
            "eps": -0.06,
            "eps_growth_year": null,
            "eps_4q": -0.27,
            "eps_4q_growth_year": -173.53,
            "roe": -2.25,
            "roe_4q": -8.65,
            "gross_profit": 49207,
            "gross_margin": 39.3,
            "gross_margin_4q_avg": 33.25,
            "net_income": -9597,
            "net_income_4q": null,
            "revenue": 125198,
            "revenue_4q": null,
            "common_shares": 539186,
            "book_valuer_per_share": 8.11,
            "book_valuer_per_share_4q_avg": 8.09,
            "equity": 420475,
            "current_ratio": 124.35,
            "debt_ratio": 46.26,
            "inventory_turnover_ratio": 0.32,
            "account_receivable_turnover_ratio": 2.3,
            "reinvestment_rate": null,
            "research_to_sale_ratio": 6.83,
            "price_fair": 16.1,
            "eps_avg_yearly": 0.46,
            "eps_latest_yearly": 0.88,
            "eps_growth_yearly": 4009.52
        },
        "20232": {
            "year_quarter": 20232,
            "year": 2023,
            "quarter": 2,
            "eps": -0.15,
            "eps_growth_year": null,
            "eps_4q": -0.36,
            "eps_4q_growth_year": -392.17,
            "roe": -3.27,
            "roe_4q": -10.26,
            "gross_profit": 51339,
            "gross_margin": 41.22,
            "gross_margin_4q_avg": 35.91,
            "net_income": -13785,
            "net_income_4q": null,
            "revenue": 124541,
            "revenue_4q": null,
            "common_shares": 552186,
            "book_valuer_per_share": 7.91,
            "book_valuer_per_share_4q_avg": 8.06,
            "equity": 423063,
            "current_ratio": 129.49,
            "debt_ratio": 42.83,
            "inventory_turnover_ratio": 0.32,
            "account_receivable_turnover_ratio": 2.65,
            "reinvestment_rate": null,
            "research_to_sale_ratio": 8.83,
            "price_fair": 16.1,
            "eps_avg_yearly": 0.46,
            "eps_latest_yearly": 0.88,
            "eps_growth_yearly": 4009.52
        },
        "20233": {
            "year_quarter": 20233,
            "year": 2023,
            "quarter": 3,
            "eps": -0.08,
            "eps_growth_year": -500,
            "eps_4q": -0.46,
            "eps_4q_growth_year": -429.89,
            "roe": -1.83,
            "roe_4q": -11.25,
            "gross_profit": 53270,
            "gross_margin": 39.65,
            "gross_margin_4q_avg": 37.15,
            "net_income": -7781,
            "net_income_4q": null,
            "revenue": 134366,
            "revenue_4q": null,
            "common_shares": 552186,
            "book_valuer_per_share": 7.92,
            "book_valuer_per_share_4q_avg": 8.01,
            "equity": 426029,
            "current_ratio": 130.01,
            "debt_ratio": 43.81,
            "inventory_turnover_ratio": 0.38,
            "account_receivable_turnover_ratio": 2.61,
            "reinvestment_rate": null,
            "research_to_sale_ratio": 6.29,
            "price_fair": 16.1,
            "eps_avg_yearly": 0.46,
            "eps_latest_yearly": 0.88,
            "eps_growth_yearly": 4009.52
        },
        "20234": {
            "year_quarter": 20234,
            "year": 2023,
            "quarter": 4,
            "eps": -0.29,
            "eps_growth_year": null,
            "eps_4q": -0.57,
            "eps_4q_growth_year": null,
            "roe": -6.14,
            "roe_4q": -13.49,
            "gross_profit": 44660,
            "gross_margin": 35.31,
            "gross_margin_4q_avg": 38.87,
            "net_income": -25610,
            "net_income_4q": null,
            "revenue": 126482,
            "revenue_4q": null,
            "common_shares": 552186,
            "book_valuer_per_share": 7.66,
            "book_valuer_per_share_4q_avg": 7.9,
            "equity": 408599,
            "current_ratio": 129.9,
            "debt_ratio": 43.29,
            "inventory_turnover_ratio": 0.39,
            "account_receivable_turnover_ratio": 2.47,
            "reinvestment_rate": null,
            "research_to_sale_ratio": 7.04,
            "price_fair": 16.1,
            "eps_avg_yearly": 0.46,
            "eps_latest_yearly": 0.88,
            "eps_growth_yearly": 4009.52
        }
    },
    "months": {
        "2001-06": {
            "month": "2001-06",
            "price": "5.22",
            "revenue": 150790
        },
        "2001-07": {
            "month": "2001-07",
            "price": "5.11",
            "revenue": 133050
        },
        "2001-08": {
            "month": "2001-08",
            "price": "5.76",
            "revenue": 182523
        },
        "2001-09": {
            "month": "2001-09",
            "price": "4.82",
            "revenue": 105105
        },
        "2001-10": {
            "month": "2001-10",
            "price": "4.91",
            "revenue": 190623
        },
        "2001-11": {
            "month": "2001-11",
            "price": "5.54",
            "revenue": 246461
        },
        "2001-12": {
            "month": "2001-12",
            "price": "8.39",
            "revenue": 217641
        },
        "2002-01": {
            "month": "2002-01",
            "price": "15.31",
            "revenue": 534034
        },
        "2002-02": {
            "month": "2002-02",
            "price": "17.49",
            "revenue": 234354
        },
        "2002-03": {
            "month": "2002-03",
            "price": "17.74",
            "revenue": 245346
        },
        "2002-04": {
            "month": "2002-04",
            "price": "18.19",
            "revenue": 254392
        },
        "2002-05": {
            "month": "2002-05",
            "price": "12.01",
            "revenue": 192787
        },
        "2002-06": {
            "month": "2002-06",
            "price": "10.76",
            "revenue": 162133
        },
        "2002-07": {
            "month": "2002-07",
            "price": "10.14",
            "revenue": 202275
        },
        "2002-08": {
            "month": "2002-08",
            "price": "9.08",
            "revenue": 137147
        },
        "2002-09": {
            "month": "2002-09",
            "price": "7.60",
            "revenue": 185644
        },
        "2002-10": {
            "month": "2002-10",
            "price": "7.55",
            "revenue": 436444
        },
        "2002-11": {
            "month": "2002-11",
            "price": "9.32",
            "revenue": 301567
        },
        "2002-12": {
            "month": "2002-12",
            "price": "8.60",
            "revenue": 294749
        },
        "2003-01": {
            "month": "2003-01",
            "price": "8.31",
            "revenue": 248951
        },
        "2003-02": {
            "month": "2003-02",
            "price": "8.40",
            "revenue": 351784
        },
        "2003-03": {
            "month": "2003-03",
            "price": "7.81",
            "revenue": 306099
        },
        "2003-04": {
            "month": "2003-04",
            "price": "7.42",
            "revenue": 180164
        },
        "2003-05": {
            "month": "2003-05",
            "price": "6.80",
            "revenue": 274907
        },
        "2003-06": {
            "month": "2003-06",
            "price": "7.76",
            "revenue": 176563
        },
        "2003-07": {
            "month": "2003-07",
            "price": "9.44",
            "revenue": 196375
        },
        "2003-08": {
            "month": "2003-08",
            "price": "9.45",
            "revenue": 223238
        },
        "2003-09": {
            "month": "2003-09",
            "price": "8.92",
            "revenue": 161515
        },
        "2003-10": {
            "month": "2003-10",
            "price": "8.35",
            "revenue": 445895
        },
        "2003-11": {
            "month": "2003-11",
            "price": "9.09",
            "revenue": 304231
        },
        "2003-12": {
            "month": "2003-12",
            "price": "9.49",
            "revenue": 255630
        },
        "2004-01": {
            "month": "2004-01",
            "price": "10.45",
            "revenue": 293631
        },
        "2004-02": {
            "month": "2004-02",
            "price": "11.57",
            "revenue": 214216
        },
        "2004-03": {
            "month": "2004-03",
            "price": "10.44",
            "revenue": 262918
        },
        "2004-04": {
            "month": "2004-04",
            "price": "11.06",
            "revenue": 232088
        },
        "2004-05": {
            "month": "2004-05",
            "price": "8.90",
            "revenue": 230452
        },
        "2004-06": {
            "month": "2004-06",
            "price": "7.72",
            "revenue": 132553
        },
        "2004-07": {
            "month": "2004-07",
            "price": "6.70",
            "revenue": 278763
        },
        "2004-08": {
            "month": "2004-08",
            "price": "6.27",
            "revenue": 373554
        },
        "2004-09": {
            "month": "2004-09",
            "price": "5.27",
            "revenue": 339005
        },
        "2004-10": {
            "month": "2004-10",
            "price": "5.19",
            "revenue": 358063
        },
        "2004-11": {
            "month": "2004-11",
            "price": "4.12",
            "revenue": 448936
        },
        "2004-12": {
            "month": "2004-12",
            "price": "3.86",
            "revenue": 393878
        },
        "2005-01": {
            "month": "2005-01",
            "price": "4.01",
            "revenue": 297939
        },
        "2005-02": {
            "month": "2005-02",
            "price": "3.98",
            "revenue": 304832
        },
        "2005-03": {
            "month": "2005-03",
            "price": "3.93",
            "revenue": 244256
        },
        "2005-04": {
            "month": "2005-04",
            "price": "3.34",
            "revenue": 259107
        },
        "2005-05": {
            "month": "2005-05",
            "price": "6.82",
            "revenue": 366172
        },
        "2005-06": {
            "month": "2005-06",
            "price": "7.50",
            "revenue": 395025
        },
        "2005-07": {
            "month": "2005-07",
            "price": "10.45",
            "revenue": 307819
        },
        "2005-08": {
            "month": "2005-08",
            "price": "8.31",
            "revenue": 323900
        },
        "2005-09": {
            "month": "2005-09",
            "price": "7.14",
            "revenue": 483166
        },
        "2005-10": {
            "month": "2005-10",
            "price": "6.78",
            "revenue": 548905
        },
        "2005-11": {
            "month": "2005-11",
            "price": "6.74",
            "revenue": 579991
        },
        "2005-12": {
            "month": "2005-12",
            "price": "7.10",
            "revenue": 546648
        },
        "2006-01": {
            "month": "2006-01",
            "price": "6.99",
            "revenue": 396481
        },
        "2006-02": {
            "month": "2006-02",
            "price": "6.79",
            "revenue": 341172
        },
        "2006-03": {
            "month": "2006-03",
            "price": "5.84",
            "revenue": 397114
        },
        "2006-04": {
            "month": "2006-04",
            "price": "5.35",
            "revenue": 273635
        },
        "2006-05": {
            "month": "2006-05",
            "price": "5.20",
            "revenue": 267506
        },
        "2006-06": {
            "month": "2006-06",
            "price": "4.47",
            "revenue": 266734
        },
        "2006-07": {
            "month": "2006-07",
            "price": "4.33",
            "revenue": 213855
        },
        "2006-08": {
            "month": "2006-08",
            "price": "3.98",
            "revenue": 252443
        },
        "2006-09": {
            "month": "2006-09",
            "price": "3.60",
            "revenue": 373864
        },
        "2006-10": {
            "month": "2006-10",
            "price": "4.16",
            "revenue": 363817
        },
        "2006-11": {
            "month": "2006-11",
            "price": "9.83",
            "revenue": 220848
        },
        "2006-12": {
            "month": "2006-12",
            "price": "12.63",
            "revenue": 207874
        },
        "2007-01": {
            "month": "2007-01",
            "price": "13.07",
            "revenue": 217283
        },
        "2007-02": {
            "month": "2007-02",
            "price": "13.08",
            "revenue": 232297
        },
        "2007-03": {
            "month": "2007-03",
            "price": "12.70",
            "revenue": 208566
        },
        "2007-04": {
            "month": "2007-04",
            "price": "13.46",
            "revenue": 204913
        },
        "2007-05": {
            "month": "2007-05",
            "price": "12.89",
            "revenue": 184678
        },
        "2007-06": {
            "month": "2007-06",
            "price": "14.20",
            "revenue": 207421
        },
        "2007-07": {
            "month": "2007-07",
            "price": "16.80",
            "revenue": 262968
        },
        "2007-08": {
            "month": "2007-08",
            "price": "17.33",
            "revenue": 360029
        },
        "2007-09": {
            "month": "2007-09",
            "price": "18.33",
            "revenue": 305909
        },
        "2007-10": {
            "month": "2007-10",
            "price": "18.27",
            "revenue": 165642
        },
        "2007-11": {
            "month": "2007-11",
            "price": "17.08",
            "revenue": 257834
        },
        "2007-12": {
            "month": "2007-12",
            "price": "14.86",
            "revenue": 120937
        },
        "2008-01": {
            "month": "2008-01",
            "price": "12.64",
            "revenue": 153075
        },
        "2008-02": {
            "month": "2008-02",
            "price": "11.67",
            "revenue": 138559
        },
        "2008-03": {
            "month": "2008-03",
            "price": "12.91",
            "revenue": 181599
        },
        "2008-04": {
            "month": "2008-04",
            "price": "13.20",
            "revenue": 232778
        },
        "2008-05": {
            "month": "2008-05",
            "price": "14.15",
            "revenue": 134817
        },
        "2008-06": {
            "month": "2008-06",
            "price": "13.77",
            "revenue": 122997
        },
        "2008-07": {
            "month": "2008-07",
            "price": "11.85",
            "revenue": 148004
        },
        "2008-08": {
            "month": "2008-08",
            "price": "11.77",
            "revenue": 107463
        },
        "2008-09": {
            "month": "2008-09",
            "price": "8.55",
            "revenue": 95876
        },
        "2008-10": {
            "month": "2008-10",
            "price": "5.73",
            "revenue": 114341
        },
        "2008-11": {
            "month": "2008-11",
            "price": "4.72",
            "revenue": 84043
        },
        "2008-12": {
            "month": "2008-12",
            "price": "4.54",
            "revenue": 63178
        },
        "2009-01": {
            "month": "2009-01",
            "price": "4.98",
            "revenue": 85470
        },
        "2009-02": {
            "month": "2009-02",
            "price": "5.05",
            "revenue": 73818
        },
        "2009-03": {
            "month": "2009-03",
            "price": "5.89",
            "revenue": 77891
        },
        "2009-04": {
            "month": "2009-04",
            "price": "6.80",
            "revenue": 47199
        },
        "2009-05": {
            "month": "2009-05",
            "price": "6.38",
            "revenue": 47822
        },
        "2009-06": {
            "month": "2009-06",
            "price": "6.43",
            "revenue": 90384
        },
        "2009-07": {
            "month": "2009-07",
            "price": "6.23",
            "revenue": 85232
        },
        "2009-08": {
            "month": "2009-08",
            "price": "6.36",
            "revenue": 53205
        },
        "2009-09": {
            "month": "2009-09",
            "price": "6.75",
            "revenue": 73763
        },
        "2009-10": {
            "month": "2009-10",
            "price": "7.43",
            "revenue": 70168
        },
        "2009-11": {
            "month": "2009-11",
            "price": "7.36",
            "revenue": 75856
        },
        "2009-12": {
            "month": "2009-12",
            "price": "8.10",
            "revenue": 67645
        },
        "2010-01": {
            "month": "2010-01",
            "price": "10.21",
            "revenue": 50912
        },
        "2010-02": {
            "month": "2010-02",
            "price": "9.82",
            "revenue": 48638
        },
        "2010-03": {
            "month": "2010-03",
            "price": "9.50",
            "revenue": 54242
        },
        "2010-04": {
            "month": "2010-04",
            "price": "9.79",
            "revenue": 56150
        },
        "2010-05": {
            "month": "2010-05",
            "price": "9.39",
            "revenue": 53765
        },
        "2010-06": {
            "month": "2010-06",
            "price": "9.16",
            "revenue": 49858
        },
        "2010-07": {
            "month": "2010-07",
            "price": "9.03",
            "revenue": 62474
        },
        "2010-08": {
            "month": "2010-08",
            "price": "9.03",
            "revenue": 58316
        },
        "2010-09": {
            "month": "2010-09",
            "price": "8.15",
            "revenue": 61923
        },
        "2010-10": {
            "month": "2010-10",
            "price": "7.82",
            "revenue": 57621
        },
        "2010-11": {
            "month": "2010-11",
            "price": "7.44",
            "revenue": 59319
        },
        "2010-12": {
            "month": "2010-12",
            "price": "7.59",
            "revenue": 44786
        },
        "2011-01": {
            "month": "2011-01",
            "price": "7.74",
            "revenue": 55194
        },
        "2011-02": {
            "month": "2011-02",
            "price": "8.54",
            "revenue": 56668
        },
        "2011-03": {
            "month": "2011-03",
            "price": "9.77",
            "revenue": 61213
        },
        "2011-04": {
            "month": "2011-04",
            "price": "11.01",
            "revenue": 52616
        },
        "2011-05": {
            "month": "2011-05",
            "price": "12.30",
            "revenue": 57601
        },
        "2011-06": {
            "month": "2011-06",
            "price": "12.43",
            "revenue": 61284
        },
        "2011-07": {
            "month": "2011-07",
            "price": "11.79",
            "revenue": 65600
        },
        "2011-08": {
            "month": "2011-08",
            "price": "11.58",
            "revenue": 55144
        },
        "2011-09": {
            "month": "2011-09",
            "price": "10.04",
            "revenue": 70767
        },
        "2011-10": {
            "month": "2011-10",
            "price": "10.17",
            "revenue": 60084
        },
        "2011-11": {
            "month": "2011-11",
            "price": "9.39",
            "revenue": 63953
        },
        "2011-12": {
            "month": "2011-12",
            "price": "8.80",
            "revenue": 54833
        },
        "2012-01": {
            "month": "2012-01",
            "price": "9.01",
            "revenue": 55556
        },
        "2012-02": {
            "month": "2012-02",
            "price": "10.77",
            "revenue": 50512
        },
        "2012-03": {
            "month": "2012-03",
            "price": "13.82",
            "revenue": 61264
        },
        "2012-04": {
            "month": "2012-04",
            "price": "13.30",
            "revenue": 55435
        },
        "2012-05": {
            "month": "2012-05",
            "price": "10.38",
            "revenue": 55049
        },
        "2012-06": {
            "month": "2012-06",
            "price": "12.09",
            "revenue": 54948
        },
        "2012-07": {
            "month": "2012-07",
            "price": "13.19",
            "revenue": 49345
        },
        "2012-08": {
            "month": "2012-08",
            "price": "15.30",
            "revenue": 49920
        },
        "2012-09": {
            "month": "2012-09",
            "price": "19.58",
            "revenue": 60255
        },
        "2012-10": {
            "month": "2012-10",
            "price": "19.54",
            "revenue": 52851
        },
        "2012-11": {
            "month": "2012-11",
            "price": "19.39",
            "revenue": 55196
        },
        "2012-12": {
            "month": "2012-12",
            "price": "19.02",
            "revenue": 40581
        },
        "2013-01": {
            "month": "2013-01",
            "price": "19.83",
            "revenue": 46830
        },
        "2013-02": {
            "month": "2013-02",
            "price": "19.79",
            "revenue": 46638
        },
        "2013-03": {
            "month": "2013-03",
            "price": "22.23",
            "revenue": 47723
        },
        "2013-04": {
            "month": "2013-04",
            "price": "29.88",
            "revenue": 45129
        },
        "2013-05": {
            "month": "2013-05",
            "price": "29.93",
            "revenue": 55110
        },
        "2013-06": {
            "month": "2013-06",
            "price": "28.25",
            "revenue": 50017
        },
        "2013-07": {
            "month": "2013-07",
            "price": "27.28",
            "revenue": 54051
        },
        "2013-08": {
            "month": "2013-08",
            "price": "26.74",
            "revenue": 45363
        },
        "2013-09": {
            "month": "2013-09",
            "price": "16.67",
            "revenue": 54434
        },
        "2013-10": {
            "month": "2013-10",
            "price": "15.32",
            "revenue": 61016
        },
        "2013-11": {
            "month": "2013-11",
            "price": "13.95",
            "revenue": 65083
        },
        "2013-12": {
            "month": "2013-12",
            "price": "15.20",
            "revenue": 54353
        },
        "2014-01": {
            "month": "2014-01",
            "price": "16.81",
            "revenue": 56444
        },
        "2014-02": {
            "month": "2014-02",
            "price": "16.90",
            "revenue": 56944
        },
        "2014-03": {
            "month": "2014-03",
            "price": "18.87",
            "revenue": 59763
        },
        "2014-04": {
            "month": "2014-04",
            "price": "17.90",
            "revenue": 60783
        },
        "2014-05": {
            "month": "2014-05",
            "price": "17.41",
            "revenue": 57473
        },
        "2014-06": {
            "month": "2014-06",
            "price": "17.55",
            "revenue": 59829
        },
        "2014-07": {
            "month": "2014-07",
            "price": "17.44",
            "revenue": 58796
        },
        "2014-08": {
            "month": "2014-08",
            "price": "16.45",
            "revenue": 44055
        },
        "2014-09": {
            "month": "2014-09",
            "price": "14.44",
            "revenue": 48056
        },
        "2014-10": {
            "month": "2014-10",
            "price": "12.38",
            "revenue": 66569
        },
        "2014-11": {
            "month": "2014-11",
            "price": "11.26",
            "revenue": 61792
        },
        "2014-12": {
            "month": "2014-12",
            "price": "12.39",
            "revenue": 54445
        },
        "2015-01": {
            "month": "2015-01",
            "price": "13.30",
            "revenue": 55873
        },
        "2015-02": {
            "month": "2015-02",
            "price": "12.72",
            "revenue": 48362
        },
        "2015-03": {
            "month": "2015-03",
            "price": "12.90",
            "revenue": 60438
        },
        "2015-04": {
            "month": "2015-04",
            "price": "12.97",
            "revenue": 53868
        },
        "2015-05": {
            "month": "2015-05",
            "price": "12.16",
            "revenue": 45248
        },
        "2015-06": {
            "month": "2015-06",
            "price": "11.17",
            "revenue": 56393
        },
        "2015-07": {
            "month": "2015-07",
            "price": "10.31",
            "revenue": 58364
        },
        "2015-08": {
            "month": "2015-08",
            "price": "9.46",
            "revenue": 47983
        },
        "2015-09": {
            "month": "2015-09",
            "price": "8.99",
            "revenue": 69147
        },
        "2015-10": {
            "month": "2015-10",
            "price": "9.19",
            "revenue": 69901
        },
        "2015-11": {
            "month": "2015-11",
            "price": "9.34",
            "revenue": 59368
        },
        "2015-12": {
            "month": "2015-12",
            "price": "8.70",
            "revenue": 57805
        },
        "2016-01": {
            "month": "2016-01",
            "price": "8.52",
            "revenue": 62163
        },
        "2016-02": {
            "month": "2016-02",
            "price": "8.30",
            "revenue": 65604
        },
        "2016-03": {
            "month": "2016-03",
            "price": "9.03",
            "revenue": 59349
        },
        "2016-04": {
            "month": "2016-04",
            "price": "8.90",
            "revenue": 60306
        },
        "2016-05": {
            "month": "2016-05",
            "price": "8.18",
            "revenue": 63946
        },
        "2016-06": {
            "month": "2016-06",
            "price": "8.00",
            "revenue": 73799
        },
        "2016-07": {
            "month": "2016-07",
            "price": "7.97",
            "revenue": 60314
        },
        "2016-08": {
            "month": "2016-08",
            "price": "8.25",
            "revenue": 60689
        },
        "2016-09": {
            "month": "2016-09",
            "price": "8.12",
            "revenue": 64334
        },
        "2016-10": {
            "month": "2016-10",
            "price": "7.73",
            "revenue": 59439
        },
        "2016-11": {
            "month": "2016-11",
            "price": "7.29",
            "revenue": 66356
        },
        "2016-12": {
            "month": "2016-12",
            "price": "7.47",
            "revenue": 61732
        },
        "2017-01": {
            "month": "2017-01",
            "price": "7.75",
            "revenue": 53394
        },
        "2017-02": {
            "month": "2017-02",
            "price": "8.06",
            "revenue": 49203
        },
        "2017-03": {
            "month": "2017-03",
            "price": "7.92",
            "revenue": 58261
        },
        "2017-04": {
            "month": "2017-04",
            "price": "7.50",
            "revenue": 59200
        },
        "2017-05": {
            "month": "2017-05",
            "price": "7.31",
            "revenue": 56377
        },
        "2017-06": {
            "month": "2017-06",
            "price": "7.77",
            "revenue": 68151
        },
        "2017-07": {
            "month": "2017-07",
            "price": "7.93",
            "revenue": 50757
        },
        "2017-08": {
            "month": "2017-08",
            "price": "7.46",
            "revenue": 60043
        },
        "2017-09": {
            "month": "2017-09",
            "price": "7.78",
            "revenue": 81051
        },
        "2017-10": {
            "month": "2017-10",
            "price": "7.83",
            "revenue": 68286
        },
        "2017-11": {
            "month": "2017-11",
            "price": "7.78",
            "revenue": 69007
        },
        "2017-12": {
            "month": "2017-12",
            "price": "7.98",
            "revenue": 70541
        },
        "2018-01": {
            "month": "2018-01",
            "price": "8.30",
            "revenue": 64854
        },
        "2018-02": {
            "month": "2018-02",
            "price": "8.16",
            "revenue": 56920
        },
        "2018-03": {
            "month": "2018-03",
            "price": "10.12",
            "revenue": 61585
        },
        "2018-04": {
            "month": "2018-04",
            "price": "11.78",
            "revenue": 46576
        },
        "2018-05": {
            "month": "2018-05",
            "price": "9.81",
            "revenue": 68121
        },
        "2018-06": {
            "month": "2018-06",
            "price": "9.99",
            "revenue": 63592
        },
        "2018-07": {
            "month": "2018-07",
            "price": "9.21",
            "revenue": 55026
        },
        "2018-08": {
            "month": "2018-08",
            "price": "9.01",
            "revenue": 59801
        },
        "2018-09": {
            "month": "2018-09",
            "price": "9.01",
            "revenue": 68540
        },
        "2018-10": {
            "month": "2018-10",
            "price": "8.35",
            "revenue": 65548
        },
        "2018-11": {
            "month": "2018-11",
            "price": "8.27",
            "revenue": 64830
        },
        "2018-12": {
            "month": "2018-12",
            "price": "9.16",
            "revenue": 71216
        },
        "2019-01": {
            "month": "2019-01",
            "price": "8.93",
            "revenue": 41343
        },
        "2019-02": {
            "month": "2019-02",
            "price": "9.09",
            "revenue": 50883
        },
        "2019-03": {
            "month": "2019-03",
            "price": "9.11",
            "revenue": 49545
        },
        "2019-04": {
            "month": "2019-04",
            "price": "9.14",
            "revenue": 48495
        },
        "2019-05": {
            "month": "2019-05",
            "price": "8.99",
            "revenue": 43070
        },
        "2019-06": {
            "month": "2019-06",
            "price": "9.09",
            "revenue": 57873
        },
        "2019-07": {
            "month": "2019-07",
            "price": "8.96",
            "revenue": 47893
        },
        "2019-08": {
            "month": "2019-08",
            "price": "8.74",
            "revenue": 42212
        },
        "2019-09": {
            "month": "2019-09",
            "price": "8.90",
            "revenue": 53331
        },
        "2019-10": {
            "month": "2019-10",
            "price": "8.78",
            "revenue": 55969
        },
        "2019-11": {
            "month": "2019-11",
            "price": "8.21",
            "revenue": 55336
        },
        "2019-12": {
            "month": "2019-12",
            "price": "8.10",
            "revenue": 51614
        },
        "2020-01": {
            "month": "2020-01",
            "price": "8.25",
            "revenue": 33140
        },
        "2020-02": {
            "month": "2020-02",
            "price": "7.92",
            "revenue": 45425
        },
        "2020-03": {
            "month": "2020-03",
            "price": "6.83",
            "revenue": 44849
        },
        "2020-04": {
            "month": "2020-04",
            "price": "6.12",
            "revenue": 27287
        },
        "2020-05": {
            "month": "2020-05",
            "price": "6.55",
            "revenue": 40982
        },
        "2020-06": {
            "month": "2020-06",
            "price": "6.85",
            "revenue": 39181
        },
        "2020-07": {
            "month": "2020-07",
            "price": "7.08",
            "revenue": 48105
        },
        "2020-08": {
            "month": "2020-08",
            "price": "6.90",
            "revenue": 48668
        },
        "2020-09": {
            "month": "2020-09",
            "price": "7.33",
            "revenue": 47184
        },
        "2020-10": {
            "month": "2020-10",
            "price": "7.25",
            "revenue": 55477
        },
        "2020-11": {
            "month": "2020-11",
            "price": "7.21",
            "revenue": 59457
        },
        "2020-12": {
            "month": "2020-12",
            "price": "7.93",
            "revenue": 53538
        },
        "2021-01": {
            "month": "2021-01",
            "price": "8.61",
            "revenue": 39353
        },
        "2021-02": {
            "month": "2021-02",
            "price": "7.98",
            "revenue": 46221
        },
        "2021-03": {
            "month": "2021-03",
            "price": "9.14",
            "revenue": 45543
        },
        "2021-04": {
            "month": "2021-04",
            "price": "9.78",
            "revenue": 58831
        },
        "2021-05": {
            "month": "2021-05",
            "price": "9.18",
            "revenue": 50426
        },
        "2021-06": {
            "month": "2021-06",
            "price": "9.25",
            "revenue": 64311
        },
        "2021-07": {
            "month": "2021-07",
            "price": "9.58",
            "revenue": 43891
        },
        "2021-08": {
            "month": "2021-08",
            "price": "9.27",
            "revenue": 53328
        },
        "2021-09": {
            "month": "2021-09",
            "price": "8.98",
            "revenue": 43070
        },
        "2021-10": {
            "month": "2021-10",
            "price": "8.86",
            "revenue": 59315
        },
        "2021-11": {
            "month": "2021-11",
            "price": "8.83",
            "revenue": 74588
        },
        "2021-12": {
            "month": "2021-12",
            "price": "9.59",
            "revenue": 53383
        },
        "2022-01": {
            "month": "2022-01",
            "price": "9.78",
            "revenue": 47651
        },
        "2022-02": {
            "month": "2022-02",
            "price": "9.75",
            "revenue": 39230
        },
        "2022-03": {
            "month": "2022-03",
            "price": "9.34",
            "revenue": 59707
        },
        "2022-04": {
            "month": "2022-04",
            "price": "9.24",
            "revenue": 51411
        },
        "2022-05": {
            "month": "2022-05",
            "price": "9.07",
            "revenue": 44837
        },
        "2022-06": {
            "month": "2022-06",
            "price": "9.04",
            "revenue": 66706
        },
        "2022-07": {
            "month": "2022-07",
            "price": "9.09",
            "revenue": 38036
        },
        "2022-08": {
            "month": "2022-08",
            "price": "13.43",
            "revenue": 48639
        },
        "2022-09": {
            "month": "2022-09",
            "price": "11.40",
            "revenue": 59993
        },
        "2022-10": {
            "month": "2022-10",
            "price": "9.22",
            "revenue": 41969
        },
        "2022-11": {
            "month": "2022-11",
            "price": "9.74",
            "revenue": 42155
        },
        "2022-12": {
            "month": "2022-12",
            "price": "9.54",
            "revenue": 54088
        },
        "2023-01": {
            "month": "2023-01",
            "price": "9.41",
            "revenue": 45795
        },
        "2023-02": {
            "month": "2023-02",
            "price": "9.93",
            "revenue": 37192
        },
        "2023-03": {
            "month": "2023-03",
            "price": "10.20",
            "revenue": 42211
        },
        "2023-04": {
            "month": "2023-04",
            "price": "10.05",
            "revenue": 36741
        },
        "2023-05": {
            "month": "2023-05",
            "price": "10.05",
            "revenue": 47959
        },
        "2023-06": {
            "month": "2023-06",
            "price": "10.80",
            "revenue": 39841
        },
        "2023-07": {
            "month": "2023-07",
            "price": "11.00",
            "revenue": 36000
        },
        "2023-08": {
            "month": "2023-08",
            "price": "10.20",
            "revenue": 47344
        },
        "2023-09": {
            "month": "2023-09",
            "price": "10.02",
            "revenue": 51022
        },
        "2023-10": {
            "month": "2023-10",
            "price": "10.17",
            "revenue": 42321
        },
        "2023-11": {
            "month": "2023-11",
            "price": "10.08",
            "revenue": 46208
        },
        "2023-12": {
            "month": "2023-12",
            "price": "10.76",
            "revenue": 38693
        },
        "2024-01": {
            "month": "2024-01",
            "price": "11.50",
            "revenue": 40412
        },
        "2024-02": {
            "month": "2024-02",
            "price": "12.79",
            "revenue": 45664
        }
    }
}
