{
    "summary": {
        "stock_name": "美利達",
        "stock_id": "9914",
        "category": "運動休閒",
        "main_business": "自行車及其零組件製造買賣.",
        "website_url": "http://www.merida.com.tw",
        "ceo": "曾上原",
        "pe_ratio": 28,
        "report_year_from": 2001,
        "report_year_to": 2023,
        "age": 23,
        "eps_negative_percentage": 4,
        "eps_growth_avg": {
            "last_all": 22.07,
            "last_2y": -17.26,
            "last_4y": 10.84,
            "last_8y": 5.32,
            "last_12y": 10.87,
            "last_16y": 11.97,
            "last_20y": 22.07,
            "at_2006_last_3y": 65.01,
            "at_2007_last_3y": 60.85,
            "at_2008_last_3y": 33.14,
            "at_2009_last_3y": 19.06,
            "at_2010_last_3y": 15.52,
            "at_2011_last_3y": 6.58,
            "at_2012_last_3y": 13.04,
            "at_2013_last_3y": 20.98,
            "at_2014_last_3y": 23.38,
            "at_2015_last_3y": 9.24,
            "at_2016_last_3y": -3.71,
            "at_2017_last_3y": -23.62,
            "at_2018_last_3y": -1.58,
            "at_2019_last_3y": 12.73,
            "at_2020_last_3y": 36.89,
            "at_2021_last_3y": 55.59,
            "at_2022_last_3y": 23.82,
            "at_2023_last_3y": 2.01,
            "at_2024_last_3y": 2.01,
            "at_2006_last_all": 65.01,
            "at_2007_last_all": 68.25,
            "at_2008_last_all": 55.07,
            "at_2009_last_all": 45.7,
            "at_2010_last_all": 40.27,
            "at_2011_last_all": 40.84,
            "at_2012_last_all": 38.26,
            "at_2013_last_all": 36.71,
            "at_2014_last_all": 34.64,
            "at_2015_last_all": 31.12,
            "at_2016_last_all": 26.27,
            "at_2017_last_all": 20.62,
            "at_2018_last_all": 25.58,
            "at_2019_last_all": 26.79,
            "at_2020_last_all": 28.63,
            "at_2021_last_all": 27.98,
            "at_2022_last_all": 25.23,
            "at_2023_last_all": 22.07,
            "at_2024_last_all": 22.07
        },
        "latest_eps": 7.69,
        "latest_price": 216,
        "latest_roe": 11.14,
        "latest_gross_margin": 18.4,
        "latest_equity": 22551560,
        "latest_revenue": 6688372,
        "latest_gross_profit": 1230388,
        "latest_net_income": 792148,
        "latest_debt_ratio": 44.9,
        "latest_current_ratio": 138.98,
        "latest_account_receivable_turnover_ratio": 1.67,
        "latest_inventory_turnover_ratio": 0.57,
        "latest_reinvestment_rate": 67.51,
        "latest_research_to_sale_ratio": null
    },
    "eps_dividends": {
        "1990": {
            "cash": 0,
            "stock": 6.9,
            "eps": 0
        },
        "1991": {
            "cash": 0,
            "stock": 1.5,
            "eps": 0
        },
        "1992": {
            "cash": 0,
            "stock": 1.5,
            "eps": 0
        },
        "1993": {
            "cash": 0,
            "stock": 2,
            "eps": 0
        },
        "1994": {
            "cash": 0,
            "stock": 1.5,
            "eps": 0
        },
        "1999": {
            "cash": 2.2,
            "stock": 2.2,
            "eps": 0
        },
        "2000": {
            "cash": 1,
            "stock": 1.8,
            "eps": 0
        },
        "2001": {
            "cash": 0.2,
            "stock": 1.3,
            "eps": -1.11
        },
        "2002": {
            "cash": 0,
            "stock": 0,
            "eps": 0.47
        },
        "2003": {
            "cash": 0.28,
            "stock": 0,
            "eps": 0.93
        },
        "2004": {
            "cash": 0.5,
            "stock": 0,
            "eps": 2.01
        },
        "2005": {
            "cash": 0.6,
            "stock": 0.6,
            "eps": 2.93
        },
        "2006": {
            "cash": 1.7,
            "stock": 0,
            "eps": 3.41
        },
        "2007": {
            "cash": 1.8,
            "stock": 0,
            "eps": 6.18
        },
        "2008": {
            "cash": 2.8,
            "stock": 0,
            "eps": 5.51
        },
        "2009": {
            "cash": 2,
            "stock": 1.5,
            "eps": 4.93
        },
        "2010": {
            "cash": 3,
            "stock": 0,
            "eps": 5.04
        },
        "2011": {
            "cash": 6.3,
            "stock": 1.5,
            "eps": 7.33
        },
        "2012": {
            "cash": 0,
            "stock": 0,
            "eps": 8.43
        },
        "2013": {
            "cash": 5.5,
            "stock": 0,
            "eps": 10.22
        },
        "2014": {
            "cash": 6,
            "stock": 0.5,
            "eps": 11.43
        },
        "2015": {
            "cash": 6.8,
            "stock": 0,
            "eps": 10.16
        },
        "2016": {
            "cash": 5.5,
            "stock": 0,
            "eps": 6.42
        },
        "2017": {
            "cash": 4,
            "stock": 0,
            "eps": 2.67
        },
        "2018": {
            "cash": 2,
            "stock": 0,
            "eps": 5.72
        },
        "2019": {
            "cash": 3.5,
            "stock": 0,
            "eps": 8.36
        },
        "2020": {
            "cash": 4.2,
            "stock": 0,
            "eps": 13.36
        },
        "2021": {
            "cash": 7,
            "stock": 0,
            "eps": 15.55
        },
        "2022": {
            "cash": 8,
            "stock": 0,
            "eps": 11.34
        },
        "2023": {
            "cash": 7,
            "stock": 0,
            "eps": 6.68
        }
    },
    "dividends": {
        "1990-05-21": {
            "cash": 0,
            "stock": 6.9
        },
        "1991-05-05": {
            "cash": 0,
            "stock": 1.5
        },
        "1992-04-26": {
            "cash": 0,
            "stock": 1.5
        },
        "1993-06-15": {
            "cash": 0,
            "stock": 2
        },
        "1994-06-06": {
            "cash": 0,
            "stock": 1.5
        },
        "1999-06-16": {
            "cash": 2.2,
            "stock": 2.2
        },
        "2000-06-16": {
            "cash": 1,
            "stock": 1.8
        },
        "2001-06-20": {
            "cash": 0.2,
            "stock": 1.3
        },
        "2003-04-08": {
            "cash": 0.28,
            "stock": 0
        },
        "2004-05-13": {
            "cash": 0.5,
            "stock": 0
        },
        "2005-04-08": {
            "cash": 0.6,
            "stock": 0.6
        },
        "2006-04-06": {
            "cash": 1.7,
            "stock": 0
        },
        "2007-04-04": {
            "cash": 1.8,
            "stock": 0
        },
        "2008-04-08": {
            "cash": 2.8,
            "stock": 0
        },
        "2009-04-07": {
            "cash": 2,
            "stock": 1.5
        },
        "2010-04-13": {
            "cash": 3,
            "stock": 0
        },
        "2011-01-01": {
            "cash": 3,
            "stock": 1.5
        },
        "2011-04-21": {
            "cash": 3.3,
            "stock": 0
        },
        "2013-05-03": {
            "cash": 5.5,
            "stock": 0
        },
        "2014-09-25": {
            "cash": 6,
            "stock": 0.5
        },
        "2015-09-10": {
            "cash": 6.8,
            "stock": 0
        },
        "2016-09-02": {
            "cash": 5.5,
            "stock": 0
        },
        "2017-09-07": {
            "cash": 4,
            "stock": 0
        },
        "2018-09-07": {
            "cash": 2,
            "stock": 0
        },
        "2019-09-06": {
            "cash": 3.5,
            "stock": 0
        },
        "2020-09-04": {
            "cash": 4.2,
            "stock": 0
        },
        "2021-08-25": {
            "cash": 7,
            "stock": 0
        },
        "2022-09-05": {
            "cash": 8,
            "stock": 0
        },
        "2023-09-06": {
            "cash": 7,
            "stock": 0
        }
    },
    "prices": {
        "200101": "17.13",
        "200102": "18.76",
        "200103": "20.38",
        "200104": "16.97",
        "200105": "14.72",
        "200106": "15.54",
        "200107": "13.75",
        "200108": "10.32",
        "200109": "8.01",
        "200110": "7.44",
        "200111": "6.89",
        "200112": "8.20",
        "200201": "9.65",
        "200202": "8.43",
        "200203": "9.22",
        "200204": "13.02",
        "200205": "13.83",
        "200206": "13.75",
        "200207": "12.40",
        "200208": "13.48",
        "200209": "12.86",
        "200210": "13.15",
        "200211": "17.12",
        "200212": "17.33",
        "200301": "18.12",
        "200302": "16.11",
        "200303": "14.07",
        "200304": "12.84",
        "200305": "11.63",
        "200306": "12.90",
        "200307": "14.16",
        "200308": "14.57",
        "200309": "14.50",
        "200310": "15.43",
        "200311": "15.22",
        "200312": "15.14",
        "200401": "15.33",
        "200402": "16.68",
        "200403": "16.24",
        "200404": "14.73",
        "200405": "12.05",
        "200406": "12.15",
        "200407": "13.75",
        "200408": "14.11",
        "200409": "17.39",
        "200410": "17.72",
        "200411": "17.54",
        "200412": "20.30",
        "200501": "21.78",
        "200502": "21.56",
        "200503": "21.88",
        "200504": "18.48",
        "200505": "18.70",
        "200506": "20.43",
        "200507": "20.20",
        "200508": "22.20",
        "200509": "22.13",
        "200510": "22.40",
        "200511": "20.76",
        "200512": "21.40",
        "200601": "21.09",
        "200602": "20.60",
        "200603": "20.39",
        "200604": "22.39",
        "200605": "22.98",
        "200606": "21.39",
        "200607": "21.40",
        "200608": "20.47",
        "200609": "22.15",
        "200610": "28.06",
        "200611": "30.20",
        "200612": "34.65",
        "200701": "35.24",
        "200702": "36.03",
        "200703": "36.40",
        "200704": "46.13",
        "200705": "47.69",
        "200706": "50.12",
        "200707": "64.13",
        "200708": "70.13",
        "200709": "74.02",
        "200710": "67.88",
        "200711": "66.55",
        "200712": "58.91",
        "200801": "57.95",
        "200802": "55.34",
        "200803": "60.59",
        "200804": "62.00",
        "200805": "66.23",
        "200806": "69.37",
        "200807": "72.20",
        "200808": "69.19",
        "200809": "56.85",
        "200810": "44.44",
        "200811": "45.76",
        "200812": "41.11",
        "200901": "39.67",
        "200902": "36.63",
        "200903": "38.75",
        "200904": "44.54",
        "200905": "48.04",
        "200906": "49.30",
        "200907": "54.90",
        "200908": "57.74",
        "200909": "52.95",
        "200910": "53.38",
        "200911": "53.53",
        "200912": "52.06",
        "201001": "51.15",
        "201002": "46.45",
        "201003": "48.05",
        "201004": "49.15",
        "201005": "45.80",
        "201006": "46.11",
        "201007": "47.33",
        "201008": "53.34",
        "201009": "53.67",
        "201010": "53.33",
        "201011": "51.27",
        "201012": "52.39",
        "201101": "52.86",
        "201102": "52.83",
        "201103": "53.28",
        "201104": "54.21",
        "201105": "60.86",
        "201106": "62.85",
        "201107": "70.14",
        "201108": "69.07",
        "201109": "69.42",
        "201110": "70.03",
        "201111": "70.04",
        "201112": "66.30",
        "201201": "68.09",
        "201202": "75.19",
        "201203": "92.26",
        "201204": "100.00",
        "201205": "108.25",
        "201206": "107.05",
        "201207": "121.43",
        "201208": "116.10",
        "201209": "106.28",
        "201210": "113.95",
        "201211": "114.27",
        "201212": "129.38",
        "201301": "127.32",
        "201302": "142.31",
        "201303": "166.86",
        "201304": "179.72",
        "201305": "189.02",
        "201306": "179.53",
        "201307": "202.26",
        "201308": "199.60",
        "201309": "199.80",
        "201310": "221.59",
        "201311": "217.81",
        "201312": "220.61",
        "201401": "204.94",
        "201402": "190.21",
        "201403": "203.02",
        "201404": "200.93",
        "201405": "202.74",
        "201406": "201.28",
        "201407": "217.23",
        "201408": "223.79",
        "201409": "212.12",
        "201410": "204.11",
        "201411": "208.65",
        "201412": "212.96",
        "201501": "217.02",
        "201502": "233.88",
        "201503": "245.61",
        "201504": "242.80",
        "201505": "224.25",
        "201506": "208.14",
        "201507": "207.11",
        "201508": "175.64",
        "201509": "181.32",
        "201510": "189.24",
        "201511": "190.40",
        "201512": "175.00",
        "201601": "146.67",
        "201602": "150.19",
        "201603": "153.22",
        "201604": "130.82",
        "201605": "129.07",
        "201606": "138.95",
        "201607": "145.18",
        "201608": "136.20",
        "201609": "136.71",
        "201610": "143.20",
        "201611": "134.41",
        "201612": "139.71",
        "201701": "159.78",
        "201702": "161.11",
        "201703": "154.74",
        "201704": "158.89",
        "201705": "155.60",
        "201706": "161.52",
        "201707": "153.81",
        "201708": "140.07",
        "201709": "130.75",
        "201710": "139.47",
        "201711": "128.75",
        "201712": "125.21",
        "201801": "133.73",
        "201802": "129.50",
        "201803": "132.48",
        "201804": "131.31",
        "201805": "134.14",
        "201806": "134.28",
        "201807": "148.18",
        "201808": "142.02",
        "201809": "142.03",
        "201810": "126.20",
        "201811": "125.11",
        "201812": "135.62",
        "201901": "148.31",
        "201902": "154.15",
        "201903": "169.22",
        "201904": "168.38",
        "201905": "177.09",
        "201906": "179.79",
        "201907": "189.28",
        "201908": "184.33",
        "201909": "181.39",
        "201910": "169.62",
        "201911": "175.40",
        "201912": "172.02",
        "202001": "172.80",
        "202002": "163.24",
        "202003": "127.89",
        "202004": "128.98",
        "202005": "161.98",
        "202006": "189.45",
        "202007": "242.33",
        "202008": "257.40",
        "202009": "234.95",
        "202010": "254.11",
        "202011": "255.86",
        "202012": "242.26",
        "202101": "263.25",
        "202102": "288.35",
        "202103": "309.16",
        "202104": "344.61",
        "202105": "311.10",
        "202106": "312.95",
        "202107": "302.84",
        "202108": "317.25",
        "202109": "292.38",
        "202110": "273.18",
        "202111": "298.68",
        "202112": "314.02",
        "202201": "311.97",
        "202202": "280.07",
        "202203": "259.70",
        "202204": "254.18",
        "202205": "240.95",
        "202206": "258.17",
        "202207": "235.83",
        "202208": "224.93",
        "202209": "200.33",
        "202210": "177.22",
        "202211": "182.00",
        "202212": "177.55",
        "202301": "176.54",
        "202302": "183.81",
        "202303": "171.24",
        "202304": "168.97",
        "202305": "176.36",
        "202306": "204.40",
        "202307": "217.98",
        "202308": "200.55",
        "202309": "190.20",
        "202310": "174.25",
        "202311": "173.27",
        "202312": "183.33"
    },
    "quarters": {
        "20011": {
            "year_quarter": 20011,
            "year": 2001,
            "quarter": 1,
            "eps": 0.4,
            "eps_growth_year": -57.45,
            "eps_4q": 0.8,
            "eps_4q_growth_year": -48.98,
            "roe": 2.47,
            "roe_4q": 2.47,
            "gross_profit": 102920,
            "gross_margin": 10.51,
            "gross_margin_4q_avg": 10.51,
            "net_income": 73458,
            "net_income_4q": null,
            "revenue": 979682,
            "revenue_4q": null,
            "common_shares": 1784673,
            "book_valuer_per_share": 16.7,
            "book_valuer_per_share_4q_avg": 16.7,
            "equity": 2980094,
            "current_ratio": 128.49,
            "debt_ratio": 40.77,
            "inventory_turnover_ratio": 1.23,
            "account_receivable_turnover_ratio": null,
            "reinvestment_rate": null,
            "research_to_sale_ratio": null,
            "price_fair": 0,
            "eps_avg_yearly": 0,
            "eps_latest_yearly": 0,
            "eps_growth_yearly": 0
        },
        "20012": {
            "year_quarter": 20012,
            "year": 2001,
            "quarter": 2,
            "eps": -0.37,
            "eps_growth_year": -237.04,
            "eps_4q": 0.22,
            "eps_4q_growth_year": -87.93,
            "roe": -2.23,
            "roe_4q": 0.2400000000000002,
            "gross_profit": 56946,
            "gross_margin": 9.49,
            "gross_margin_4q_avg": 10,
            "net_income": -65765,
            "net_income_4q": null,
            "revenue": 599937,
            "revenue_4q": null,
            "common_shares": 1784673,
            "book_valuer_per_share": 16.33,
            "book_valuer_per_share_4q_avg": 16.52,
            "equity": 2914647,
            "current_ratio": 111.35,
            "debt_ratio": 42.56,
            "inventory_turnover_ratio": 1.11,
            "account_receivable_turnover_ratio": null,
            "reinvestment_rate": null,
            "research_to_sale_ratio": null,
            "price_fair": 0,
            "eps_avg_yearly": 0,
            "eps_latest_yearly": 0,
            "eps_growth_yearly": 0
        },
        "20013": {
            "year_quarter": 20013,
            "year": 2001,
            "quarter": 3,
            "eps": -0.96,
            "eps_growth_year": -4900,
            "eps_4q": -0.78,
            "eps_4q_growth_year": -146.44,
            "roe": -6.44,
            "roe_4q": -6.199999999999999,
            "gross_profit": 53856,
            "gross_margin": 8,
            "gross_margin_4q_avg": 9.33,
            "net_income": -194104,
            "net_income_4q": null,
            "revenue": 673394,
            "revenue_4q": null,
            "common_shares": 2018663,
            "book_valuer_per_share": 15.4,
            "book_valuer_per_share_4q_avg": 16.14,
            "equity": 3109264,
            "current_ratio": 88.81,
            "debt_ratio": 41.04,
            "inventory_turnover_ratio": 1.39,
            "account_receivable_turnover_ratio": null,
            "reinvestment_rate": null,
            "research_to_sale_ratio": null,
            "price_fair": 0,
            "eps_avg_yearly": 0,
            "eps_latest_yearly": 0,
            "eps_growth_yearly": 0
        },
        "20014": {
            "year_quarter": 20014,
            "year": 2001,
            "quarter": 4,
            "eps": -0.18,
            "eps_growth_year": -212.5,
            "eps_4q": -1.07,
            "eps_4q_growth_year": -188.07,
            "roe": -0.68,
            "roe_4q": -6.879999999999999,
            "gross_profit": 88258,
            "gross_margin": 8.79,
            "gross_margin_4q_avg": 9.2,
            "net_income": -21227,
            "net_income_4q": null,
            "revenue": 1004327,
            "revenue_4q": null,
            "common_shares": 2018663,
            "book_valuer_per_share": 15.36,
            "book_valuer_per_share_4q_avg": 15.95,
            "equity": 3156372,
            "current_ratio": 113.63,
            "debt_ratio": 47.34,
            "inventory_turnover_ratio": 1.56,
            "account_receivable_turnover_ratio": null,
            "reinvestment_rate": null,
            "research_to_sale_ratio": null,
            "price_fair": 0,
            "eps_avg_yearly": 0,
            "eps_latest_yearly": 0,
            "eps_growth_yearly": 0
        },
        "20021": {
            "year_quarter": 20021,
            "year": 2002,
            "quarter": 1,
            "eps": 0.43,
            "eps_growth_year": 7.5,
            "eps_4q": -0.87,
            "eps_4q_growth_year": -209.59,
            "roe": 2.91,
            "roe_4q": -6.440000000000001,
            "gross_profit": 130922,
            "gross_margin": 15.25,
            "gross_margin_4q_avg": 10.38,
            "net_income": 92732,
            "net_income_4q": null,
            "revenue": 858352,
            "revenue_4q": null,
            "common_shares": 2018663,
            "book_valuer_per_share": 15.92,
            "book_valuer_per_share_4q_avg": 15.75,
            "equity": 3214545,
            "current_ratio": 107.33,
            "debt_ratio": 40.54,
            "inventory_turnover_ratio": 1.35,
            "account_receivable_turnover_ratio": null,
            "reinvestment_rate": null,
            "research_to_sale_ratio": null,
            "price_fair": 0,
            "eps_avg_yearly": 0,
            "eps_latest_yearly": 0,
            "eps_growth_yearly": 0
        },
        "20022": {
            "year_quarter": 20022,
            "year": 2002,
            "quarter": 2,
            "eps": -0.03,
            "eps_growth_year": null,
            "eps_4q": -0.61,
            "eps_4q_growth_year": -374.29,
            "roe": -0.02,
            "roe_4q": -4.23,
            "gross_profit": 44156,
            "gross_margin": 6.99,
            "gross_margin_4q_avg": 9.76,
            "net_income": -614,
            "net_income_4q": null,
            "revenue": 631960,
            "revenue_4q": null,
            "common_shares": 2018663,
            "book_valuer_per_share": 15.74,
            "book_valuer_per_share_4q_avg": 15.61,
            "equity": 3177677,
            "current_ratio": 109.05,
            "debt_ratio": 35.93,
            "inventory_turnover_ratio": 1.52,
            "account_receivable_turnover_ratio": null,
            "reinvestment_rate": null,
            "research_to_sale_ratio": null,
            "price_fair": 0,
            "eps_avg_yearly": 0,
            "eps_latest_yearly": 0,
            "eps_growth_yearly": 0
        },
        "20023": {
            "year_quarter": 20023,
            "year": 2002,
            "quarter": 3,
            "eps": 0.03,
            "eps_growth_year": null,
            "eps_4q": 0.21,
            "eps_4q_growth_year": null,
            "roe": 0.37,
            "roe_4q": 2.58,
            "gross_profit": 85293,
            "gross_margin": 10.07,
            "gross_margin_4q_avg": 10.28,
            "net_income": 11805,
            "net_income_4q": null,
            "revenue": 847122,
            "revenue_4q": null,
            "common_shares": 2018663,
            "book_valuer_per_share": 16.03,
            "book_valuer_per_share_4q_avg": 15.76,
            "equity": 3236100,
            "current_ratio": 113.59,
            "debt_ratio": 38.16,
            "inventory_turnover_ratio": 1.47,
            "account_receivable_turnover_ratio": null,
            "reinvestment_rate": null,
            "research_to_sale_ratio": null,
            "price_fair": 0,
            "eps_avg_yearly": 0,
            "eps_latest_yearly": 0,
            "eps_growth_yearly": 0
        },
        "20024": {
            "year_quarter": 20024,
            "year": 2002,
            "quarter": 4,
            "eps": 0.04,
            "eps_growth_year": null,
            "eps_4q": 0.33,
            "eps_4q_growth_year": null,
            "roe": 0.44,
            "roe_4q": 3.7,
            "gross_profit": 130790,
            "gross_margin": 10.12,
            "gross_margin_4q_avg": 10.61,
            "net_income": 14529,
            "net_income_4q": null,
            "revenue": 1292842,
            "revenue_4q": null,
            "common_shares": 2018663,
            "book_valuer_per_share": 16.08,
            "book_valuer_per_share_4q_avg": 15.94,
            "equity": 3298595,
            "current_ratio": 133.62,
            "debt_ratio": 47.81,
            "inventory_turnover_ratio": 1.24,
            "account_receivable_turnover_ratio": null,
            "reinvestment_rate": 63.59,
            "research_to_sale_ratio": null,
            "price_fair": 5.6,
            "eps_avg_yearly": 0.16,
            "eps_latest_yearly": 0.16,
            "eps_growth_yearly": 133.33
        },
        "20031": {
            "year_quarter": 20031,
            "year": 2003,
            "quarter": 1,
            "eps": 0.39,
            "eps_growth_year": -9.3,
            "eps_4q": 0.51,
            "eps_4q_growth_year": null,
            "roe": 2.55,
            "roe_4q": 3.34,
            "gross_profit": 149509,
            "gross_margin": 12.31,
            "gross_margin_4q_avg": 9.87,
            "net_income": 84376,
            "net_income_4q": null,
            "revenue": 1214231,
            "revenue_4q": null,
            "common_shares": 2018663,
            "book_valuer_per_share": 16.49,
            "book_valuer_per_share_4q_avg": 16.09,
            "equity": 3328710,
            "current_ratio": 124.16,
            "debt_ratio": 38.86,
            "inventory_turnover_ratio": 1.28,
            "account_receivable_turnover_ratio": null,
            "reinvestment_rate": 48.34,
            "research_to_sale_ratio": null,
            "price_fair": 30.1,
            "eps_avg_yearly": 0.86,
            "eps_latest_yearly": 1.56,
            "eps_growth_yearly": 1816.67
        },
        "20032": {
            "year_quarter": 20032,
            "year": 2003,
            "quarter": 2,
            "eps": 0.31,
            "eps_growth_year": null,
            "eps_4q": 0.81,
            "eps_4q_growth_year": null,
            "roe": 2.06,
            "roe_4q": 5.42,
            "gross_profit": 42074,
            "gross_margin": 5.55,
            "gross_margin_4q_avg": 9.51,
            "net_income": 68035,
            "net_income_4q": null,
            "revenue": 757789,
            "revenue_4q": null,
            "common_shares": 2018663,
            "book_valuer_per_share": 16.31,
            "book_valuer_per_share_4q_avg": 16.23,
            "equity": 3292558,
            "current_ratio": 124.77,
            "debt_ratio": 35.82,
            "inventory_turnover_ratio": 1.68,
            "account_receivable_turnover_ratio": null,
            "reinvestment_rate": 35.3,
            "research_to_sale_ratio": null,
            "price_fair": 34.53,
            "eps_avg_yearly": 0.99,
            "eps_latest_yearly": 1.24,
            "eps_growth_yearly": 1183.76
        },
        "20033": {
            "year_quarter": 20033,
            "year": 2003,
            "quarter": 3,
            "eps": 0,
            "eps_growth_year": -100,
            "eps_4q": 0.85,
            "eps_4q_growth_year": 306.47,
            "roe": 0.17,
            "roe_4q": 5.22,
            "gross_profit": 94492,
            "gross_margin": 9,
            "gross_margin_4q_avg": 9.25,
            "net_income": 5496,
            "net_income_4q": null,
            "revenue": 1049695,
            "revenue_4q": null,
            "common_shares": 2018663,
            "book_valuer_per_share": 16.3,
            "book_valuer_per_share_4q_avg": 16.3,
            "equity": 3289785,
            "current_ratio": 123.76,
            "debt_ratio": 39.23,
            "inventory_turnover_ratio": 1.81,
            "account_receivable_turnover_ratio": null,
            "reinvestment_rate": 1.39,
            "research_to_sale_ratio": null,
            "price_fair": 34.53,
            "eps_avg_yearly": 0.99,
            "eps_latest_yearly": 1.24,
            "eps_growth_yearly": 1183.76
        },
        "20034": {
            "year_quarter": 20034,
            "year": 2003,
            "quarter": 4,
            "eps": 0.23,
            "eps_growth_year": 475,
            "eps_4q": 0.93,
            "eps_4q_growth_year": 184.92,
            "roe": 1.56,
            "roe_4q": 6.34,
            "gross_profit": 135733,
            "gross_margin": 9.42,
            "gross_margin_4q_avg": 9.07,
            "net_income": 51945,
            "net_income_4q": null,
            "revenue": 1440436,
            "revenue_4q": null,
            "common_shares": 2018663,
            "book_valuer_per_share": 16.47,
            "book_valuer_per_share_4q_avg": 16.39,
            "equity": 3361163,
            "current_ratio": 138.35,
            "debt_ratio": 46.05,
            "inventory_turnover_ratio": 1.35,
            "account_receivable_turnover_ratio": null,
            "reinvestment_rate": -8.57,
            "research_to_sale_ratio": null,
            "price_fair": 34.53,
            "eps_avg_yearly": 0.99,
            "eps_latest_yearly": 1.24,
            "eps_growth_yearly": 1183.76
        },
        "20041": {
            "year_quarter": 20041,
            "year": 2004,
            "quarter": 1,
            "eps": 0.3,
            "eps_growth_year": -23.08,
            "eps_4q": 0.86,
            "eps_4q_growth_year": 69.89,
            "roe": 1.99,
            "roe_4q": 5.779999999999999,
            "gross_profit": 120373,
            "gross_margin": 9.19,
            "gross_margin_4q_avg": 8.29,
            "net_income": 66677,
            "net_income_4q": null,
            "revenue": 1310394,
            "revenue_4q": null,
            "common_shares": 2018663,
            "book_valuer_per_share": 16.61,
            "book_valuer_per_share_4q_avg": 16.42,
            "equity": 3352356,
            "current_ratio": 122.2,
            "debt_ratio": 40.7,
            "inventory_turnover_ratio": 1.24,
            "account_receivable_turnover_ratio": null,
            "reinvestment_rate": -18.15,
            "research_to_sale_ratio": null,
            "price_fair": 36.4,
            "eps_avg_yearly": 1.04,
            "eps_latest_yearly": 1.2,
            "eps_growth_yearly": 918.26
        },
        "20042": {
            "year_quarter": 20042,
            "year": 2004,
            "quarter": 2,
            "eps": 1.53,
            "eps_growth_year": 393.55,
            "eps_4q": 2.13,
            "eps_4q_growth_year": 162.03,
            "roe": 9.03,
            "roe_4q": 12.75,
            "gross_profit": 57460,
            "gross_margin": 6.13,
            "gross_margin_4q_avg": 8.44,
            "net_income": 314361,
            "net_income_4q": null,
            "revenue": 936846,
            "revenue_4q": null,
            "common_shares": 2018663,
            "book_valuer_per_share": 17.87,
            "book_valuer_per_share_4q_avg": 16.81,
            "equity": 3606530,
            "current_ratio": 119.82,
            "debt_ratio": 36.85,
            "inventory_turnover_ratio": 1.5,
            "account_receivable_turnover_ratio": null,
            "reinvestment_rate": -9.4,
            "research_to_sale_ratio": null,
            "price_fair": 71.96,
            "eps_avg_yearly": 2.06,
            "eps_latest_yearly": 6.12,
            "eps_growth_yearly": 1062.6
        },
        "20043": {
            "year_quarter": 20043,
            "year": 2004,
            "quarter": 3,
            "eps": 0.24,
            "eps_growth_year": null,
            "eps_4q": 2.18,
            "eps_4q_growth_year": 154.72,
            "roe": 1.56,
            "roe_4q": 14.14,
            "gross_profit": 172194,
            "gross_margin": 13.99,
            "gross_margin_4q_avg": 9.68,
            "net_income": 53679,
            "net_income_4q": null,
            "revenue": 1231132,
            "revenue_4q": null,
            "common_shares": 2018663,
            "book_valuer_per_share": 16.2,
            "book_valuer_per_share_4q_avg": 16.79,
            "equity": 3271007,
            "current_ratio": 100.08,
            "debt_ratio": 42.77,
            "inventory_turnover_ratio": 1.52,
            "account_receivable_turnover_ratio": null,
            "reinvestment_rate": -14.72,
            "research_to_sale_ratio": null,
            "price_fair": 65.57,
            "eps_avg_yearly": 1.87,
            "eps_latest_yearly": 0.96,
            "eps_growth_yearly": 829.29
        },
        "20044": {
            "year_quarter": 20044,
            "year": 2004,
            "quarter": 4,
            "eps": -0.06,
            "eps_growth_year": -126.09,
            "eps_4q": 2.01,
            "eps_4q_growth_year": 116.15,
            "roe": -0.34,
            "roe_4q": 12.24,
            "gross_profit": 202737,
            "gross_margin": 11.51,
            "gross_margin_4q_avg": 10.21,
            "net_income": -11190,
            "net_income_4q": null,
            "revenue": 1761219,
            "revenue_4q": null,
            "common_shares": 2018663,
            "book_valuer_per_share": 15.59,
            "book_valuer_per_share_4q_avg": 16.57,
            "equity": 3225971,
            "current_ratio": 124.99,
            "debt_ratio": 48.35,
            "inventory_turnover_ratio": 1.44,
            "account_receivable_turnover_ratio": null,
            "reinvestment_rate": -21.47,
            "research_to_sale_ratio": null,
            "price_fair": 65.57,
            "eps_avg_yearly": 1.87,
            "eps_latest_yearly": 0.96,
            "eps_growth_yearly": 829.29
        },
        "20051": {
            "year_quarter": 20051,
            "year": 2005,
            "quarter": 1,
            "eps": 1.12,
            "eps_growth_year": 273.33,
            "eps_4q": 2.88,
            "eps_4q_growth_year": 233.26,
            "roe": 6.7,
            "roe_4q": 16.95,
            "gross_profit": 127571,
            "gross_margin": 8.89,
            "gross_margin_4q_avg": 10.13,
            "net_income": 226934,
            "net_income_4q": null,
            "revenue": 1435429,
            "revenue_4q": null,
            "common_shares": 2018663,
            "book_valuer_per_share": 17.57,
            "book_valuer_per_share_4q_avg": 16.81,
            "equity": 3546764,
            "current_ratio": 107.34,
            "debt_ratio": 38.19,
            "inventory_turnover_ratio": 1.39,
            "account_receivable_turnover_ratio": null,
            "reinvestment_rate": -16.76,
            "research_to_sale_ratio": null,
            "price_fair": 65.57,
            "eps_avg_yearly": 1.87,
            "eps_latest_yearly": 0.96,
            "eps_growth_yearly": 829.29
        },
        "20052": {
            "year_quarter": 20052,
            "year": 2005,
            "quarter": 2,
            "eps": 0.45,
            "eps_growth_year": -70.59,
            "eps_4q": 1.79,
            "eps_4q_growth_year": -16.33,
            "roe": 2.62,
            "roe_4q": 10.540000000000001,
            "gross_profit": 107273,
            "gross_margin": 9.42,
            "gross_margin_4q_avg": 10.95,
            "net_income": 90779,
            "net_income_4q": null,
            "revenue": 1139148,
            "revenue_4q": null,
            "common_shares": 2018663,
            "book_valuer_per_share": 16.7,
            "book_valuer_per_share_4q_avg": 16.52,
            "equity": 3371465,
            "current_ratio": 96.14,
            "debt_ratio": 40.3,
            "inventory_turnover_ratio": 1.79,
            "account_receivable_turnover_ratio": null,
            "reinvestment_rate": -14.46,
            "research_to_sale_ratio": null,
            "price_fair": 65.2,
            "eps_avg_yearly": 1.86,
            "eps_latest_yearly": 1.8,
            "eps_growth_yearly": 676.64
        },
        "20053": {
            "year_quarter": 20053,
            "year": 2005,
            "quarter": 3,
            "eps": 0.4,
            "eps_growth_year": 66.67,
            "eps_4q": 1.82,
            "eps_4q_growth_year": -16.49,
            "roe": 2.48,
            "roe_4q": 11.46,
            "gross_profit": 257048,
            "gross_margin": 14.08,
            "gross_margin_4q_avg": 10.98,
            "net_income": 86528,
            "net_income_4q": null,
            "revenue": 1825822,
            "revenue_4q": null,
            "common_shares": 2153092,
            "book_valuer_per_share": 16.74,
            "book_valuer_per_share_4q_avg": 16.65,
            "equity": 3604109,
            "current_ratio": 103.77,
            "debt_ratio": 41.04,
            "inventory_turnover_ratio": 2.48,
            "account_receivable_turnover_ratio": null,
            "reinvestment_rate": -10.94,
            "research_to_sale_ratio": null,
            "price_fair": 64.05,
            "eps_avg_yearly": 1.83,
            "eps_latest_yearly": 1.6,
            "eps_growth_yearly": 586.5
        },
        "20054": {
            "year_quarter": 20054,
            "year": 2005,
            "quarter": 4,
            "eps": 0.96,
            "eps_growth_year": null,
            "eps_4q": 2.83,
            "eps_4q_growth_year": 40.8,
            "roe": 5.61,
            "roe_4q": 17.41,
            "gross_profit": 251967,
            "gross_margin": 14.9,
            "gross_margin_4q_avg": 11.82,
            "net_income": 207754,
            "net_income_4q": null,
            "revenue": 1690501,
            "revenue_4q": null,
            "common_shares": 2153092,
            "book_valuer_per_share": 17.28,
            "book_valuer_per_share_4q_avg": 17.07,
            "equity": 3803080,
            "current_ratio": 137.22,
            "debt_ratio": 42.46,
            "inventory_turnover_ratio": 1.59,
            "account_receivable_turnover_ratio": null,
            "reinvestment_rate": -7.79,
            "research_to_sale_ratio": null,
            "price_fair": 71.87,
            "eps_avg_yearly": 2.05,
            "eps_latest_yearly": 3.84,
            "eps_growth_yearly": 583.56
        },
        "20061": {
            "year_quarter": 20061,
            "year": 2006,
            "quarter": 1,
            "eps": 0.93,
            "eps_growth_year": -16.96,
            "eps_4q": 2.72,
            "eps_4q_growth_year": -5.54,
            "roe": 5.18,
            "roe_4q": 15.89,
            "gross_profit": 179440,
            "gross_margin": 12.03,
            "gross_margin_4q_avg": 12.61,
            "net_income": 199886,
            "net_income_4q": null,
            "revenue": 1491236,
            "revenue_4q": null,
            "common_shares": 2153092,
            "book_valuer_per_share": 18.15,
            "book_valuer_per_share_4q_avg": 17.22,
            "equity": 3908692,
            "current_ratio": 131.38,
            "debt_ratio": 35.55,
            "inventory_turnover_ratio": 1.75,
            "account_receivable_turnover_ratio": null,
            "reinvestment_rate": -7.27,
            "research_to_sale_ratio": null,
            "price_fair": 77.7,
            "eps_avg_yearly": 2.22,
            "eps_latest_yearly": 3.72,
            "eps_growth_yearly": 523.95
        },
        "20062": {
            "year_quarter": 20062,
            "year": 2006,
            "quarter": 2,
            "eps": 0.58,
            "eps_growth_year": 28.89,
            "eps_4q": 2.88,
            "eps_4q_growth_year": 61.09,
            "roe": 3.32,
            "roe_4q": 16.59,
            "gross_profit": 102411,
            "gross_margin": 9.42,
            "gross_margin_4q_avg": 12.61,
            "net_income": 124819,
            "net_income_4q": null,
            "revenue": 1087629,
            "revenue_4q": null,
            "common_shares": 2153092,
            "book_valuer_per_share": 16.74,
            "book_valuer_per_share_4q_avg": 17.23,
            "equity": 3604525,
            "current_ratio": 108.91,
            "debt_ratio": 41.37,
            "inventory_turnover_ratio": 2.24,
            "account_receivable_turnover_ratio": null,
            "reinvestment_rate": -8.83,
            "research_to_sale_ratio": null,
            "price_fair": 78.02,
            "eps_avg_yearly": 2.23,
            "eps_latest_yearly": 2.32,
            "eps_growth_yearly": 462.64
        },
        "20063": {
            "year_quarter": 20063,
            "year": 2006,
            "quarter": 3,
            "eps": 0.89,
            "eps_growth_year": 122.5,
            "eps_4q": 3.37,
            "eps_4q_growth_year": 85.6,
            "roe": 5.15,
            "roe_4q": 19.26,
            "gross_profit": 226576,
            "gross_margin": 11.91,
            "gross_margin_4q_avg": 12.07,
            "net_income": 190902,
            "net_income_4q": null,
            "revenue": 1902477,
            "revenue_4q": null,
            "common_shares": 2153092,
            "book_valuer_per_share": 17.7,
            "book_valuer_per_share_4q_avg": 17.47,
            "equity": 3810178,
            "current_ratio": 113.59,
            "debt_ratio": 42.54,
            "inventory_turnover_ratio": 2.34,
            "account_receivable_turnover_ratio": null,
            "reinvestment_rate": -7.66,
            "research_to_sale_ratio": null,
            "price_fair": 81.9,
            "eps_avg_yearly": 2.34,
            "eps_latest_yearly": 3.56,
            "eps_growth_yearly": 441.9
        },
        "20064": {
            "year_quarter": 20064,
            "year": 2006,
            "quarter": 4,
            "eps": 1.01,
            "eps_growth_year": 5.21,
            "eps_4q": 3.41,
            "eps_4q_growth_year": 20.59,
            "roe": 5.45,
            "roe_4q": 19.1,
            "gross_profit": 325032,
            "gross_margin": 13.29,
            "gross_margin_4q_avg": 11.66,
            "net_income": 216957,
            "net_income_4q": null,
            "revenue": 2444914,
            "revenue_4q": null,
            "common_shares": 2153092,
            "book_valuer_per_share": 18.84,
            "book_valuer_per_share_4q_avg": 17.86,
            "equity": 4151505,
            "current_ratio": 133.73,
            "debt_ratio": 45.08,
            "inventory_turnover_ratio": 1.8,
            "account_receivable_turnover_ratio": null,
            "reinvestment_rate": -4,
            "research_to_sale_ratio": null,
            "price_fair": 93.22,
            "eps_avg_yearly": 2.66,
            "eps_latest_yearly": 4.04,
            "eps_growth_yearly": 435.28
        },
        "20071": {
            "year_quarter": 20071,
            "year": 2007,
            "quarter": 1,
            "eps": 1.26,
            "eps_growth_year": 35.48,
            "eps_4q": 3.74,
            "eps_4q_growth_year": 37.42,
            "roe": 6.35,
            "roe_4q": 20.270000000000003,
            "gross_profit": 299064,
            "gross_margin": 13.3,
            "gross_margin_4q_avg": 11.98,
            "net_income": 270652,
            "net_income_4q": null,
            "revenue": 2248728,
            "revenue_4q": null,
            "common_shares": 2153092,
            "book_valuer_per_share": 20.33,
            "book_valuer_per_share_4q_avg": 18.4,
            "equity": 4377861,
            "current_ratio": 108.28,
            "debt_ratio": 41.63,
            "inventory_turnover_ratio": 1.83,
            "account_receivable_turnover_ratio": null,
            "reinvestment_rate": -2.6,
            "research_to_sale_ratio": null,
            "price_fair": 103.37,
            "eps_avg_yearly": 2.95,
            "eps_latest_yearly": 5.04,
            "eps_growth_yearly": 151.87
        },
        "20072": {
            "year_quarter": 20072,
            "year": 2007,
            "quarter": 2,
            "eps": 1.42,
            "eps_growth_year": 144.83,
            "eps_4q": 4.57,
            "eps_4q_growth_year": 58.93,
            "roe": 7.13,
            "roe_4q": 24.08,
            "gross_profit": 188660,
            "gross_margin": 10.63,
            "gross_margin_4q_avg": 12.28,
            "net_income": 305755,
            "net_income_4q": null,
            "revenue": 1774164,
            "revenue_4q": null,
            "common_shares": 2153092,
            "book_valuer_per_share": 19.49,
            "book_valuer_per_share_4q_avg": 19.09,
            "equity": 4195984,
            "current_ratio": 95.2,
            "debt_ratio": 46.36,
            "inventory_turnover_ratio": 1.92,
            "account_receivable_turnover_ratio": null,
            "reinvestment_rate": -3.01,
            "research_to_sale_ratio": null,
            "price_fair": 116.32,
            "eps_avg_yearly": 3.32,
            "eps_latest_yearly": 5.68,
            "eps_growth_yearly": 162.94
        },
        "20073": {
            "year_quarter": 20073,
            "year": 2007,
            "quarter": 3,
            "eps": 1.85,
            "eps_growth_year": 107.87,
            "eps_4q": 5.53,
            "eps_4q_growth_year": 63.94,
            "roe": 9.05,
            "roe_4q": 27.98,
            "gross_profit": 391937,
            "gross_margin": 14.29,
            "gross_margin_4q_avg": 12.88,
            "net_income": 398982,
            "net_income_4q": null,
            "revenue": 2742405,
            "revenue_4q": null,
            "common_shares": 2153092,
            "book_valuer_per_share": 21.48,
            "book_valuer_per_share_4q_avg": 20.04,
            "equity": 4624636,
            "current_ratio": 99.87,
            "debt_ratio": 44.92,
            "inventory_turnover_ratio": 2.19,
            "account_receivable_turnover_ratio": null,
            "reinvestment_rate": -2.26,
            "research_to_sale_ratio": null,
            "price_fair": 127.29,
            "eps_avg_yearly": 3.64,
            "eps_latest_yearly": 7.4,
            "eps_growth_yearly": 159.72
        },
        "20074": {
            "year_quarter": 20074,
            "year": 2007,
            "quarter": 4,
            "eps": 1.65,
            "eps_growth_year": 63.37,
            "eps_4q": 6.17,
            "eps_4q_growth_year": 80.95,
            "roe": 7.34,
            "roe_4q": 29.869999999999997,
            "gross_profit": 450964,
            "gross_margin": 13.66,
            "gross_margin_4q_avg": 12.97,
            "net_income": 355978,
            "net_income_4q": null,
            "revenue": 3300285,
            "revenue_4q": null,
            "common_shares": 2153092,
            "book_valuer_per_share": 23,
            "book_valuer_per_share_4q_avg": 21.08,
            "equity": 5069105,
            "current_ratio": 136.18,
            "debt_ratio": 46.5,
            "inventory_turnover_ratio": 1.92,
            "account_receivable_turnover_ratio": null,
            "reinvestment_rate": 6.88,
            "research_to_sale_ratio": null,
            "price_fair": 134.7,
            "eps_avg_yearly": 3.85,
            "eps_latest_yearly": 6.6,
            "eps_growth_yearly": 145.22
        },
        "20081": {
            "year_quarter": 20081,
            "year": 2008,
            "quarter": 1,
            "eps": 1.12,
            "eps_growth_year": -11.11,
            "eps_4q": 5.43,
            "eps_4q_growth_year": 45.1,
            "roe": 5.22,
            "roe_4q": 28.74,
            "gross_profit": 504499,
            "gross_margin": 15.12,
            "gross_margin_4q_avg": 13.43,
            "net_income": 268856,
            "net_income_4q": null,
            "revenue": 3335767,
            "revenue_4q": null,
            "common_shares": 2153092,
            "book_valuer_per_share": 23.49,
            "book_valuer_per_share_4q_avg": 21.87,
            "equity": 5240281,
            "current_ratio": 138.88,
            "debt_ratio": 44.61,
            "inventory_turnover_ratio": 1.63,
            "account_receivable_turnover_ratio": null,
            "reinvestment_rate": 15.4,
            "research_to_sale_ratio": null,
            "price_fair": 142.9,
            "eps_avg_yearly": 4.08,
            "eps_latest_yearly": 4.48,
            "eps_growth_yearly": 127.35
        },
        "20082": {
            "year_quarter": 20082,
            "year": 2008,
            "quarter": 2,
            "eps": 1.42,
            "eps_growth_year": 0,
            "eps_4q": 5.56,
            "eps_4q_growth_year": 21.65,
            "roe": 6.65,
            "roe_4q": 28.26,
            "gross_profit": 508770,
            "gross_margin": 15.87,
            "gross_margin_4q_avg": 14.74,
            "net_income": 332828,
            "net_income_4q": null,
            "revenue": 3205836,
            "revenue_4q": null,
            "common_shares": 2153092,
            "book_valuer_per_share": 21.17,
            "book_valuer_per_share_4q_avg": 22.29,
            "equity": 4767529,
            "current_ratio": 114.47,
            "debt_ratio": 53.45,
            "inventory_turnover_ratio": 1.37,
            "account_receivable_turnover_ratio": null,
            "reinvestment_rate": 18.66,
            "research_to_sale_ratio": null,
            "price_fair": 112.88,
            "eps_avg_yearly": 4.05,
            "eps_latest_yearly": 5.68,
            "eps_growth_yearly": 17.86
        },
        "20083": {
            "year_quarter": 20083,
            "year": 2008,
            "quarter": 3,
            "eps": 1.42,
            "eps_growth_year": -23.24,
            "eps_4q": 5.58,
            "eps_4q_growth_year": 0.94,
            "roe": 6.21,
            "roe_4q": 25.419999999999998,
            "gross_profit": 643415,
            "gross_margin": 14.59,
            "gross_margin_4q_avg": 14.81,
            "net_income": 308156,
            "net_income_4q": null,
            "revenue": 4409759,
            "revenue_4q": null,
            "common_shares": 2153092,
            "book_valuer_per_share": 22.98,
            "book_valuer_per_share_4q_avg": 22.66,
            "equity": 5149768,
            "current_ratio": 118.49,
            "debt_ratio": 54.21,
            "inventory_turnover_ratio": 1.44,
            "account_receivable_turnover_ratio": null,
            "reinvestment_rate": 20.38,
            "research_to_sale_ratio": null,
            "price_fair": 153.6,
            "eps_avg_yearly": 4.39,
            "eps_latest_yearly": 5.68,
            "eps_growth_yearly": 41.95
        },
        "20084": {
            "year_quarter": 20084,
            "year": 2008,
            "quarter": 4,
            "eps": 1.55,
            "eps_growth_year": -6.06,
            "eps_4q": 5.7,
            "eps_4q_growth_year": -7.57,
            "roe": 6.18,
            "roe_4q": 24.259999999999998,
            "gross_profit": 725543,
            "gross_margin": 15.7,
            "gross_margin_4q_avg": 15.32,
            "net_income": 323139,
            "net_income_4q": null,
            "revenue": 4621478,
            "revenue_4q": null,
            "common_shares": 2153092,
            "book_valuer_per_share": 23.83,
            "book_valuer_per_share_4q_avg": 22.87,
            "equity": 5312592,
            "current_ratio": 123.32,
            "debt_ratio": 53.75,
            "inventory_turnover_ratio": 1.35,
            "account_receivable_turnover_ratio": 4.79,
            "reinvestment_rate": 15.61,
            "research_to_sale_ratio": null,
            "price_fair": 157.83,
            "eps_avg_yearly": 4.51,
            "eps_latest_yearly": 6.2,
            "eps_growth_yearly": 41.59
        },
        "20091": {
            "year_quarter": 20091,
            "year": 2009,
            "quarter": 1,
            "eps": 1.34,
            "eps_growth_year": 19.64,
            "eps_4q": 5.56,
            "eps_4q_growth_year": 2.38,
            "roe": 5.43,
            "roe_4q": 24.47,
            "gross_profit": 441769,
            "gross_margin": 11.6,
            "gross_margin_4q_avg": 14.44,
            "net_income": 297844,
            "net_income_4q": null,
            "revenue": 3807899,
            "revenue_4q": null,
            "common_shares": 2153092,
            "book_valuer_per_share": 25.42,
            "book_valuer_per_share_4q_avg": 23.35,
            "equity": 5658186,
            "current_ratio": 131.42,
            "debt_ratio": 48.85,
            "inventory_turnover_ratio": 1.32,
            "account_receivable_turnover_ratio": 1.97,
            "reinvestment_rate": 20.49,
            "research_to_sale_ratio": null,
            "price_fair": 159.69,
            "eps_avg_yearly": 4.56,
            "eps_latest_yearly": 5.36,
            "eps_growth_yearly": 35.61
        },
        "20092": {
            "year_quarter": 20092,
            "year": 2009,
            "quarter": 2,
            "eps": 1.53,
            "eps_growth_year": 7.75,
            "eps_4q": 5.93,
            "eps_4q_growth_year": 6.72,
            "roe": 5.76,
            "roe_4q": 23.58,
            "gross_profit": 415279,
            "gross_margin": 15.05,
            "gross_margin_4q_avg": 14.24,
            "net_income": 324113,
            "net_income_4q": null,
            "revenue": 2758693,
            "revenue_4q": null,
            "common_shares": 2153092,
            "book_valuer_per_share": 25.08,
            "book_valuer_per_share_4q_avg": 24.33,
            "equity": 5586609,
            "current_ratio": 123.82,
            "debt_ratio": 48.55,
            "inventory_turnover_ratio": 0.96,
            "account_receivable_turnover_ratio": 1.86,
            "reinvestment_rate": 19.13,
            "research_to_sale_ratio": null,
            "price_fair": 169.14,
            "eps_avg_yearly": 4.83,
            "eps_latest_yearly": 6.12,
            "eps_growth_yearly": 54.11
        },
        "20093": {
            "year_quarter": 20093,
            "year": 2009,
            "quarter": 3,
            "eps": 1.48,
            "eps_growth_year": 4.23,
            "eps_4q": 5.29,
            "eps_4q_growth_year": -5.2,
            "roe": 6.41,
            "roe_4q": 23.78,
            "gross_profit": 611872,
            "gross_margin": 13.65,
            "gross_margin_4q_avg": 14,
            "net_income": 368281,
            "net_income_4q": null,
            "revenue": 4483387,
            "revenue_4q": null,
            "common_shares": 2476056,
            "book_valuer_per_share": 23.08,
            "book_valuer_per_share_4q_avg": 24.35,
            "equity": 5907734,
            "current_ratio": 126.2,
            "debt_ratio": 49.68,
            "inventory_turnover_ratio": 1.53,
            "account_receivable_turnover_ratio": 3.22,
            "reinvestment_rate": 17.79,
            "research_to_sale_ratio": null,
            "price_fair": 178.59,
            "eps_avg_yearly": 5.1,
            "eps_latest_yearly": 5.92,
            "eps_growth_yearly": 56.07
        },
        "20094": {
            "year_quarter": 20094,
            "year": 2009,
            "quarter": 4,
            "eps": 0.58,
            "eps_growth_year": -62.58,
            "eps_4q": 4.55,
            "eps_4q_growth_year": -20.22,
            "roe": 2.34,
            "roe_4q": 19.939999999999998,
            "gross_profit": 477647,
            "gross_margin": 11.33,
            "gross_margin_4q_avg": 12.91,
            "net_income": 140180,
            "net_income_4q": null,
            "revenue": 4215433,
            "revenue_4q": null,
            "common_shares": 2476056,
            "book_valuer_per_share": 23.84,
            "book_valuer_per_share_4q_avg": 24.36,
            "equity": 6087881,
            "current_ratio": 130.39,
            "debt_ratio": 48.1,
            "inventory_turnover_ratio": 1.5,
            "account_receivable_turnover_ratio": 5.79,
            "reinvestment_rate": 109.75,
            "research_to_sale_ratio": null,
            "price_fair": 79.45,
            "eps_avg_yearly": 5.01,
            "eps_latest_yearly": 2.32,
            "eps_growth_yearly": 5.87
        },
        "20101": {
            "year_quarter": 20101,
            "year": 2010,
            "quarter": 1,
            "eps": 1.32,
            "eps_growth_year": -1.49,
            "eps_4q": 4.71,
            "eps_4q_growth_year": -15.22,
            "roe": 5.31,
            "roe_4q": 19.82,
            "gross_profit": 533276,
            "gross_margin": 13.31,
            "gross_margin_4q_avg": 13.34,
            "net_income": 328267,
            "net_income_4q": null,
            "revenue": 4007858,
            "revenue_4q": null,
            "common_shares": 2476056,
            "book_valuer_per_share": 24.69,
            "book_valuer_per_share_4q_avg": 24.17,
            "equity": 6287081,
            "current_ratio": 137.67,
            "debt_ratio": 45.53,
            "inventory_turnover_ratio": 1.55,
            "account_receivable_turnover_ratio": 2.5,
            "reinvestment_rate": 112.08,
            "research_to_sale_ratio": null,
            "price_fair": 178.68,
            "eps_avg_yearly": 5.11,
            "eps_latest_yearly": 5.28,
            "eps_growth_yearly": 38.54
        },
        "20102": {
            "year_quarter": 20102,
            "year": 2010,
            "quarter": 2,
            "eps": 1.4,
            "eps_growth_year": -8.24,
            "eps_4q": 4.79,
            "eps_4q_growth_year": -19.34,
            "roe": 5.95,
            "roe_4q": 20.009999999999998,
            "gross_profit": 443741,
            "gross_margin": 12.95,
            "gross_margin_4q_avg": 12.81,
            "net_income": 359115,
            "net_income_4q": null,
            "revenue": 3427247,
            "revenue_4q": null,
            "common_shares": 2476056,
            "book_valuer_per_share": 22.68,
            "book_valuer_per_share_4q_avg": 23.57,
            "equity": 5784149,
            "current_ratio": 116.55,
            "debt_ratio": 51.26,
            "inventory_turnover_ratio": 1.32,
            "account_receivable_turnover_ratio": 2.45,
            "reinvestment_rate": 109.22,
            "research_to_sale_ratio": null,
            "price_fair": 185.85,
            "eps_avg_yearly": 5.31,
            "eps_latest_yearly": 5.6,
            "eps_growth_yearly": 49.47
        },
        "20103": {
            "year_quarter": 20103,
            "year": 2010,
            "quarter": 3,
            "eps": 1.32,
            "eps_growth_year": -10.99,
            "eps_4q": 4.63,
            "eps_4q_growth_year": -12.57,
            "roe": 5.34,
            "roe_4q": 18.939999999999998,
            "gross_profit": 578671,
            "gross_margin": 12.15,
            "gross_margin_4q_avg": 12.44,
            "net_income": 318800,
            "net_income_4q": null,
            "revenue": 4763712,
            "revenue_4q": null,
            "common_shares": 2476056,
            "book_valuer_per_share": 24.13,
            "book_valuer_per_share_4q_avg": 23.84,
            "equity": 6152578,
            "current_ratio": 118.84,
            "debt_ratio": 49.43,
            "inventory_turnover_ratio": 1.63,
            "account_receivable_turnover_ratio": 4.27,
            "reinvestment_rate": 112.26,
            "research_to_sale_ratio": null,
            "price_fair": 189.61,
            "eps_avg_yearly": 5.42,
            "eps_latest_yearly": 5.28,
            "eps_growth_yearly": 34.68
        },
        "20104": {
            "year_quarter": 20104,
            "year": 2010,
            "quarter": 4,
            "eps": 1,
            "eps_growth_year": 72.29,
            "eps_4q": 5.04,
            "eps_4q_growth_year": 10.82,
            "roe": 3.96,
            "roe_4q": 20.56,
            "gross_profit": 463455,
            "gross_margin": 10.11,
            "gross_margin_4q_avg": 12.13,
            "net_income": 240354,
            "net_income_4q": null,
            "revenue": 4584822,
            "revenue_4q": null,
            "common_shares": 2476056,
            "book_valuer_per_share": 23.5,
            "book_valuer_per_share_4q_avg": 23.75,
            "equity": 5973411,
            "current_ratio": 121.19,
            "debt_ratio": 50.01,
            "inventory_turnover_ratio": 1.65,
            "account_receivable_turnover_ratio": 3.65,
            "reinvestment_rate": 102.35,
            "research_to_sale_ratio": null,
            "price_fair": 189.53,
            "eps_avg_yearly": 5.42,
            "eps_latest_yearly": 4,
            "eps_growth_yearly": 25.25
        },
        "20111": {
            "year_quarter": 20111,
            "year": 2011,
            "quarter": 1,
            "eps": 1.52,
            "eps_growth_year": 15.15,
            "eps_4q": 5.24,
            "eps_4q_growth_year": 11.32,
            "roe": 6.2,
            "roe_4q": 21.45,
            "gross_profit": 568190,
            "gross_margin": 12.48,
            "gross_margin_4q_avg": 11.92,
            "net_income": 387609,
            "net_income_4q": null,
            "revenue": 4554354,
            "revenue_4q": null,
            "common_shares": 2476056,
            "book_valuer_per_share": 25.65,
            "book_valuer_per_share_4q_avg": 23.99,
            "equity": 6528674,
            "current_ratio": 127.14,
            "debt_ratio": 46.52,
            "inventory_turnover_ratio": 1.83,
            "account_receivable_turnover_ratio": 2.5,
            "reinvestment_rate": 111.88,
            "research_to_sale_ratio": null,
            "price_fair": 191.8,
            "eps_avg_yearly": 5.48,
            "eps_latest_yearly": 6.08,
            "eps_growth_yearly": 32.06
        },
        "20112": {
            "year_quarter": 20112,
            "year": 2011,
            "quarter": 2,
            "eps": 1.49,
            "eps_growth_year": 6.07,
            "eps_4q": 5.33,
            "eps_4q_growth_year": 11.32,
            "roe": 6.09,
            "roe_4q": 21.59,
            "gross_profit": 638079,
            "gross_margin": 14.99,
            "gross_margin_4q_avg": 12.43,
            "net_income": 382317,
            "net_income_4q": null,
            "revenue": 4255822,
            "revenue_4q": null,
            "common_shares": 2476056,
            "book_valuer_per_share": 23.61,
            "book_valuer_per_share_4q_avg": 24.22,
            "equity": 6036221,
            "current_ratio": 111.68,
            "debt_ratio": 53.12,
            "inventory_turnover_ratio": 1.61,
            "account_receivable_turnover_ratio": 2.25,
            "reinvestment_rate": 112.85,
            "research_to_sale_ratio": null,
            "price_fair": 192.41,
            "eps_avg_yearly": 5.5,
            "eps_latest_yearly": 5.96,
            "eps_growth_yearly": 28.39
        },
        "20113": {
            "year_quarter": 20113,
            "year": 2011,
            "quarter": 3,
            "eps": 2.09,
            "eps_growth_year": 58.54,
            "eps_4q": 6.1,
            "eps_4q_growth_year": 31.87,
            "roe": 7.95,
            "roe_4q": 24.2,
            "gross_profit": 805889,
            "gross_margin": 13.67,
            "gross_margin_4q_avg": 12.81,
            "net_income": 510109,
            "net_income_4q": null,
            "revenue": 5896562,
            "revenue_4q": null,
            "common_shares": 2476056,
            "book_valuer_per_share": 26.69,
            "book_valuer_per_share_4q_avg": 24.86,
            "equity": 6789171,
            "current_ratio": 116.15,
            "debt_ratio": 53.25,
            "inventory_turnover_ratio": 1.79,
            "account_receivable_turnover_ratio": 3.54,
            "reinvestment_rate": 118.38,
            "research_to_sale_ratio": null,
            "price_fair": 194.51,
            "eps_avg_yearly": 5.56,
            "eps_latest_yearly": 8.36,
            "eps_growth_yearly": 30.89
        },
        "20114": {
            "year_quarter": 20114,
            "year": 2011,
            "quarter": 4,
            "eps": 2.23,
            "eps_growth_year": 123.16,
            "eps_4q": 7.33,
            "eps_4q_growth_year": 45.37,
            "roe": 7.52,
            "roe_4q": 27.759999999999998,
            "gross_profit": 854474,
            "gross_margin": 15.68,
            "gross_margin_4q_avg": 14.21,
            "net_income": 530263,
            "net_income_4q": null,
            "revenue": 5448784,
            "revenue_4q": null,
            "common_shares": 2476056,
            "book_valuer_per_share": 28.91,
            "book_valuer_per_share_4q_avg": 26.22,
            "equity": 7308523,
            "current_ratio": 128.39,
            "debt_ratio": 47.78,
            "inventory_turnover_ratio": 1.44,
            "account_receivable_turnover_ratio": 3.09,
            "reinvestment_rate": 107.62,
            "research_to_sale_ratio": null,
            "price_fair": 199.59,
            "eps_avg_yearly": 5.7,
            "eps_latest_yearly": 8.92,
            "eps_growth_yearly": 35.26
        },
        "20121": {
            "year_quarter": 20121,
            "year": 2012,
            "quarter": 1,
            "eps": 2.02,
            "eps_growth_year": 32.89,
            "eps_4q": 7.83,
            "eps_4q_growth_year": 49.34,
            "roe": 6.82,
            "roe_4q": 28.38,
            "gross_profit": 755830,
            "gross_margin": 15.94,
            "gross_margin_4q_avg": 15.07,
            "net_income": 514326,
            "net_income_4q": null,
            "revenue": 4742004,
            "revenue_4q": null,
            "common_shares": 2476056,
            "book_valuer_per_share": 30.73,
            "book_valuer_per_share_4q_avg": 27.49,
            "equity": 7774543,
            "current_ratio": 139.56,
            "debt_ratio": 43.32,
            "inventory_turnover_ratio": 1.35,
            "account_receivable_turnover_ratio": 3.14,
            "reinvestment_rate": 105.38,
            "research_to_sale_ratio": null,
            "price_fair": 207.46,
            "eps_avg_yearly": 5.93,
            "eps_latest_yearly": 8.08,
            "eps_growth_yearly": 40.94
        },
        "20122": {
            "year_quarter": 20122,
            "year": 2012,
            "quarter": 2,
            "eps": 1.26,
            "eps_growth_year": -15.12,
            "eps_4q": 6.78,
            "eps_4q_growth_year": 27.21,
            "roe": 4.68,
            "roe_4q": 26.97,
            "gross_profit": 868444,
            "gross_margin": 16.18,
            "gross_margin_4q_avg": 15.37,
            "net_income": 353551,
            "net_income_4q": null,
            "revenue": 5368671,
            "revenue_4q": null,
            "common_shares": 2476056,
            "book_valuer_per_share": 29.01,
            "book_valuer_per_share_4q_avg": 28.84,
            "equity": 7335450,
            "current_ratio": 121.58,
            "debt_ratio": 51.66,
            "inventory_turnover_ratio": 1.51,
            "account_receivable_turnover_ratio": 4.01,
            "reinvestment_rate": 103.03,
            "research_to_sale_ratio": null,
            "price_fair": 205.11,
            "eps_avg_yearly": 5.89,
            "eps_latest_yearly": 5.04,
            "eps_growth_yearly": 24.84
        },
        "20123": {
            "year_quarter": 20123,
            "year": 2012,
            "quarter": 3,
            "eps": 2.43,
            "eps_growth_year": 16.16,
            "eps_4q": 7.39,
            "eps_4q_growth_year": 21.12,
            "roe": 8.8,
            "roe_4q": 27.82,
            "gross_profit": 1319551,
            "gross_margin": 17.36,
            "gross_margin_4q_avg": 16.29,
            "net_income": 673409,
            "net_income_4q": null,
            "revenue": 7601527,
            "revenue_4q": null,
            "common_shares": 2847464,
            "book_valuer_per_share": 27.52,
            "book_valuer_per_share_4q_avg": 29.04,
            "equity": 7973100,
            "current_ratio": 129.95,
            "debt_ratio": 50.74,
            "inventory_turnover_ratio": 1.87,
            "account_receivable_turnover_ratio": 5.14,
            "reinvestment_rate": 95.68,
            "research_to_sale_ratio": null,
            "price_fair": 214.9,
            "eps_avg_yearly": 6.14,
            "eps_latest_yearly": 9.72,
            "eps_growth_yearly": 48.05
        },
        "20124": {
            "year_quarter": 20124,
            "year": 2012,
            "quarter": 4,
            "eps": 2.72,
            "eps_growth_year": 21.96,
            "eps_4q": 8.17,
            "eps_4q_growth_year": 11.43,
            "roe": 9.2,
            "roe_4q": 29.5,
            "gross_profit": 1018511,
            "gross_margin": 15.28,
            "gross_margin_4q_avg": 16.19,
            "net_income": 769756,
            "net_income_4q": null,
            "revenue": 6665660,
            "revenue_4q": null,
            "common_shares": 2847464,
            "book_valuer_per_share": 29.93,
            "book_valuer_per_share_4q_avg": 29.3,
            "equity": 8758595,
            "current_ratio": 143.38,
            "debt_ratio": 47.59,
            "inventory_turnover_ratio": 1.73,
            "account_receivable_turnover_ratio": 3.9,
            "reinvestment_rate": 90.51,
            "research_to_sale_ratio": null,
            "price_fair": 225.14,
            "eps_avg_yearly": 6.43,
            "eps_latest_yearly": 10.88,
            "eps_growth_yearly": 48.75
        },
        "20131": {
            "year_quarter": 20131,
            "year": 2013,
            "quarter": 1,
            "eps": 2.38,
            "eps_growth_year": 17.82,
            "eps_4q": 8.79,
            "eps_4q_growth_year": 12.31,
            "roe": 7.48,
            "roe_4q": 30.16,
            "gross_profit": 956101,
            "gross_margin": 18.11,
            "gross_margin_4q_avg": 16.73,
            "net_income": 683844,
            "net_income_4q": null,
            "revenue": 5279187,
            "revenue_4q": null,
            "common_shares": 2847464,
            "book_valuer_per_share": 32.58,
            "book_valuer_per_share_4q_avg": 29.76,
            "equity": 9518040,
            "current_ratio": 166.94,
            "debt_ratio": 40.85,
            "inventory_turnover_ratio": 1.54,
            "account_receivable_turnover_ratio": 3.32,
            "reinvestment_rate": 86.54,
            "research_to_sale_ratio": null,
            "price_fair": 234.24,
            "eps_avg_yearly": 6.69,
            "eps_latest_yearly": 9.52,
            "eps_growth_yearly": 49.01
        },
        "20132": {
            "year_quarter": 20132,
            "year": 2013,
            "quarter": 2,
            "eps": 2.62,
            "eps_growth_year": 107.27,
            "eps_4q": 10.14,
            "eps_4q_growth_year": 49.68,
            "roe": 8.11,
            "roe_4q": 33.59,
            "gross_profit": 1196064,
            "gross_margin": 20.79,
            "gross_margin_4q_avg": 17.89,
            "net_income": 746101,
            "net_income_4q": null,
            "revenue": 5753930,
            "revenue_4q": null,
            "common_shares": 2847464,
            "book_valuer_per_share": 29.93,
            "book_valuer_per_share_4q_avg": 29.99,
            "equity": 8877571,
            "current_ratio": 123.45,
            "debt_ratio": 52.77,
            "inventory_turnover_ratio": 1.5,
            "account_receivable_turnover_ratio": 4.29,
            "reinvestment_rate": 91.68,
            "research_to_sale_ratio": null,
            "price_fair": 243.78,
            "eps_avg_yearly": 6.97,
            "eps_latest_yearly": 10.48,
            "eps_growth_yearly": 47.98
        },
        "20133": {
            "year_quarter": 20133,
            "year": 2013,
            "quarter": 3,
            "eps": 2.93,
            "eps_growth_year": 20.77,
            "eps_4q": 10.64,
            "eps_4q_growth_year": 44.08,
            "roe": 8.93,
            "roe_4q": 33.72,
            "gross_profit": 1435637,
            "gross_margin": 18.65,
            "gross_margin_4q_avg": 18.21,
            "net_income": 832545,
            "net_income_4q": null,
            "revenue": 7697244,
            "revenue_4q": null,
            "common_shares": 2847464,
            "book_valuer_per_share": 32.67,
            "book_valuer_per_share_4q_avg": 31.28,
            "equity": 9763340,
            "current_ratio": 138.68,
            "debt_ratio": 45.5,
            "inventory_turnover_ratio": 1.79,
            "account_receivable_turnover_ratio": 5.93,
            "reinvestment_rate": 89.51,
            "research_to_sale_ratio": null,
            "price_fair": 256.46,
            "eps_avg_yearly": 7.33,
            "eps_latest_yearly": 11.72,
            "eps_growth_yearly": 51.76
        },
        "20134": {
            "year_quarter": 20134,
            "year": 2013,
            "quarter": 4,
            "eps": 2.29,
            "eps_growth_year": -15.95,
            "eps_4q": 10.21,
            "eps_4q_growth_year": 25,
            "roe": 6.46,
            "roe_4q": 30.98,
            "gross_profit": 908687,
            "gross_margin": 13.81,
            "gross_margin_4q_avg": 17.84,
            "net_income": 657351,
            "net_income_4q": null,
            "revenue": 6578663,
            "revenue_4q": null,
            "common_shares": 2847464,
            "book_valuer_per_share": 35.51,
            "book_valuer_per_share_4q_avg": 32.67,
            "equity": 10586889,
            "current_ratio": 148.19,
            "debt_ratio": 43.72,
            "inventory_turnover_ratio": 1.75,
            "account_receivable_turnover_ratio": 4.3,
            "reinvestment_rate": 38.34,
            "research_to_sale_ratio": null,
            "price_fair": 271.43,
            "eps_avg_yearly": 7.76,
            "eps_latest_yearly": 9.16,
            "eps_growth_yearly": 61.5
        },
        "20141": {
            "year_quarter": 20141,
            "year": 2014,
            "quarter": 1,
            "eps": 2.54,
            "eps_growth_year": 6.72,
            "eps_4q": 10.37,
            "eps_4q_growth_year": 17.94,
            "roe": 6.73,
            "roe_4q": 30.23,
            "gross_profit": 1109334,
            "gross_margin": 19.56,
            "gross_margin_4q_avg": 18.2,
            "net_income": 743223,
            "net_income_4q": null,
            "revenue": 5671418,
            "revenue_4q": null,
            "common_shares": 2847464,
            "book_valuer_per_share": 38.67,
            "book_valuer_per_share_4q_avg": 34.2,
            "equity": 11511949,
            "current_ratio": 163.7,
            "debt_ratio": 40.71,
            "inventory_turnover_ratio": 1.57,
            "account_receivable_turnover_ratio": 3.48,
            "reinvestment_rate": 46.13,
            "research_to_sale_ratio": null,
            "price_fair": 282.1,
            "eps_avg_yearly": 8.06,
            "eps_latest_yearly": 10.16,
            "eps_growth_yearly": 32.33
        },
        "20142": {
            "year_quarter": 20142,
            "year": 2014,
            "quarter": 2,
            "eps": 2.46,
            "eps_growth_year": -6.11,
            "eps_4q": 9.73,
            "eps_4q_growth_year": -4.06,
            "roe": 6.55,
            "roe_4q": 28.67,
            "gross_profit": 1310515,
            "gross_margin": 19.38,
            "gross_margin_4q_avg": 17.85,
            "net_income": 714454,
            "net_income_4q": null,
            "revenue": 6763387,
            "revenue_4q": null,
            "common_shares": 2847464,
            "book_valuer_per_share": 34.42,
            "book_valuer_per_share_4q_avg": 35.32,
            "equity": 10305839,
            "current_ratio": 125.71,
            "debt_ratio": 51.56,
            "inventory_turnover_ratio": 1.77,
            "account_receivable_turnover_ratio": 4.4,
            "reinvestment_rate": 45.24,
            "research_to_sale_ratio": null,
            "price_fair": 291.38,
            "eps_avg_yearly": 8.33,
            "eps_latest_yearly": 9.84,
            "eps_growth_yearly": 30.03
        },
        "20143": {
            "year_quarter": 20143,
            "year": 2014,
            "quarter": 3,
            "eps": 3.33,
            "eps_growth_year": 13.65,
            "eps_4q": 10.28,
            "eps_4q_growth_year": -3.44,
            "roe": 9.13,
            "roe_4q": 28.87,
            "gross_profit": 1251421,
            "gross_margin": 16.2,
            "gross_margin_4q_avg": 17.24,
            "net_income": 987432,
            "net_income_4q": null,
            "revenue": 7725124,
            "revenue_4q": null,
            "common_shares": 2989838,
            "book_valuer_per_share": 36.13,
            "book_valuer_per_share_4q_avg": 36.18,
            "equity": 11314540,
            "current_ratio": 144.02,
            "debt_ratio": 44.94,
            "inventory_turnover_ratio": 1.91,
            "account_receivable_turnover_ratio": 5.43,
            "reinvestment_rate": 43.17,
            "research_to_sale_ratio": null,
            "price_fair": 308.96,
            "eps_avg_yearly": 8.83,
            "eps_latest_yearly": 13.32,
            "eps_growth_yearly": 40.3
        },
        "20144": {
            "year_quarter": 20144,
            "year": 2014,
            "quarter": 4,
            "eps": 3.1,
            "eps_growth_year": 35.72,
            "eps_4q": 11.2,
            "eps_4q_growth_year": 9.73,
            "roe": 7.91,
            "roe_4q": 30.32,
            "gross_profit": 1121503,
            "gross_margin": 15.89,
            "gross_margin_4q_avg": 17.76,
            "net_income": 944643,
            "net_income_4q": null,
            "revenue": 7057214,
            "revenue_4q": null,
            "common_shares": 2989838,
            "book_valuer_per_share": 40.19,
            "book_valuer_per_share_4q_avg": 37.35,
            "equity": 12560069,
            "current_ratio": 158,
            "debt_ratio": 42.34,
            "inventory_turnover_ratio": 1.82,
            "account_receivable_turnover_ratio": 4.53,
            "reinvestment_rate": 45.69,
            "research_to_sale_ratio": null,
            "price_fair": 327.34,
            "eps_avg_yearly": 9.35,
            "eps_latest_yearly": 12.4,
            "eps_growth_yearly": 44.64
        },
        "20151": {
            "year_quarter": 20151,
            "year": 2015,
            "quarter": 1,
            "eps": 2.35,
            "eps_growth_year": -7.48,
            "eps_4q": 11.13,
            "eps_4q_growth_year": 7.32,
            "roe": 5.62,
            "roe_4q": 29.210000000000004,
            "gross_profit": 1186203,
            "gross_margin": 19.14,
            "gross_margin_4q_avg": 17.65,
            "net_income": 714121,
            "net_income_4q": null,
            "revenue": 6197835,
            "revenue_4q": null,
            "common_shares": 2989838,
            "book_valuer_per_share": 41.19,
            "book_valuer_per_share_4q_avg": 37.98,
            "equity": 12843287,
            "current_ratio": 169.91,
            "debt_ratio": 40.68,
            "inventory_turnover_ratio": 1.62,
            "account_receivable_turnover_ratio": 3.26,
            "reinvestment_rate": 39.86,
            "research_to_sale_ratio": null,
            "price_fair": 334.6,
            "eps_avg_yearly": 9.56,
            "eps_latest_yearly": 9.4,
            "eps_growth_yearly": 25.59
        },
        "20152": {
            "year_quarter": 20152,
            "year": 2015,
            "quarter": 2,
            "eps": 1.96,
            "eps_growth_year": -20.33,
            "eps_4q": 10.75,
            "eps_4q_growth_year": 10.41,
            "roe": 4.92,
            "roe_4q": 27.58,
            "gross_profit": 1301532,
            "gross_margin": 18.5,
            "gross_margin_4q_avg": 17.43,
            "net_income": 594055,
            "net_income_4q": null,
            "revenue": 7036400,
            "revenue_4q": null,
            "common_shares": 2989838,
            "book_valuer_per_share": 36.06,
            "book_valuer_per_share_4q_avg": 38.39,
            "equity": 11317589,
            "current_ratio": 128.44,
            "debt_ratio": 52.32,
            "inventory_turnover_ratio": 1.65,
            "account_receivable_turnover_ratio": 3.4,
            "reinvestment_rate": 37.61,
            "research_to_sale_ratio": null,
            "price_fair": 309.02,
            "eps_avg_yearly": 9.68,
            "eps_latest_yearly": 7.84,
            "eps_growth_yearly": 21.93
        },
        "20153": {
            "year_quarter": 20153,
            "year": 2015,
            "quarter": 3,
            "eps": 3.72,
            "eps_growth_year": 11.71,
            "eps_4q": 11.14,
            "eps_4q_growth_year": 8.35,
            "roe": 9.16,
            "roe_4q": 27.61,
            "gross_profit": 1381340,
            "gross_margin": 16.25,
            "gross_margin_4q_avg": 17.45,
            "net_income": 1114211,
            "net_income_4q": null,
            "revenue": 8499783,
            "revenue_4q": null,
            "common_shares": 2989838,
            "book_valuer_per_share": 41.63,
            "book_valuer_per_share_4q_avg": 39.77,
            "equity": 13005542,
            "current_ratio": 150.71,
            "debt_ratio": 43.3,
            "inventory_turnover_ratio": 1.94,
            "account_receivable_turnover_ratio": 4.26,
            "reinvestment_rate": 38.26,
            "research_to_sale_ratio": null,
            "price_fair": 352.98,
            "eps_avg_yearly": 10.09,
            "eps_latest_yearly": 14.88,
            "eps_growth_yearly": 34.31
        },
        "20154": {
            "year_quarter": 20154,
            "year": 2015,
            "quarter": 4,
            "eps": 2.13,
            "eps_growth_year": -31.21,
            "eps_4q": 10.17,
            "eps_4q_growth_year": -9.24,
            "roe": 4.72,
            "roe_4q": 24.419999999999998,
            "gross_profit": 925232,
            "gross_margin": 14.55,
            "gross_margin_4q_avg": 17.11,
            "net_income": 622603,
            "net_income_4q": null,
            "revenue": 6360322,
            "revenue_4q": null,
            "common_shares": 2989838,
            "book_valuer_per_share": 42.96,
            "book_valuer_per_share_4q_avg": 40.46,
            "equity": 13373282,
            "current_ratio": 162.96,
            "debt_ratio": 40.19,
            "inventory_turnover_ratio": 1.68,
            "account_receivable_turnover_ratio": 3.39,
            "reinvestment_rate": 37.38,
            "research_to_sale_ratio": null,
            "price_fair": 321.45,
            "eps_avg_yearly": 10.06,
            "eps_latest_yearly": 8.52,
            "eps_growth_yearly": 21.95
        },
        "20161": {
            "year_quarter": 20161,
            "year": 2016,
            "quarter": 1,
            "eps": 1.53,
            "eps_growth_year": -34.89,
            "eps_4q": 9.34,
            "eps_4q_growth_year": -16.05,
            "roe": 3.45,
            "roe_4q": 22.25,
            "gross_profit": 1036949,
            "gross_margin": 19,
            "gross_margin_4q_avg": 17.08,
            "net_income": 467084,
            "net_income_4q": null,
            "revenue": 5457422,
            "revenue_4q": null,
            "common_shares": 2989838,
            "book_valuer_per_share": 44.11,
            "book_valuer_per_share_4q_avg": 41.19,
            "equity": 13724898,
            "current_ratio": 175.73,
            "debt_ratio": 37.48,
            "inventory_turnover_ratio": 1.56,
            "account_receivable_turnover_ratio": 2.78,
            "reinvestment_rate": 36.23,
            "research_to_sale_ratio": null,
            "price_fair": 270.95,
            "eps_avg_yearly": 9.94,
            "eps_latest_yearly": 6.12,
            "eps_growth_yearly": 17.27
        },
        "20162": {
            "year_quarter": 20162,
            "year": 2016,
            "quarter": 2,
            "eps": 1.45,
            "eps_growth_year": -26.02,
            "eps_4q": 8.84,
            "eps_4q_growth_year": -17.75,
            "roe": 3.42,
            "roe_4q": 20.75,
            "gross_profit": 956914,
            "gross_margin": 17.02,
            "gross_margin_4q_avg": 16.71,
            "net_income": 447155,
            "net_income_4q": null,
            "revenue": 5620830,
            "revenue_4q": null,
            "common_shares": 2989838,
            "book_valuer_per_share": 39.64,
            "book_valuer_per_share_4q_avg": 42.09,
            "equity": 12388209,
            "current_ratio": 134.16,
            "debt_ratio": 45.82,
            "inventory_turnover_ratio": 1.63,
            "account_receivable_turnover_ratio": 2.96,
            "reinvestment_rate": 37.48,
            "research_to_sale_ratio": null,
            "price_fair": 349.48,
            "eps_avg_yearly": 9.99,
            "eps_latest_yearly": 5.8,
            "eps_growth_yearly": 25.36
        },
        "20163": {
            "year_quarter": 20163,
            "year": 2016,
            "quarter": 3,
            "eps": 1.67,
            "eps_growth_year": -55.11,
            "eps_4q": 6.78,
            "eps_4q_growth_year": -39.08,
            "roe": 3.96,
            "roe_4q": 15.55,
            "gross_profit": 850370,
            "gross_margin": 13.45,
            "gross_margin_4q_avg": 16.01,
            "net_income": 492452,
            "net_income_4q": null,
            "revenue": 6320949,
            "revenue_4q": null,
            "common_shares": 2989838,
            "book_valuer_per_share": 40.1,
            "book_valuer_per_share_4q_avg": 41.7,
            "equity": 12510254,
            "current_ratio": 145.09,
            "debt_ratio": 41.71,
            "inventory_turnover_ratio": 1.73,
            "account_receivable_turnover_ratio": 3.79,
            "reinvestment_rate": 37.26,
            "research_to_sale_ratio": null,
            "price_fair": 156.16,
            "eps_avg_yearly": 9.8,
            "eps_latest_yearly": 6.68,
            "eps_growth_yearly": 5.94
        },
        "20164": {
            "year_quarter": 20164,
            "year": 2016,
            "quarter": 4,
            "eps": 1.77,
            "eps_growth_year": -17.15,
            "eps_4q": 6.42,
            "eps_4q_growth_year": -36.88,
            "roe": 3.98,
            "roe_4q": 14.809999999999999,
            "gross_profit": 642218,
            "gross_margin": 11.67,
            "gross_margin_4q_avg": 15.29,
            "net_income": 508753,
            "net_income_4q": null,
            "revenue": 5502271,
            "revenue_4q": null,
            "common_shares": 2989838,
            "book_valuer_per_share": 42.1,
            "book_valuer_per_share_4q_avg": 41.49,
            "equity": 13076982,
            "current_ratio": 147.91,
            "debt_ratio": 39.45,
            "inventory_turnover_ratio": 1.51,
            "account_receivable_turnover_ratio": 3.42,
            "reinvestment_rate": 39.04,
            "research_to_sale_ratio": null,
            "price_fair": 138.17,
            "eps_avg_yearly": 9.56,
            "eps_latest_yearly": 7.08,
            "eps_growth_yearly": 4.46
        },
        "20171": {
            "year_quarter": 20171,
            "year": 2017,
            "quarter": 1,
            "eps": 1.01,
            "eps_growth_year": -33.99,
            "eps_4q": 5.9,
            "eps_4q_growth_year": -36.85,
            "roe": 2.38,
            "roe_4q": 13.74,
            "gross_profit": 736609,
            "gross_margin": 15.37,
            "gross_margin_4q_avg": 14.38,
            "net_income": 306941,
            "net_income_4q": null,
            "revenue": 4793890,
            "revenue_4q": null,
            "common_shares": 2989838,
            "book_valuer_per_share": 41.09,
            "book_valuer_per_share_4q_avg": 40.73,
            "equity": 12755548,
            "current_ratio": 154.82,
            "debt_ratio": 37.66,
            "inventory_turnover_ratio": 1.28,
            "account_receivable_turnover_ratio": 2.78,
            "reinvestment_rate": 37.04,
            "research_to_sale_ratio": null,
            "price_fair": 27.65,
            "eps_avg_yearly": 9.22,
            "eps_latest_yearly": 4.04,
            "eps_growth_yearly": -3.15
        },
        "20172": {
            "year_quarter": 20172,
            "year": 2017,
            "quarter": 2,
            "eps": 0.49,
            "eps_growth_year": -66.21,
            "eps_4q": 4.93,
            "eps_4q_growth_year": -44.18,
            "roe": 1.23,
            "roe_4q": 11.55,
            "gross_profit": 653651,
            "gross_margin": 12.46,
            "gross_margin_4q_avg": 13.24,
            "net_income": 150911,
            "net_income_4q": null,
            "revenue": 5247662,
            "revenue_4q": null,
            "common_shares": 2989838,
            "book_valuer_per_share": 38.02,
            "book_valuer_per_share_4q_avg": 40.33,
            "equity": 11865001,
            "current_ratio": 124.86,
            "debt_ratio": 46.14,
            "inventory_turnover_ratio": 1.31,
            "account_receivable_turnover_ratio": 3.06,
            "reinvestment_rate": 32.6,
            "research_to_sale_ratio": null,
            "price_fair": 26.05,
            "eps_avg_yearly": 8.68,
            "eps_latest_yearly": 1.96,
            "eps_growth_yearly": -18.55
        },
        "20173": {
            "year_quarter": 20173,
            "year": 2017,
            "quarter": 3,
            "eps": 1.35,
            "eps_growth_year": -19.16,
            "eps_4q": 4.62,
            "eps_4q_growth_year": -31.92,
            "roe": 3.29,
            "roe_4q": 10.879999999999999,
            "gross_profit": 749684,
            "gross_margin": 11.37,
            "gross_margin_4q_avg": 12.72,
            "net_income": 398671,
            "net_income_4q": null,
            "revenue": 6595064,
            "revenue_4q": null,
            "common_shares": 2989838,
            "book_valuer_per_share": 39.58,
            "book_valuer_per_share_4q_avg": 40.2,
            "equity": 12334738,
            "current_ratio": 135.07,
            "debt_ratio": 41.91,
            "inventory_turnover_ratio": 1.59,
            "account_receivable_turnover_ratio": 4.11,
            "reinvestment_rate": 32.94,
            "research_to_sale_ratio": null,
            "price_fair": 268.3,
            "eps_avg_yearly": 8.29,
            "eps_latest_yearly": 5.4,
            "eps_growth_yearly": 22.37
        },
        "20174": {
            "year_quarter": 20174,
            "year": 2017,
            "quarter": 4,
            "eps": -0.18,
            "eps_growth_year": -110.4,
            "eps_4q": 2.67,
            "eps_4q_growth_year": -58.45,
            "roe": -0.48,
            "roe_4q": 6.42,
            "gross_profit": 622686,
            "gross_margin": 10.81,
            "gross_margin_4q_avg": 12.5,
            "net_income": -58049,
            "net_income_4q": null,
            "revenue": 5759558,
            "revenue_4q": null,
            "common_shares": 2989838,
            "book_valuer_per_share": 38.75,
            "book_valuer_per_share_4q_avg": 39.36,
            "equity": 12081374,
            "current_ratio": 138,
            "debt_ratio": 42.32,
            "inventory_turnover_ratio": 1.48,
            "account_receivable_turnover_ratio": 3.53,
            "reinvestment_rate": 25.7,
            "research_to_sale_ratio": null,
            "price_fair": 288.03,
            "eps_avg_yearly": 8.23,
            "eps_latest_yearly": 5.4,
            "eps_growth_yearly": 29.69
        },
        "20181": {
            "year_quarter": 20181,
            "year": 2018,
            "quarter": 1,
            "eps": 0.02,
            "eps_growth_year": -98.02,
            "eps_4q": 1.68,
            "eps_4q_growth_year": -71.55,
            "roe": 0.17,
            "roe_4q": 4.21,
            "gross_profit": 647834,
            "gross_margin": 11.24,
            "gross_margin_4q_avg": 11.47,
            "net_income": 20923,
            "net_income_4q": null,
            "revenue": 5762388,
            "revenue_4q": null,
            "common_shares": 2989838,
            "book_valuer_per_share": 38.4,
            "book_valuer_per_share_4q_avg": 38.69,
            "equity": 11997162,
            "current_ratio": 141.09,
            "debt_ratio": 44.16,
            "inventory_turnover_ratio": 1.4,
            "account_receivable_turnover_ratio": 2.98,
            "reinvestment_rate": 16.5,
            "research_to_sale_ratio": null,
            "price_fair": 283.2,
            "eps_avg_yearly": 8.09,
            "eps_latest_yearly": 5.4,
            "eps_growth_yearly": 28.69
        },
        "20182": {
            "year_quarter": 20182,
            "year": 2018,
            "quarter": 2,
            "eps": 1.82,
            "eps_growth_year": 271.43,
            "eps_4q": 3.01,
            "eps_4q_growth_year": -38.97,
            "roe": 4.6,
            "roe_4q": 7.579999999999999,
            "gross_profit": 895913,
            "gross_margin": 12.68,
            "gross_margin_4q_avg": 11.53,
            "net_income": 556215,
            "net_income_4q": null,
            "revenue": 7064558,
            "revenue_4q": null,
            "common_shares": 2989838,
            "book_valuer_per_share": 38.94,
            "book_valuer_per_share_4q_avg": 38.92,
            "equity": 12167141,
            "current_ratio": 132.51,
            "debt_ratio": 47.37,
            "inventory_turnover_ratio": 1.63,
            "account_receivable_turnover_ratio": 2.91,
            "reinvestment_rate": 17.99,
            "research_to_sale_ratio": null,
            "price_fair": 276.8,
            "eps_avg_yearly": 7.91,
            "eps_latest_yearly": 7.28,
            "eps_growth_yearly": 2601.02
        },
        "20183": {
            "year_quarter": 20183,
            "year": 2018,
            "quarter": 3,
            "eps": 2.23,
            "eps_growth_year": 65.19,
            "eps_4q": 3.88,
            "eps_4q_growth_year": -15.9,
            "roe": 5.4,
            "roe_4q": 9.69,
            "gross_profit": 965099,
            "gross_margin": 13.63,
            "gross_margin_4q_avg": 12.09,
            "net_income": 673327,
            "net_income_4q": null,
            "revenue": 7081103,
            "revenue_4q": null,
            "common_shares": 2989838,
            "book_valuer_per_share": 40.9,
            "book_valuer_per_share_4q_avg": 39.25,
            "equity": 12751841,
            "current_ratio": 139.03,
            "debt_ratio": 45.57,
            "inventory_turnover_ratio": 1.57,
            "account_receivable_turnover_ratio": 3.19,
            "reinvestment_rate": 16.52,
            "research_to_sale_ratio": null,
            "price_fair": 265.8,
            "eps_avg_yearly": 7.59,
            "eps_latest_yearly": 8.92,
            "eps_growth_yearly": 2597.35
        },
        "20184": {
            "year_quarter": 20184,
            "year": 2018,
            "quarter": 4,
            "eps": 1.65,
            "eps_growth_year": null,
            "eps_4q": 5.72,
            "eps_4q_growth_year": 114.31,
            "roe": 3.81,
            "roe_4q": 13.98,
            "gross_profit": 880143,
            "gross_margin": 14.8,
            "gross_margin_4q_avg": 13.09,
            "net_income": 495372,
            "net_income_4q": null,
            "revenue": 5944893,
            "revenue_4q": null,
            "common_shares": 2989838,
            "book_valuer_per_share": 42.65,
            "book_valuer_per_share_4q_avg": 40.22,
            "equity": 13277017,
            "current_ratio": 150.37,
            "debt_ratio": 41.71,
            "inventory_turnover_ratio": 1.28,
            "account_receivable_turnover_ratio": 2.85,
            "reinvestment_rate": 15.88,
            "research_to_sale_ratio": null,
            "price_fair": 251.3,
            "eps_avg_yearly": 7.18,
            "eps_latest_yearly": 6.6,
            "eps_growth_yearly": 2591.9
        },
        "20191": {
            "year_quarter": 20191,
            "year": 2019,
            "quarter": 1,
            "eps": 1.6,
            "eps_growth_year": 7900,
            "eps_4q": 7.3,
            "eps_4q_growth_year": 334.66,
            "roe": 3.66,
            "roe_4q": 17.47,
            "gross_profit": 773870,
            "gross_margin": 13.88,
            "gross_margin_4q_avg": 13.75,
            "net_income": 496509,
            "net_income_4q": null,
            "revenue": 5574733,
            "revenue_4q": null,
            "common_shares": 2989838,
            "book_valuer_per_share": 44.46,
            "book_valuer_per_share_4q_avg": 41.74,
            "equity": 13836032,
            "current_ratio": 153.36,
            "debt_ratio": 41.47,
            "inventory_turnover_ratio": 1.23,
            "account_receivable_turnover_ratio": 1.88,
            "reinvestment_rate": 21.18,
            "research_to_sale_ratio": null,
            "price_fair": 243.8,
            "eps_avg_yearly": 6.97,
            "eps_latest_yearly": 6.4,
            "eps_growth_yearly": 2597.94
        },
        "20192": {
            "year_quarter": 20192,
            "year": 2019,
            "quarter": 2,
            "eps": 1.9,
            "eps_growth_year": 4.4,
            "eps_4q": 7.38,
            "eps_4q_growth_year": 145.01,
            "roe": 4.12,
            "roe_4q": 16.990000000000002,
            "gross_profit": 1047203,
            "gross_margin": 13.95,
            "gross_margin_4q_avg": 14.07,
            "net_income": 562458,
            "net_income_4q": null,
            "revenue": 7504934,
            "revenue_4q": null,
            "common_shares": 2989838,
            "book_valuer_per_share": 43.3,
            "book_valuer_per_share_4q_avg": 42.83,
            "equity": 13487448,
            "current_ratio": 132.84,
            "debt_ratio": 47.46,
            "inventory_turnover_ratio": 1.64,
            "account_receivable_turnover_ratio": 2.22,
            "reinvestment_rate": 25.72,
            "research_to_sale_ratio": null,
            "price_fair": 243.2,
            "eps_avg_yearly": 6.95,
            "eps_latest_yearly": 7.6,
            "eps_growth_yearly": 2608.04
        },
        "20193": {
            "year_quarter": 20193,
            "year": 2019,
            "quarter": 3,
            "eps": 2.88,
            "eps_growth_year": 29.15,
            "eps_4q": 8.03,
            "eps_4q_growth_year": 106.8,
            "roe": 6.14,
            "roe_4q": 17.73,
            "gross_profit": 1075384,
            "gross_margin": 13.74,
            "gross_margin_4q_avg": 14.09,
            "net_income": 848208,
            "net_income_4q": null,
            "revenue": 7824798,
            "revenue_4q": null,
            "common_shares": 2989838,
            "book_valuer_per_share": 45.36,
            "book_valuer_per_share_4q_avg": 43.94,
            "equity": 14158654,
            "current_ratio": 141.79,
            "debt_ratio": 45.72,
            "inventory_turnover_ratio": 1.6,
            "account_receivable_turnover_ratio": 2.56,
            "reinvestment_rate": 19.75,
            "research_to_sale_ratio": null,
            "price_fair": 234.8,
            "eps_avg_yearly": 6.71,
            "eps_latest_yearly": 11.52,
            "eps_growth_yearly": 2597.12
        },
        "20194": {
            "year_quarter": 20194,
            "year": 2019,
            "quarter": 4,
            "eps": 1.98,
            "eps_growth_year": 20.47,
            "eps_4q": 8.37,
            "eps_4q_growth_year": 46.44,
            "roe": 4.16,
            "roe_4q": 18.080000000000002,
            "gross_profit": 923193,
            "gross_margin": 12.58,
            "gross_margin_4q_avg": 13.54,
            "net_income": 593809,
            "net_income_4q": null,
            "revenue": 7338749,
            "revenue_4q": null,
            "common_shares": 2989838,
            "book_valuer_per_share": 46.09,
            "book_valuer_per_share_4q_avg": 44.8,
            "equity": 14403860,
            "current_ratio": 150.48,
            "debt_ratio": 43.91,
            "inventory_turnover_ratio": 1.4,
            "account_receivable_turnover_ratio": 2.74,
            "reinvestment_rate": 22.52,
            "research_to_sale_ratio": null,
            "price_fair": 233.3,
            "eps_avg_yearly": 6.67,
            "eps_latest_yearly": 7.92,
            "eps_growth_yearly": 2600.4
        },
        "20201": {
            "year_quarter": 20201,
            "year": 2020,
            "quarter": 1,
            "eps": 1.57,
            "eps_growth_year": -1.88,
            "eps_4q": 8.34,
            "eps_4q_growth_year": 14.32,
            "roe": 3.39,
            "roe_4q": 17.810000000000002,
            "gross_profit": 749508,
            "gross_margin": 14.26,
            "gross_margin_4q_avg": 13.63,
            "net_income": 495046,
            "net_income_4q": null,
            "revenue": 5255621,
            "revenue_4q": null,
            "common_shares": 2989838,
            "book_valuer_per_share": 47.36,
            "book_valuer_per_share_4q_avg": 45.53,
            "equity": 14796357,
            "current_ratio": 166.64,
            "debt_ratio": 42.56,
            "inventory_turnover_ratio": 0.95,
            "account_receivable_turnover_ratio": 2.12,
            "reinvestment_rate": 25.84,
            "research_to_sale_ratio": null,
            "price_fair": 233.7,
            "eps_avg_yearly": 6.68,
            "eps_latest_yearly": 6.28,
            "eps_growth_yearly": 2602.54
        },
        "20202": {
            "year_quarter": 20202,
            "year": 2020,
            "quarter": 2,
            "eps": 3.67,
            "eps_growth_year": 93.16,
            "eps_4q": 10.1,
            "eps_4q_growth_year": 36.98,
            "roe": 7.91,
            "roe_4q": 21.6,
            "gross_profit": 1185966,
            "gross_margin": 15.63,
            "gross_margin_4q_avg": 14.05,
            "net_income": 1157363,
            "net_income_4q": null,
            "revenue": 7590006,
            "revenue_4q": null,
            "common_shares": 2989838,
            "book_valuer_per_share": 46.03,
            "book_valuer_per_share_4q_avg": 46.21,
            "equity": 14460523,
            "current_ratio": 147.61,
            "debt_ratio": 46.15,
            "inventory_turnover_ratio": 1.49,
            "account_receivable_turnover_ratio": 2.75,
            "reinvestment_rate": 31.75,
            "research_to_sale_ratio": null,
            "price_fair": 255.9,
            "eps_avg_yearly": 7.31,
            "eps_latest_yearly": 14.68,
            "eps_growth_yearly": 2642.25
        },
        "20203": {
            "year_quarter": 20203,
            "year": 2020,
            "quarter": 3,
            "eps": 4.51,
            "eps_growth_year": 56.6,
            "eps_4q": 11.73,
            "eps_4q_growth_year": 46.07,
            "roe": 9.07,
            "roe_4q": 24.53,
            "gross_profit": 959437,
            "gross_margin": 13.18,
            "gross_margin_4q_avg": 13.91,
            "net_income": 1367505,
            "net_income_4q": null,
            "revenue": 7277235,
            "revenue_4q": null,
            "common_shares": 2989838,
            "book_valuer_per_share": 50.05,
            "book_valuer_per_share_4q_avg": 47.38,
            "equity": 15682117,
            "current_ratio": 154.79,
            "debt_ratio": 43.4,
            "inventory_turnover_ratio": 1.65,
            "account_receivable_turnover_ratio": 2.77,
            "reinvestment_rate": 44.18,
            "research_to_sale_ratio": null,
            "price_fair": 284.3,
            "eps_avg_yearly": 8.12,
            "eps_latest_yearly": 18.04,
            "eps_growth_yearly": 2644.45
        },
        "20204": {
            "year_quarter": 20204,
            "year": 2020,
            "quarter": 4,
            "eps": 3.61,
            "eps_growth_year": 81.77,
            "eps_4q": 13.36,
            "eps_4q_growth_year": 59.58,
            "roe": 6.73,
            "roe_4q": 27.1,
            "gross_profit": 892299,
            "gross_margin": 12.84,
            "gross_margin_4q_avg": 13.98,
            "net_income": 1092233,
            "net_income_4q": null,
            "revenue": 6949480,
            "revenue_4q": null,
            "common_shares": 2989838,
            "book_valuer_per_share": 53.63,
            "book_valuer_per_share_4q_avg": 49.27,
            "equity": 16780587,
            "current_ratio": 152.54,
            "debt_ratio": 43.47,
            "inventory_turnover_ratio": 1.36,
            "account_receivable_turnover_ratio": 3.44,
            "reinvestment_rate": 50.97,
            "research_to_sale_ratio": null,
            "price_fair": 302.7,
            "eps_avg_yearly": 8.65,
            "eps_latest_yearly": 14.44,
            "eps_growth_yearly": 2637.04
        },
        "20211": {
            "year_quarter": 20211,
            "year": 2021,
            "quarter": 1,
            "eps": 3.86,
            "eps_growth_year": 145.86,
            "eps_4q": 15.64,
            "eps_4q_growth_year": 87.51,
            "roe": 6.86,
            "roe_4q": 30.57,
            "gross_profit": 994341,
            "gross_margin": 12.4,
            "gross_margin_4q_avg": 13.51,
            "net_income": 1186236,
            "net_income_4q": null,
            "revenue": 8017528,
            "revenue_4q": null,
            "common_shares": 2989838,
            "book_valuer_per_share": 57.04,
            "book_valuer_per_share_4q_avg": 51.69,
            "equity": 17808230,
            "current_ratio": 148.11,
            "debt_ratio": 45.18,
            "inventory_turnover_ratio": 1.25,
            "account_receivable_turnover_ratio": 3.38,
            "reinvestment_rate": 58.25,
            "research_to_sale_ratio": null,
            "price_fair": 331.2,
            "eps_avg_yearly": 9.46,
            "eps_latest_yearly": 15.44,
            "eps_growth_yearly": 2651.29
        },
        "20212": {
            "year_quarter": 20212,
            "year": 2021,
            "quarter": 2,
            "eps": 2.97,
            "eps_growth_year": -19.07,
            "eps_4q": 14.95,
            "eps_4q_growth_year": 47.97,
            "roe": 5.49,
            "roe_4q": 28.150000000000002,
            "gross_profit": 1063008,
            "gross_margin": 14.58,
            "gross_margin_4q_avg": 13.25,
            "net_income": 936601,
            "net_income_4q": null,
            "revenue": 7293360,
            "revenue_4q": null,
            "common_shares": 2989838,
            "book_valuer_per_share": 52,
            "book_valuer_per_share_4q_avg": 53.18,
            "equity": 16341332,
            "current_ratio": 122.66,
            "debt_ratio": 51.62,
            "inventory_turnover_ratio": 0.92,
            "account_receivable_turnover_ratio": 2.71,
            "reinvestment_rate": 58.51,
            "research_to_sale_ratio": null,
            "price_fair": 356,
            "eps_avg_yearly": 10.17,
            "eps_latest_yearly": 11.88,
            "eps_growth_yearly": 2659.41
        },
        "20213": {
            "year_quarter": 20213,
            "year": 2021,
            "quarter": 3,
            "eps": 4.07,
            "eps_growth_year": -9.76,
            "eps_4q": 14.51,
            "eps_4q_growth_year": 23.67,
            "roe": 7.47,
            "roe_4q": 26.55,
            "gross_profit": 1057260,
            "gross_margin": 14.08,
            "gross_margin_4q_avg": 13.48,
            "net_income": 1261536,
            "net_income_4q": null,
            "revenue": 7508152,
            "revenue_4q": null,
            "common_shares": 2989838,
            "book_valuer_per_share": 55.57,
            "book_valuer_per_share_4q_avg": 54.56,
            "equity": 17435052,
            "current_ratio": 128.85,
            "debt_ratio": 48.47,
            "inventory_turnover_ratio": 0.91,
            "account_receivable_turnover_ratio": 3.31,
            "reinvestment_rate": 61.08,
            "research_to_sale_ratio": null,
            "price_fair": 383.2,
            "eps_avg_yearly": 10.95,
            "eps_latest_yearly": 16.28,
            "eps_growth_yearly": 2619.84
        },
        "20214": {
            "year_quarter": 20214,
            "year": 2021,
            "quarter": 4,
            "eps": 4.65,
            "eps_growth_year": 28.84,
            "eps_4q": 15.55,
            "eps_4q_growth_year": 16.43,
            "roe": 7.8,
            "roe_4q": 27.619999999999997,
            "gross_profit": 972345,
            "gross_margin": 14.79,
            "gross_margin_4q_avg": 13.96,
            "net_income": 1403797,
            "net_income_4q": null,
            "revenue": 6572143,
            "revenue_4q": null,
            "common_shares": 2989838,
            "book_valuer_per_share": 59.39,
            "book_valuer_per_share_4q_avg": 56,
            "equity": 18571724,
            "current_ratio": 132.38,
            "debt_ratio": 47.7,
            "inventory_turnover_ratio": 0.77,
            "account_receivable_turnover_ratio": 3.19,
            "reinvestment_rate": 65.91,
            "research_to_sale_ratio": null,
            "price_fair": 401.05,
            "eps_avg_yearly": 11.46,
            "eps_latest_yearly": 18.6,
            "eps_growth_yearly": 2448.99
        },
        "20221": {
            "year_quarter": 20221,
            "year": 2022,
            "quarter": 1,
            "eps": 4.04,
            "eps_growth_year": 4.66,
            "eps_4q": 15.73,
            "eps_4q_growth_year": 0.58,
            "roe": 6.28,
            "roe_4q": 27.04,
            "gross_profit": 1207865,
            "gross_margin": 14.81,
            "gross_margin_4q_avg": 14.57,
            "net_income": 1228044,
            "net_income_4q": null,
            "revenue": 8155942,
            "revenue_4q": null,
            "common_shares": 2989838,
            "book_valuer_per_share": 65.91,
            "book_valuer_per_share_4q_avg": 58.22,
            "equity": 20561844,
            "current_ratio": 132.64,
            "debt_ratio": 48.7,
            "inventory_turnover_ratio": 0.85,
            "account_receivable_turnover_ratio": 3.03,
            "reinvestment_rate": 71.7,
            "research_to_sale_ratio": null,
            "price_fair": 411.34,
            "eps_avg_yearly": 11.75,
            "eps_latest_yearly": 16.16,
            "eps_growth_yearly": 2292.65
        },
        "20222": {
            "year_quarter": 20222,
            "year": 2022,
            "quarter": 2,
            "eps": 3.19,
            "eps_growth_year": 7.41,
            "eps_4q": 15.95,
            "eps_4q_growth_year": 6.64,
            "roe": 4.78,
            "roe_4q": 26.33,
            "gross_profit": 1504661,
            "gross_margin": 17.08,
            "gross_margin_4q_avg": 15.19,
            "net_income": 958915,
            "net_income_4q": null,
            "revenue": 8808535,
            "revenue_4q": null,
            "common_shares": 2989838,
            "book_valuer_per_share": 62.59,
            "book_valuer_per_share_4q_avg": 60.87,
            "equity": 19541181,
            "current_ratio": 118.55,
            "debt_ratio": 51.77,
            "inventory_turnover_ratio": 0.86,
            "account_receivable_turnover_ratio": 2.83,
            "reinvestment_rate": 71.75,
            "research_to_sale_ratio": null,
            "price_fair": 423.33,
            "eps_avg_yearly": 12.1,
            "eps_latest_yearly": 12.76,
            "eps_growth_yearly": 37.39
        },
        "20223": {
            "year_quarter": 20223,
            "year": 2022,
            "quarter": 3,
            "eps": 3.09,
            "eps_growth_year": -24.08,
            "eps_4q": 14.96,
            "eps_4q_growth_year": 3.13,
            "roe": 4.56,
            "roe_4q": 23.42,
            "gross_profit": 1740115,
            "gross_margin": 18.46,
            "gross_margin_4q_avg": 16.29,
            "net_income": 937253,
            "net_income_4q": null,
            "revenue": 9427755,
            "revenue_4q": null,
            "common_shares": 2989838,
            "book_valuer_per_share": 69.42,
            "book_valuer_per_share_4q_avg": 64.33,
            "equity": 21606436,
            "current_ratio": 126.61,
            "debt_ratio": 49.7,
            "inventory_turnover_ratio": 0.82,
            "account_receivable_turnover_ratio": 2.89,
            "reinvestment_rate": 74.02,
            "research_to_sale_ratio": null,
            "price_fair": 430.85,
            "eps_avg_yearly": 12.31,
            "eps_latest_yearly": 12.36,
            "eps_growth_yearly": 30.97
        },
        "20224": {
            "year_quarter": 20224,
            "year": 2022,
            "quarter": 4,
            "eps": 1.02,
            "eps_growth_year": -78.09,
            "eps_4q": 11.34,
            "eps_4q_growth_year": -27.11,
            "roe": 1.53,
            "roe_4q": 17.150000000000002,
            "gross_profit": 1938674,
            "gross_margin": 18.27,
            "gross_margin_4q_avg": 17.16,
            "net_income": 330206,
            "net_income_4q": null,
            "revenue": 10610850,
            "revenue_4q": null,
            "common_shares": 2989838,
            "book_valuer_per_share": 68.85,
            "book_valuer_per_share_4q_avg": 66.69,
            "equity": 21494619,
            "current_ratio": 134.15,
            "debt_ratio": 49.49,
            "inventory_turnover_ratio": 0.85,
            "account_receivable_turnover_ratio": 2.85,
            "reinvestment_rate": 64.08,
            "research_to_sale_ratio": null,
            "price_fair": 373.4,
            "eps_avg_yearly": 12.15,
            "eps_latest_yearly": 4.08,
            "eps_growth_yearly": 20.73
        },
        "20231": {
            "year_quarter": 20231,
            "year": 2023,
            "quarter": 1,
            "eps": 1.89,
            "eps_growth_year": -53.22,
            "eps_4q": 9.19,
            "eps_4q_growth_year": -41.59,
            "roe": 2.88,
            "roe_4q": 13.75,
            "gross_profit": 1435165,
            "gross_margin": 17.11,
            "gross_margin_4q_avg": 17.73,
            "net_income": 627520,
            "net_income_4q": null,
            "revenue": 8386581,
            "revenue_4q": null,
            "common_shares": 2989838,
            "book_valuer_per_share": 70.37,
            "book_valuer_per_share_4q_avg": 67.81,
            "equity": 22023994,
            "current_ratio": 138.66,
            "debt_ratio": 48.62,
            "inventory_turnover_ratio": 0.67,
            "account_receivable_turnover_ratio": 1.69,
            "reinvestment_rate": 61.92,
            "research_to_sale_ratio": null,
            "price_fair": 427.88,
            "eps_avg_yearly": 12.23,
            "eps_latest_yearly": 7.56,
            "eps_growth_yearly": 42.81
        },
        "20232": {
            "year_quarter": 20232,
            "year": 2023,
            "quarter": 2,
            "eps": 2.25,
            "eps_growth_year": -29.47,
            "eps_4q": 8.25,
            "eps_4q_growth_year": -48.27,
            "roe": 3.3,
            "roe_4q": 12.27,
            "gross_profit": 1380655,
            "gross_margin": 18.51,
            "gross_margin_4q_avg": 18.09,
            "net_income": 710259,
            "net_income_4q": null,
            "revenue": 7459365,
            "revenue_4q": null,
            "common_shares": 2989838,
            "book_valuer_per_share": 67,
            "book_valuer_per_share_4q_avg": 68.91,
            "equity": 21066655,
            "current_ratio": 126.47,
            "debt_ratio": 50.54,
            "inventory_turnover_ratio": 0.59,
            "account_receivable_turnover_ratio": 1.36,
            "reinvestment_rate": 63.95,
            "research_to_sale_ratio": null,
            "price_fair": 430.94,
            "eps_avg_yearly": 12.31,
            "eps_latest_yearly": 9,
            "eps_growth_yearly": 42.88
        },
        "20233": {
            "year_quarter": 20233,
            "year": 2023,
            "quarter": 3,
            "eps": 2.54,
            "eps_growth_year": -17.8,
            "eps_4q": 7.69,
            "eps_4q_growth_year": -48.6,
            "roe": 3.63,
            "roe_4q": 11.339999999999998,
            "gross_profit": 1230388,
            "gross_margin": 18.4,
            "gross_margin_4q_avg": 18.07,
            "net_income": 792148,
            "net_income_4q": null,
            "revenue": 6688372,
            "revenue_4q": null,
            "common_shares": 2989838,
            "book_valuer_per_share": 71.83,
            "book_valuer_per_share_4q_avg": 69.51,
            "equity": 22551560,
            "current_ratio": 138.98,
            "debt_ratio": 44.9,
            "inventory_turnover_ratio": 0.57,
            "account_receivable_turnover_ratio": 1.67,
            "reinvestment_rate": 67.51,
            "research_to_sale_ratio": null,
            "price_fair": 427.96,
            "eps_avg_yearly": 12.23,
            "eps_latest_yearly": 10.16,
            "eps_growth_yearly": 33.21
        }
    },
    "months": {
        "2001-06": {
            "month": "2001-06",
            "price": "15.54",
            "revenue": 85434
        },
        "2001-07": {
            "month": "2001-07",
            "price": "13.75",
            "revenue": 148680
        },
        "2001-08": {
            "month": "2001-08",
            "price": "10.32",
            "revenue": 277634
        },
        "2001-09": {
            "month": "2001-09",
            "price": "8.01",
            "revenue": 204820
        },
        "2001-10": {
            "month": "2001-10",
            "price": "7.44",
            "revenue": 280862
        },
        "2001-11": {
            "month": "2001-11",
            "price": "6.89",
            "revenue": 377335
        },
        "2001-12": {
            "month": "2001-12",
            "price": "8.20",
            "revenue": 348974
        },
        "2002-01": {
            "month": "2002-01",
            "price": "9.65",
            "revenue": 227300
        },
        "2002-02": {
            "month": "2002-02",
            "price": "8.43",
            "revenue": 255712
        },
        "2002-03": {
            "month": "2002-03",
            "price": "9.22",
            "revenue": 372575
        },
        "2002-04": {
            "month": "2002-04",
            "price": "13.02",
            "revenue": 293070
        },
        "2002-05": {
            "month": "2002-05",
            "price": "13.83",
            "revenue": 204435
        },
        "2002-06": {
            "month": "2002-06",
            "price": "13.75",
            "revenue": 134456
        },
        "2002-07": {
            "month": "2002-07",
            "price": "12.40",
            "revenue": 213965
        },
        "2002-08": {
            "month": "2002-08",
            "price": "13.48",
            "revenue": 318136
        },
        "2002-09": {
            "month": "2002-09",
            "price": "12.86",
            "revenue": 313802
        },
        "2002-10": {
            "month": "2002-10",
            "price": "13.15",
            "revenue": 376508
        },
        "2002-11": {
            "month": "2002-11",
            "price": "17.12",
            "revenue": 439449
        },
        "2002-12": {
            "month": "2002-12",
            "price": "17.33",
            "revenue": 476884
        },
        "2003-01": {
            "month": "2003-01",
            "price": "18.12",
            "revenue": 407940
        },
        "2003-02": {
            "month": "2003-02",
            "price": "16.11",
            "revenue": 368601
        },
        "2003-03": {
            "month": "2003-03",
            "price": "14.07",
            "revenue": 437690
        },
        "2003-04": {
            "month": "2003-04",
            "price": "12.84",
            "revenue": 322240
        },
        "2003-05": {
            "month": "2003-05",
            "price": "11.63",
            "revenue": 164080
        },
        "2003-06": {
            "month": "2003-06",
            "price": "12.90",
            "revenue": 271470
        },
        "2003-07": {
            "month": "2003-07",
            "price": "14.16",
            "revenue": 283822
        },
        "2003-08": {
            "month": "2003-08",
            "price": "14.57",
            "revenue": 292291
        },
        "2003-09": {
            "month": "2003-09",
            "price": "14.50",
            "revenue": 473582
        },
        "2003-10": {
            "month": "2003-10",
            "price": "15.43",
            "revenue": 482031
        },
        "2003-11": {
            "month": "2003-11",
            "price": "15.22",
            "revenue": 447155
        },
        "2003-12": {
            "month": "2003-12",
            "price": "15.14",
            "revenue": 511250
        },
        "2004-01": {
            "month": "2004-01",
            "price": "15.33",
            "revenue": 393605
        },
        "2004-02": {
            "month": "2004-02",
            "price": "16.68",
            "revenue": 375815
        },
        "2004-03": {
            "month": "2004-03",
            "price": "16.24",
            "revenue": 539471
        },
        "2004-04": {
            "month": "2004-04",
            "price": "14.73",
            "revenue": 439193
        },
        "2004-05": {
            "month": "2004-05",
            "price": "12.05",
            "revenue": 254159
        },
        "2004-06": {
            "month": "2004-06",
            "price": "12.15",
            "revenue": 243493
        },
        "2004-07": {
            "month": "2004-07",
            "price": "13.75",
            "revenue": 326589
        },
        "2004-08": {
            "month": "2004-08",
            "price": "14.11",
            "revenue": 448552
        },
        "2004-09": {
            "month": "2004-09",
            "price": "17.39",
            "revenue": 455991
        },
        "2004-10": {
            "month": "2004-10",
            "price": "17.72",
            "revenue": 532598
        },
        "2004-11": {
            "month": "2004-11",
            "price": "17.54",
            "revenue": 530167
        },
        "2004-12": {
            "month": "2004-12",
            "price": "20.30",
            "revenue": 698453
        },
        "2005-01": {
            "month": "2005-01",
            "price": "21.78",
            "revenue": 517149
        },
        "2005-02": {
            "month": "2005-02",
            "price": "21.56",
            "revenue": 459377
        },
        "2005-03": {
            "month": "2005-03",
            "price": "21.88",
            "revenue": 458903
        },
        "2005-04": {
            "month": "2005-04",
            "price": "18.48",
            "revenue": 401346
        },
        "2005-05": {
            "month": "2005-05",
            "price": "18.70",
            "revenue": 354763
        },
        "2005-06": {
            "month": "2005-06",
            "price": "20.43",
            "revenue": 383039
        },
        "2005-07": {
            "month": "2005-07",
            "price": "20.20",
            "revenue": 521333
        },
        "2005-08": {
            "month": "2005-08",
            "price": "22.20",
            "revenue": 546479
        },
        "2005-09": {
            "month": "2005-09",
            "price": "22.13",
            "revenue": 763219
        },
        "2005-10": {
            "month": "2005-10",
            "price": "22.40",
            "revenue": 566342
        },
        "2005-11": {
            "month": "2005-11",
            "price": "20.76",
            "revenue": 524077
        },
        "2005-12": {
            "month": "2005-12",
            "price": "21.40",
            "revenue": 622371
        },
        "2006-01": {
            "month": "2006-01",
            "price": "21.09",
            "revenue": 470453
        },
        "2006-02": {
            "month": "2006-02",
            "price": "20.60",
            "revenue": 480864
        },
        "2006-03": {
            "month": "2006-03",
            "price": "20.39",
            "revenue": 533674
        },
        "2006-04": {
            "month": "2006-04",
            "price": "22.39",
            "revenue": 293554
        },
        "2006-05": {
            "month": "2006-05",
            "price": "22.98",
            "revenue": 321749
        },
        "2006-06": {
            "month": "2006-06",
            "price": "21.39",
            "revenue": 470822
        },
        "2006-07": {
            "month": "2006-07",
            "price": "21.40",
            "revenue": 496253
        },
        "2006-08": {
            "month": "2006-08",
            "price": "20.47",
            "revenue": 635810
        },
        "2006-09": {
            "month": "2006-09",
            "price": "22.15",
            "revenue": 773418
        },
        "2006-10": {
            "month": "2006-10",
            "price": "28.06",
            "revenue": 799749
        },
        "2006-11": {
            "month": "2006-11",
            "price": "30.20",
            "revenue": 901001
        },
        "2006-12": {
            "month": "2006-12",
            "price": "34.65",
            "revenue": 748365
        },
        "2007-01": {
            "month": "2007-01",
            "price": "35.24",
            "revenue": 711454
        },
        "2007-02": {
            "month": "2007-02",
            "price": "36.03",
            "revenue": 618841
        },
        "2007-03": {
            "month": "2007-03",
            "price": "36.40",
            "revenue": 918434
        },
        "2007-04": {
            "month": "2007-04",
            "price": "46.13",
            "revenue": 718653
        },
        "2007-05": {
            "month": "2007-05",
            "price": "47.69",
            "revenue": 486217
        },
        "2007-06": {
            "month": "2007-06",
            "price": "50.12",
            "revenue": 569292
        },
        "2007-07": {
            "month": "2007-07",
            "price": "64.13",
            "revenue": 754704
        },
        "2007-08": {
            "month": "2007-08",
            "price": "70.13",
            "revenue": 1053389
        },
        "2007-09": {
            "month": "2007-09",
            "price": "74.02",
            "revenue": 934313
        },
        "2007-10": {
            "month": "2007-10",
            "price": "67.88",
            "revenue": 1100562
        },
        "2007-11": {
            "month": "2007-11",
            "price": "66.55",
            "revenue": 1096787
        },
        "2007-12": {
            "month": "2007-12",
            "price": "58.91",
            "revenue": 1102937
        },
        "2008-01": {
            "month": "2008-01",
            "price": "57.95",
            "revenue": 765940
        },
        "2008-02": {
            "month": "2008-02",
            "price": "55.34",
            "revenue": 730784
        },
        "2008-03": {
            "month": "2008-03",
            "price": "60.59",
            "revenue": 882276
        },
        "2008-04": {
            "month": "2008-04",
            "price": "62.00",
            "revenue": 661035
        },
        "2008-05": {
            "month": "2008-05",
            "price": "66.23",
            "revenue": 551700
        },
        "2008-06": {
            "month": "2008-06",
            "price": "69.37",
            "revenue": 844801
        },
        "2008-07": {
            "month": "2008-07",
            "price": "72.20",
            "revenue": 1032523
        },
        "2008-08": {
            "month": "2008-08",
            "price": "69.19",
            "revenue": 1278025
        },
        "2008-09": {
            "month": "2008-09",
            "price": "56.85",
            "revenue": 1228524
        },
        "2008-10": {
            "month": "2008-10",
            "price": "44.44",
            "revenue": 1312994
        },
        "2008-11": {
            "month": "2008-11",
            "price": "45.76",
            "revenue": 1296163
        },
        "2008-12": {
            "month": "2008-12",
            "price": "41.11",
            "revenue": 1657314
        },
        "2009-01": {
            "month": "2009-01",
            "price": "39.67",
            "revenue": 780007
        },
        "2009-02": {
            "month": "2009-02",
            "price": "36.63",
            "revenue": 1213681
        },
        "2009-03": {
            "month": "2009-03",
            "price": "38.75",
            "revenue": 722591
        },
        "2009-04": {
            "month": "2009-04",
            "price": "44.54",
            "revenue": 463621
        },
        "2009-05": {
            "month": "2009-05",
            "price": "48.04",
            "revenue": 571659
        },
        "2009-06": {
            "month": "2009-06",
            "price": "49.30",
            "revenue": 647128
        },
        "2009-07": {
            "month": "2009-07",
            "price": "54.90",
            "revenue": 1185425
        },
        "2009-08": {
            "month": "2009-08",
            "price": "57.74",
            "revenue": 1054758
        },
        "2009-09": {
            "month": "2009-09",
            "price": "52.95",
            "revenue": 1293181
        },
        "2009-10": {
            "month": "2009-10",
            "price": "53.38",
            "revenue": 1215584
        },
        "2009-11": {
            "month": "2009-11",
            "price": "53.53",
            "revenue": 1018025
        },
        "2009-12": {
            "month": "2009-12",
            "price": "52.06",
            "revenue": 1332679
        },
        "2010-01": {
            "month": "2010-01",
            "price": "51.15",
            "revenue": 984383
        },
        "2010-02": {
            "month": "2010-02",
            "price": "46.45",
            "revenue": 901020
        },
        "2010-03": {
            "month": "2010-03",
            "price": "48.05",
            "revenue": 1177424
        },
        "2010-04": {
            "month": "2010-04",
            "price": "49.15",
            "revenue": 644132
        },
        "2010-05": {
            "month": "2010-05",
            "price": "45.80",
            "revenue": 638084
        },
        "2010-06": {
            "month": "2010-06",
            "price": "46.11",
            "revenue": 702881
        },
        "2010-07": {
            "month": "2010-07",
            "price": "47.33",
            "revenue": 1015332
        },
        "2010-08": {
            "month": "2010-08",
            "price": "53.34",
            "revenue": 1164710
        },
        "2010-09": {
            "month": "2010-09",
            "price": "53.67",
            "revenue": 1333007
        },
        "2010-10": {
            "month": "2010-10",
            "price": "53.33",
            "revenue": 1228466
        },
        "2010-11": {
            "month": "2010-11",
            "price": "51.27",
            "revenue": 1285420
        },
        "2010-12": {
            "month": "2010-12",
            "price": "52.39",
            "revenue": 1605003
        },
        "2011-01": {
            "month": "2011-01",
            "price": "52.86",
            "revenue": 1256604
        },
        "2011-02": {
            "month": "2011-02",
            "price": "52.83",
            "revenue": 910738
        },
        "2011-03": {
            "month": "2011-03",
            "price": "53.28",
            "revenue": 1309195
        },
        "2011-04": {
            "month": "2011-04",
            "price": "54.21",
            "revenue": 623649
        },
        "2011-05": {
            "month": "2011-05",
            "price": "60.86",
            "revenue": 750835
        },
        "2011-06": {
            "month": "2011-06",
            "price": "62.85",
            "revenue": 945157
        },
        "2011-07": {
            "month": "2011-07",
            "price": "70.14",
            "revenue": 1138025
        },
        "2011-08": {
            "month": "2011-08",
            "price": "69.07",
            "revenue": 1426611
        },
        "2011-09": {
            "month": "2011-09",
            "price": "69.42",
            "revenue": 1561258
        },
        "2011-10": {
            "month": "2011-10",
            "price": "70.03",
            "revenue": 1392342
        },
        "2011-11": {
            "month": "2011-11",
            "price": "70.04",
            "revenue": 1403865
        },
        "2011-12": {
            "month": "2011-12",
            "price": "66.30",
            "revenue": 1751655
        },
        "2012-01": {
            "month": "2012-01",
            "price": "68.09",
            "revenue": 805530
        },
        "2012-02": {
            "month": "2012-02",
            "price": "75.19",
            "revenue": 1356435
        },
        "2012-03": {
            "month": "2012-03",
            "price": "92.26",
            "revenue": 870465
        },
        "2012-04": {
            "month": "2012-04",
            "price": "100.00",
            "revenue": 461691
        },
        "2012-05": {
            "month": "2012-05",
            "price": "108.25",
            "revenue": 972144
        },
        "2012-06": {
            "month": "2012-06",
            "price": "107.05",
            "revenue": 1248803
        },
        "2012-07": {
            "month": "2012-07",
            "price": "121.43",
            "revenue": 1559088
        },
        "2012-08": {
            "month": "2012-08",
            "price": "116.10",
            "revenue": 1821149
        },
        "2012-09": {
            "month": "2012-09",
            "price": "106.28",
            "revenue": 1620369
        },
        "2012-10": {
            "month": "2012-10",
            "price": "113.95",
            "revenue": 1752466
        },
        "2012-11": {
            "month": "2012-11",
            "price": "114.27",
            "revenue": 1756462
        },
        "2012-12": {
            "month": "2012-12",
            "price": "129.38",
            "revenue": 1581654
        },
        "2013-01": {
            "month": "2013-01",
            "price": "127.32",
            "revenue": 1964151
        },
        "2013-02": {
            "month": "2013-02",
            "price": "142.31",
            "revenue": 1378043
        },
        "2013-03": {
            "month": "2013-03",
            "price": "166.86",
            "revenue": 1936523
        },
        "2013-04": {
            "month": "2013-04",
            "price": "179.72",
            "revenue": 1755571
        },
        "2013-05": {
            "month": "2013-05",
            "price": "189.02",
            "revenue": 1934737
        },
        "2013-06": {
            "month": "2013-06",
            "price": "179.53",
            "revenue": 2064938
        },
        "2013-07": {
            "month": "2013-07",
            "price": "202.26",
            "revenue": 2860670
        },
        "2013-08": {
            "month": "2013-08",
            "price": "199.60",
            "revenue": 2510152
        },
        "2013-09": {
            "month": "2013-09",
            "price": "199.80",
            "revenue": 2331090
        },
        "2013-10": {
            "month": "2013-10",
            "price": "221.59",
            "revenue": 2451225
        },
        "2013-11": {
            "month": "2013-11",
            "price": "217.81",
            "revenue": 2001039
        },
        "2013-12": {
            "month": "2013-12",
            "price": "220.61",
            "revenue": 2153033
        },
        "2014-01": {
            "month": "2014-01",
            "price": "204.94",
            "revenue": 1765335
        },
        "2014-02": {
            "month": "2014-02",
            "price": "190.21",
            "revenue": 1762843
        },
        "2014-03": {
            "month": "2014-03",
            "price": "203.02",
            "revenue": 2143231
        },
        "2014-04": {
            "month": "2014-04",
            "price": "200.93",
            "revenue": 2046790
        },
        "2014-05": {
            "month": "2014-05",
            "price": "202.74",
            "revenue": 2097039
        },
        "2014-06": {
            "month": "2014-06",
            "price": "201.28",
            "revenue": 2617269
        },
        "2014-07": {
            "month": "2014-07",
            "price": "217.23",
            "revenue": 2953729
        },
        "2014-08": {
            "month": "2014-08",
            "price": "223.79",
            "revenue": 2404809
        },
        "2014-09": {
            "month": "2014-09",
            "price": "212.12",
            "revenue": 2367709
        },
        "2014-10": {
            "month": "2014-10",
            "price": "204.11",
            "revenue": 2483295
        },
        "2014-11": {
            "month": "2014-11",
            "price": "208.65",
            "revenue": 2070203
        },
        "2014-12": {
            "month": "2014-12",
            "price": "212.96",
            "revenue": 2514987
        },
        "2015-01": {
            "month": "2015-01",
            "price": "217.02",
            "revenue": 2040002
        },
        "2015-02": {
            "month": "2015-02",
            "price": "233.88",
            "revenue": 1731339
        },
        "2015-03": {
            "month": "2015-03",
            "price": "245.61",
            "revenue": 2422916
        },
        "2015-04": {
            "month": "2015-04",
            "price": "242.80",
            "revenue": 2337114
        },
        "2015-05": {
            "month": "2015-05",
            "price": "224.25",
            "revenue": 2132986
        },
        "2015-06": {
            "month": "2015-06",
            "price": "208.14",
            "revenue": 2565437
        },
        "2015-07": {
            "month": "2015-07",
            "price": "207.11",
            "revenue": 3269081
        },
        "2015-08": {
            "month": "2015-08",
            "price": "175.64",
            "revenue": 2597642
        },
        "2015-09": {
            "month": "2015-09",
            "price": "181.32",
            "revenue": 2634127
        },
        "2015-10": {
            "month": "2015-10",
            "price": "189.24",
            "revenue": 2314679
        },
        "2015-11": {
            "month": "2015-11",
            "price": "190.40",
            "revenue": 1855026
        },
        "2015-12": {
            "month": "2015-12",
            "price": "175.00",
            "revenue": 2203677
        },
        "2016-01": {
            "month": "2016-01",
            "price": "146.67",
            "revenue": 1754794
        },
        "2016-02": {
            "month": "2016-02",
            "price": "150.19",
            "revenue": 1647463
        },
        "2016-03": {
            "month": "2016-03",
            "price": "153.22",
            "revenue": 2053296
        },
        "2016-04": {
            "month": "2016-04",
            "price": "130.82",
            "revenue": 1536867
        },
        "2016-05": {
            "month": "2016-05",
            "price": "129.07",
            "revenue": 1897086
        },
        "2016-06": {
            "month": "2016-06",
            "price": "138.95",
            "revenue": 2185995
        },
        "2016-07": {
            "month": "2016-07",
            "price": "145.18",
            "revenue": 2023832
        },
        "2016-08": {
            "month": "2016-08",
            "price": "136.20",
            "revenue": 2282657
        },
        "2016-09": {
            "month": "2016-09",
            "price": "136.71",
            "revenue": 2013832
        },
        "2016-10": {
            "month": "2016-10",
            "price": "143.20",
            "revenue": 1740937
        },
        "2016-11": {
            "month": "2016-11",
            "price": "134.41",
            "revenue": 1992657
        },
        "2016-12": {
            "month": "2016-12",
            "price": "139.71",
            "revenue": 1696147
        },
        "2017-01": {
            "month": "2017-01",
            "price": "159.78",
            "revenue": 1382921
        },
        "2017-02": {
            "month": "2017-02",
            "price": "161.11",
            "revenue": 1462566
        },
        "2017-03": {
            "month": "2017-03",
            "price": "154.74",
            "revenue": 1942250
        },
        "2017-04": {
            "month": "2017-04",
            "price": "158.89",
            "revenue": 1516312
        },
        "2017-05": {
            "month": "2017-05",
            "price": "155.60",
            "revenue": 1923609
        },
        "2017-06": {
            "month": "2017-06",
            "price": "161.52",
            "revenue": 1818581
        },
        "2017-07": {
            "month": "2017-07",
            "price": "153.81",
            "revenue": 2082826
        },
        "2017-08": {
            "month": "2017-08",
            "price": "140.07",
            "revenue": 2542332
        },
        "2017-09": {
            "month": "2017-09",
            "price": "130.75",
            "revenue": 1975974
        },
        "2017-10": {
            "month": "2017-10",
            "price": "139.47",
            "revenue": 1841372
        },
        "2017-11": {
            "month": "2017-11",
            "price": "128.75",
            "revenue": 2062247
        },
        "2017-12": {
            "month": "2017-12",
            "price": "125.21",
            "revenue": 1799676
        },
        "2018-01": {
            "month": "2018-01",
            "price": "133.73",
            "revenue": 1882837
        },
        "2018-02": {
            "month": "2018-02",
            "price": "129.50",
            "revenue": 1557966
        },
        "2018-03": {
            "month": "2018-03",
            "price": "132.48",
            "revenue": 2322198
        },
        "2018-04": {
            "month": "2018-04",
            "price": "131.31",
            "revenue": 1900118
        },
        "2018-05": {
            "month": "2018-05",
            "price": "134.14",
            "revenue": 2820375
        },
        "2018-06": {
            "month": "2018-06",
            "price": "134.28",
            "revenue": 2355534
        },
        "2018-07": {
            "month": "2018-07",
            "price": "148.18",
            "revenue": 2487293
        },
        "2018-08": {
            "month": "2018-08",
            "price": "142.02",
            "revenue": 2688999
        },
        "2018-09": {
            "month": "2018-09",
            "price": "142.03",
            "revenue": 1917723
        },
        "2018-10": {
            "month": "2018-10",
            "price": "126.20",
            "revenue": 2005602
        },
        "2018-11": {
            "month": "2018-11",
            "price": "125.11",
            "revenue": 1846164
        },
        "2018-12": {
            "month": "2018-12",
            "price": "135.62",
            "revenue": 2023002
        },
        "2019-01": {
            "month": "2019-01",
            "price": "148.31",
            "revenue": 2015678
        },
        "2019-02": {
            "month": "2019-02",
            "price": "154.15",
            "revenue": 1730609
        },
        "2019-03": {
            "month": "2019-03",
            "price": "169.22",
            "revenue": 1829575
        },
        "2019-04": {
            "month": "2019-04",
            "price": "168.38",
            "revenue": 2580055
        },
        "2019-05": {
            "month": "2019-05",
            "price": "177.09",
            "revenue": 2393884
        },
        "2019-06": {
            "month": "2019-06",
            "price": "179.79",
            "revenue": 2533928
        },
        "2019-07": {
            "month": "2019-07",
            "price": "189.28",
            "revenue": 2828657
        },
        "2019-08": {
            "month": "2019-08",
            "price": "184.33",
            "revenue": 2631384
        },
        "2019-09": {
            "month": "2019-09",
            "price": "181.39",
            "revenue": 2361772
        },
        "2019-10": {
            "month": "2019-10",
            "price": "169.62",
            "revenue": 2681725
        },
        "2019-11": {
            "month": "2019-11",
            "price": "175.40",
            "revenue": 2023728
        },
        "2019-12": {
            "month": "2019-12",
            "price": "172.02",
            "revenue": 2413478
        },
        "2020-01": {
            "month": "2020-01",
            "price": "172.80",
            "revenue": 1682048
        },
        "2020-02": {
            "month": "2020-02",
            "price": "163.24",
            "revenue": 1677596
        },
        "2020-03": {
            "month": "2020-03",
            "price": "127.89",
            "revenue": 1900043
        },
        "2020-04": {
            "month": "2020-04",
            "price": "128.98",
            "revenue": 2092468
        },
        "2020-05": {
            "month": "2020-05",
            "price": "161.98",
            "revenue": 2582108
        },
        "2020-06": {
            "month": "2020-06",
            "price": "189.45",
            "revenue": 2928789
        },
        "2020-07": {
            "month": "2020-07",
            "price": "242.33",
            "revenue": 2534580
        },
        "2020-08": {
            "month": "2020-08",
            "price": "257.40",
            "revenue": 2366003
        },
        "2020-09": {
            "month": "2020-09",
            "price": "234.95",
            "revenue": 2399648
        },
        "2020-10": {
            "month": "2020-10",
            "price": "254.11",
            "revenue": 2218109
        },
        "2020-11": {
            "month": "2020-11",
            "price": "255.86",
            "revenue": 2283868
        },
        "2020-12": {
            "month": "2020-12",
            "price": "242.26",
            "revenue": 2426761
        },
        "2021-01": {
            "month": "2021-01",
            "price": "263.25",
            "revenue": 2129746
        },
        "2021-02": {
            "month": "2021-02",
            "price": "288.35",
            "revenue": 2699425
        },
        "2021-03": {
            "month": "2021-03",
            "price": "309.16",
            "revenue": 3194815
        },
        "2021-04": {
            "month": "2021-04",
            "price": "344.61",
            "revenue": 2408701
        },
        "2021-05": {
            "month": "2021-05",
            "price": "311.10",
            "revenue": 2352838
        },
        "2021-06": {
            "month": "2021-06",
            "price": "312.95",
            "revenue": 2511684
        },
        "2021-07": {
            "month": "2021-07",
            "price": "302.84",
            "revenue": 3067038
        },
        "2021-08": {
            "month": "2021-08",
            "price": "317.25",
            "revenue": 2572336
        },
        "2021-09": {
            "month": "2021-09",
            "price": "292.38",
            "revenue": 1822662
        },
        "2021-10": {
            "month": "2021-10",
            "price": "273.18",
            "revenue": 2275902
        },
        "2021-11": {
            "month": "2021-11",
            "price": "298.68",
            "revenue": 2073395
        },
        "2021-12": {
            "month": "2021-12",
            "price": "314.02",
            "revenue": 2235405
        },
        "2022-01": {
            "month": "2022-01",
            "price": "311.97",
            "revenue": 2523303
        },
        "2022-02": {
            "month": "2022-02",
            "price": "280.07",
            "revenue": 2297088
        },
        "2022-03": {
            "month": "2022-03",
            "price": "259.70",
            "revenue": 3337174
        },
        "2022-04": {
            "month": "2022-04",
            "price": "254.18",
            "revenue": 2706873
        },
        "2022-05": {
            "month": "2022-05",
            "price": "240.95",
            "revenue": 3083767
        },
        "2022-06": {
            "month": "2022-06",
            "price": "258.17",
            "revenue": 2992062
        },
        "2022-07": {
            "month": "2022-07",
            "price": "235.83",
            "revenue": 3256264
        },
        "2022-08": {
            "month": "2022-08",
            "price": "224.93",
            "revenue": 3021291
        },
        "2022-09": {
            "month": "2022-09",
            "price": "200.33",
            "revenue": 3156527
        },
        "2022-10": {
            "month": "2022-10",
            "price": "177.22",
            "revenue": 3376878
        },
        "2022-11": {
            "month": "2022-11",
            "price": "182.00",
            "revenue": 3662886
        },
        "2022-12": {
            "month": "2022-12",
            "price": "177.55",
            "revenue": 3507947
        },
        "2023-01": {
            "month": "2023-01",
            "price": "176.54",
            "revenue": 2284346
        },
        "2023-02": {
            "month": "2023-02",
            "price": "183.81",
            "revenue": 2699606
        },
        "2023-03": {
            "month": "2023-03",
            "price": "171.24",
            "revenue": 3373877
        },
        "2023-04": {
            "month": "2023-04",
            "price": "168.97",
            "revenue": 2404947
        },
        "2023-05": {
            "month": "2023-05",
            "price": "176.36",
            "revenue": 2884206
        },
        "2023-06": {
            "month": "2023-06",
            "price": "204.40",
            "revenue": 2154430
        },
        "2023-07": {
            "month": "2023-07",
            "price": "217.98",
            "revenue": 2745883
        },
        "2023-08": {
            "month": "2023-08",
            "price": "200.55",
            "revenue": 2043386
        },
        "2023-09": {
            "month": "2023-09",
            "price": "190.20",
            "revenue": 1939296
        },
        "2023-10": {
            "month": "2023-10",
            "price": "174.25",
            "revenue": 1524575
        },
        "2023-11": {
            "month": "2023-11",
            "price": "173.27",
            "revenue": 1581181
        },
        "2023-12": {
            "month": "2023-12",
            "price": "183.33",
            "revenue": 1527727
        }
    }
}
