{
    "summary": {
        "stock_name": "中保科",
        "stock_id": "9917",
        "category": "其他",
        "main_business": "保全業",
        "website_url": "http://www.secom.com.tw",
        "ceo": "林建涵",
        "pe_ratio": 20,
        "report_year_from": 2001,
        "report_year_to": 2023,
        "age": 23,
        "eps_negative_percentage": 0,
        "eps_growth_avg": {
            "last_all": 2.71,
            "last_2y": -6.09,
            "last_4y": -0.44,
            "last_8y": 2.24,
            "last_12y": 3.09,
            "last_16y": 2.72,
            "last_20y": 5.15,
            "at_2006_last_3y": 15.49,
            "at_2007_last_3y": 11.58,
            "at_2008_last_3y": 2.4,
            "at_2009_last_3y": 2.52,
            "at_2010_last_3y": 1.52,
            "at_2011_last_3y": 0.33,
            "at_2012_last_3y": 9.48,
            "at_2013_last_3y": 7.88,
            "at_2014_last_3y": 5,
            "at_2015_last_3y": 4.24,
            "at_2016_last_3y": -15.19,
            "at_2017_last_3y": 8.6,
            "at_2018_last_3y": 5.58,
            "at_2019_last_3y": 6.77,
            "at_2020_last_3y": 27.22,
            "at_2021_last_3y": 3.74,
            "at_2022_last_3y": 6.07,
            "at_2023_last_3y": -1.68,
            "at_2024_last_3y": -1.68,
            "at_2006_last_all": 2.67,
            "at_2007_last_all": 3.49,
            "at_2008_last_all": -1.17,
            "at_2009_last_all": 0.38,
            "at_2010_last_all": 2.16,
            "at_2011_last_all": 2.22,
            "at_2012_last_all": 2.7,
            "at_2013_last_all": 2.88,
            "at_2014_last_all": 3.03,
            "at_2015_last_all": 2.8,
            "at_2016_last_all": -2.07,
            "at_2017_last_all": 4.31,
            "at_2018_last_all": 3.63,
            "at_2019_last_all": 3.68,
            "at_2020_last_all": 4.1,
            "at_2021_last_all": 4.2,
            "at_2022_last_all": 4.1,
            "at_2023_last_all": 2.71,
            "at_2024_last_all": 2.71
        },
        "latest_eps": 5.84,
        "latest_price": 117,
        "latest_roe": 21.72,
        "latest_gross_margin": 32.81,
        "latest_equity": 12347993,
        "latest_revenue": 4287280,
        "latest_gross_profit": 1406651,
        "latest_net_income": 663725,
        "latest_debt_ratio": 52.22,
        "latest_current_ratio": 126.68,
        "latest_account_receivable_turnover_ratio": 2.51,
        "latest_inventory_turnover_ratio": 5.16,
        "latest_reinvestment_rate": 34.48,
        "latest_research_to_sale_ratio": 0.69
    },
    "eps_dividends": {
        "1991": {
            "cash": 0,
            "stock": 5.05,
            "eps": 0
        },
        "1992": {
            "cash": 0,
            "stock": 3.5,
            "eps": 0
        },
        "1993": {
            "cash": 0,
            "stock": 2.7,
            "eps": 0
        },
        "1994": {
            "cash": 0.5,
            "stock": 2.5,
            "eps": 0
        },
        "1995": {
            "cash": 0,
            "stock": 3,
            "eps": 0
        },
        "1996": {
            "cash": 0,
            "stock": 3,
            "eps": 0
        },
        "1997": {
            "cash": 0,
            "stock": 3,
            "eps": 0
        },
        "1998": {
            "cash": 0,
            "stock": 3,
            "eps": 0
        },
        "1999": {
            "cash": 0.8,
            "stock": 1.2,
            "eps": 0
        },
        "2000": {
            "cash": 0.5,
            "stock": 1.7,
            "eps": 0
        },
        "2001": {
            "cash": 1,
            "stock": 1,
            "eps": 4.36
        },
        "2002": {
            "cash": 1.5,
            "stock": 0.5,
            "eps": 2.24
        },
        "2003": {
            "cash": 1.6,
            "stock": 0.4,
            "eps": 2.76
        },
        "2004": {
            "cash": 2,
            "stock": 0,
            "eps": 2.97
        },
        "2005": {
            "cash": 2.2,
            "stock": 0.2,
            "eps": 3.29
        },
        "2006": {
            "cash": 2.5,
            "stock": 0.1,
            "eps": 3.96
        },
        "2007": {
            "cash": 3,
            "stock": 0,
            "eps": 4.26
        },
        "2008": {
            "cash": 3.5,
            "stock": 0,
            "eps": 3.02
        },
        "2009": {
            "cash": 3,
            "stock": 0,
            "eps": 3.36
        },
        "2010": {
            "cash": 3,
            "stock": 0,
            "eps": 3.91
        },
        "2011": {
            "cash": 6.4,
            "stock": 0,
            "eps": 4.02
        },
        "2012": {
            "cash": 0,
            "stock": 0,
            "eps": 4.32
        },
        "2013": {
            "cash": 3.4,
            "stock": 0,
            "eps": 4.53
        },
        "2014": {
            "cash": 3.5,
            "stock": 0.15,
            "eps": 4.75
        },
        "2015": {
            "cash": 4,
            "stock": 0,
            "eps": 4.74
        },
        "2016": {
            "cash": 4,
            "stock": 0,
            "eps": 1.41
        },
        "2017": {
            "cash": 3.5,
            "stock": 0,
            "eps": 5
        },
        "2018": {
            "cash": 4,
            "stock": 0,
            "eps": 4.64
        },
        "2019": {
            "cash": 4,
            "stock": 0,
            "eps": 4.85
        },
        "2020": {
            "cash": 4,
            "stock": 0,
            "eps": 5.41
        },
        "2021": {
            "cash": 5,
            "stock": 0,
            "eps": 5.74
        },
        "2022": {
            "cash": 5,
            "stock": 0,
            "eps": 5.86
        },
        "2023": {
            "cash": 10,
            "stock": 0,
            "eps": 4.31
        }
    },
    "dividends": {
        "1991-04-25": {
            "cash": 0,
            "stock": 5.05
        },
        "1992-04-30": {
            "cash": 0,
            "stock": 3.5
        },
        "1993-03-30": {
            "cash": 0,
            "stock": 2.7
        },
        "1994-04-29": {
            "cash": 0.5,
            "stock": 2.5
        },
        "1995-04-29": {
            "cash": 0,
            "stock": 3
        },
        "1996-04-20": {
            "cash": 0,
            "stock": 3
        },
        "1997-05-24": {
            "cash": 0,
            "stock": 3
        },
        "1998-04-30": {
            "cash": 0,
            "stock": 3
        },
        "1999-04-30": {
            "cash": 0.8,
            "stock": 1.2
        },
        "2000-05-19": {
            "cash": 0.5,
            "stock": 1.7
        },
        "2001-05-10": {
            "cash": 1,
            "stock": 1
        },
        "2002-06-19": {
            "cash": 1.5,
            "stock": 0.5
        },
        "2003-03-24": {
            "cash": 1.6,
            "stock": 0.4
        },
        "2004-03-18": {
            "cash": 2,
            "stock": 0
        },
        "2005-03-25": {
            "cash": 2.2,
            "stock": 0.2
        },
        "2006-03-24": {
            "cash": 2.5,
            "stock": 0.1
        },
        "2007-03-29": {
            "cash": 3,
            "stock": 0
        },
        "2008-03-20": {
            "cash": 3.5,
            "stock": 0
        },
        "2009-03-25": {
            "cash": 3,
            "stock": 0
        },
        "2010-03-25": {
            "cash": 3,
            "stock": 0
        },
        "2011-01-01": {
            "cash": 3.3,
            "stock": 0
        },
        "2011-03-25": {
            "cash": 3.1,
            "stock": 0
        },
        "2013-03-22": {
            "cash": 3.4,
            "stock": 0
        },
        "2014-10-08": {
            "cash": 3.5,
            "stock": 0.15
        },
        "2015-08-20": {
            "cash": 4,
            "stock": 0
        },
        "2016-08-19": {
            "cash": 4,
            "stock": 0
        },
        "2017-08-21": {
            "cash": 3.5,
            "stock": 0
        },
        "2018-08-24": {
            "cash": 4,
            "stock": 0
        },
        "2019-08-20": {
            "cash": 4,
            "stock": 0
        },
        "2020-08-20": {
            "cash": 4,
            "stock": 0
        },
        "2021-08-20": {
            "cash": 5,
            "stock": 0
        },
        "2022-07-15": {
            "cash": 5,
            "stock": 0
        },
        "2023-03-14": {
            "cash": 5,
            "stock": 0
        },
        "2023-07-14": {
            "cash": 5,
            "stock": 0
        }
    },
    "prices": {
        "200101": "32.02",
        "200102": "34.59",
        "200103": "37.51",
        "200104": "36.88",
        "200105": "34.75",
        "200106": "30.60",
        "200107": "29.70",
        "200108": "30.48",
        "200109": "28.28",
        "200110": "28.39",
        "200111": "28.88",
        "200112": "32.81",
        "200201": "33.56",
        "200202": "31.81",
        "200203": "32.25",
        "200204": "32.69",
        "200205": "30.37",
        "200206": "30.68",
        "200207": "29.75",
        "200208": "26.10",
        "200209": "23.01",
        "200210": "24.60",
        "200211": "27.47",
        "200212": "26.87",
        "200301": "28.33",
        "200302": "28.23",
        "200303": "27.67",
        "200304": "27.77",
        "200305": "27.37",
        "200306": "28.96",
        "200307": "29.01",
        "200308": "26.61",
        "200309": "25.26",
        "200310": "28.61",
        "200311": "30.64",
        "200312": "30.32",
        "200401": "31.76",
        "200402": "33.74",
        "200403": "35.20",
        "200404": "33.99",
        "200405": "31.75",
        "200406": "33.77",
        "200407": "31.34",
        "200408": "32.00",
        "200409": "36.21",
        "200410": "36.90",
        "200411": "38.28",
        "200412": "37.97",
        "200501": "38.66",
        "200502": "40.08",
        "200503": "47.41",
        "200504": "47.05",
        "200505": "47.48",
        "200506": "47.61",
        "200507": "49.73",
        "200508": "46.34",
        "200509": "45.95",
        "200510": "45.93",
        "200511": "47.73",
        "200512": "49.52",
        "200601": "50.74",
        "200602": "52.80",
        "200603": "51.44",
        "200604": "49.42",
        "200605": "56.83",
        "200606": "54.03",
        "200607": "56.23",
        "200608": "57.07",
        "200609": "56.03",
        "200610": "54.44",
        "200611": "54.78",
        "200612": "56.11",
        "200701": "58.22",
        "200702": "55.09",
        "200703": "52.87",
        "200704": "55.02",
        "200705": "58.36",
        "200706": "56.56",
        "200707": "55.18",
        "200708": "51.78",
        "200709": "53.99",
        "200710": "51.19",
        "200711": "50.92",
        "200712": "49.97",
        "200801": "50.79",
        "200802": "53.34",
        "200803": "58.78",
        "200804": "66.13",
        "200805": "67.67",
        "200806": "59.42",
        "200807": "53.33",
        "200808": "53.30",
        "200809": "50.35",
        "200810": "41.95",
        "200811": "44.10",
        "200812": "44.65",
        "200901": "42.94",
        "200902": "45.26",
        "200903": "45.51",
        "200904": "47.37",
        "200905": "50.02",
        "200906": "50.23",
        "200907": "50.50",
        "200908": "48.81",
        "200909": "50.15",
        "200910": "50.40",
        "200911": "49.79",
        "200912": "50.36",
        "201001": "54.90",
        "201002": "51.14",
        "201003": "50.57",
        "201004": "51.49",
        "201005": "50.46",
        "201006": "50.75",
        "201007": "50.03",
        "201008": "50.69",
        "201009": "52.22",
        "201010": "54.28",
        "201011": "54.43",
        "201012": "54.72",
        "201101": "54.34",
        "201102": "53.78",
        "201103": "53.39",
        "201104": "54.39",
        "201105": "56.58",
        "201106": "56.87",
        "201107": "54.51",
        "201108": "52.61",
        "201109": "53.13",
        "201110": "54.63",
        "201111": "54.54",
        "201112": "55.82",
        "201201": "55.35",
        "201202": "58.30",
        "201203": "60.01",
        "201204": "60.39",
        "201205": "62.64",
        "201206": "63.98",
        "201207": "62.60",
        "201208": "60.79",
        "201209": "63.09",
        "201210": "63.91",
        "201211": "61.98",
        "201212": "64.65",
        "201301": "64.76",
        "201302": "66.85",
        "201303": "67.18",
        "201304": "69.68",
        "201305": "73.11",
        "201306": "71.18",
        "201307": "68.68",
        "201308": "69.42",
        "201309": "70.32",
        "201310": "71.14",
        "201311": "70.85",
        "201312": "74.88",
        "201401": "75.99",
        "201402": "76.42",
        "201403": "76.73",
        "201404": "77.98",
        "201405": "76.35",
        "201406": "77.14",
        "201407": "79.22",
        "201408": "84.55",
        "201409": "83.95",
        "201410": "81.66",
        "201411": "80.12",
        "201412": "81.13",
        "201501": "81.96",
        "201502": "82.78",
        "201503": "84.04",
        "201504": "90.12",
        "201505": "90.74",
        "201506": "93.39",
        "201507": "92.88",
        "201508": "91.20",
        "201509": "91.30",
        "201510": "94.93",
        "201511": "98.35",
        "201512": "93.17",
        "201601": "92.60",
        "201602": "93.64",
        "201603": "92.70",
        "201604": "91.85",
        "201605": "90.75",
        "201606": "90.40",
        "201607": "94.02",
        "201608": "92.87",
        "201609": "91.89",
        "201610": "91.10",
        "201611": "89.65",
        "201612": "87.12",
        "201701": "87.50",
        "201702": "89.43",
        "201703": "90.30",
        "201704": "89.03",
        "201705": "89.00",
        "201706": "89.93",
        "201707": "91.70",
        "201708": "88.69",
        "201709": "89.24",
        "201710": "88.91",
        "201711": "89.10",
        "201712": "90.67",
        "201801": "91.40",
        "201802": "89.98",
        "201803": "90.10",
        "201804": "89.47",
        "201805": "89.15",
        "201806": "89.36",
        "201807": "89.20",
        "201808": "87.39",
        "201809": "87.98",
        "201810": "86.50",
        "201811": "86.72",
        "201812": "86.55",
        "201901": "86.43",
        "201902": "86.54",
        "201903": "86.26",
        "201904": "86.60",
        "201905": "87.65",
        "201906": "88.71",
        "201907": "88.23",
        "201908": "86.31",
        "201909": "87.60",
        "201910": "86.80",
        "201911": "87.43",
        "201912": "88.19",
        "202001": "87.71",
        "202002": "88.93",
        "202003": "84.10",
        "202004": "85.36",
        "202005": "86.23",
        "202006": "86.98",
        "202007": "87.63",
        "202008": "85.74",
        "202009": "85.50",
        "202010": "86.78",
        "202011": "88.98",
        "202012": "87.71",
        "202101": "87.50",
        "202102": "87.37",
        "202103": "89.46",
        "202104": "93.53",
        "202105": "92.48",
        "202106": "93.00",
        "202107": "95.28",
        "202108": "95.45",
        "202109": "98.20",
        "202110": "98.78",
        "202111": "103.68",
        "202112": "103.02",
        "202201": "102.17",
        "202202": "102.40",
        "202203": "104.78",
        "202204": "110.76",
        "202205": "107.12",
        "202206": "105.36",
        "202207": "102.31",
        "202208": "103.37",
        "202209": "100.52",
        "202210": "95.36",
        "202211": "97.49",
        "202212": "99.14",
        "202301": "99.61",
        "202302": "100.46",
        "202303": "102.46",
        "202304": "105.85",
        "202305": "112.84",
        "202306": "116.22",
        "202307": "110.33",
        "202308": "107.77",
        "202309": "105.95",
        "202310": "113.72",
        "202311": "120.11",
        "202312": "119.55"
    },
    "quarters": {
        "20011": {
            "year_quarter": 20011,
            "year": 2001,
            "quarter": 1,
            "eps": 0.67,
            "eps_growth_year": -22.99,
            "eps_4q": 2.23,
            "eps_4q_growth_year": -29.49,
            "roe": 3.94,
            "roe_4q": 3.94,
            "gross_profit": 520043,
            "gross_margin": 50.32,
            "gross_margin_4q_avg": 50.32,
            "net_income": 255097,
            "net_income_4q": null,
            "revenue": 1033417,
            "revenue_4q": null,
            "common_shares": 3789193,
            "book_valuer_per_share": 17.42,
            "book_valuer_per_share_4q_avg": 17.42,
            "equity": 6601346,
            "current_ratio": 58.38,
            "debt_ratio": 25.72,
            "inventory_turnover_ratio": 11.65,
            "account_receivable_turnover_ratio": null,
            "reinvestment_rate": null,
            "research_to_sale_ratio": null,
            "price_fair": 0,
            "eps_avg_yearly": 0,
            "eps_latest_yearly": 0,
            "eps_growth_yearly": 0
        },
        "20012": {
            "year_quarter": 20012,
            "year": 2001,
            "quarter": 2,
            "eps": 0.57,
            "eps_growth_year": -13.64,
            "eps_4q": 2.22,
            "eps_4q_growth_year": -27.03,
            "roe": 3.35,
            "roe_4q": 7.29,
            "gross_profit": 522466,
            "gross_margin": 49.54,
            "gross_margin_4q_avg": 49.93,
            "net_income": 216491,
            "net_income_4q": null,
            "revenue": 1054571,
            "revenue_4q": null,
            "common_shares": 3789193,
            "book_valuer_per_share": 16.68,
            "book_valuer_per_share_4q_avg": 17.05,
            "equity": 6320770,
            "current_ratio": 48.44,
            "debt_ratio": 27.8,
            "inventory_turnover_ratio": 14,
            "account_receivable_turnover_ratio": null,
            "reinvestment_rate": null,
            "research_to_sale_ratio": null,
            "price_fair": 0,
            "eps_avg_yearly": 0,
            "eps_latest_yearly": 0,
            "eps_growth_yearly": 0
        },
        "20013": {
            "year_quarter": 20013,
            "year": 2001,
            "quarter": 3,
            "eps": 3.66,
            "eps_growth_year": 1009.09,
            "eps_4q": 5.39,
            "eps_4q_growth_year": 122.29,
            "roe": 22,
            "roe_4q": 29.290000000000003,
            "gross_profit": 523783,
            "gross_margin": 50.22,
            "gross_margin_4q_avg": 50.03,
            "net_income": 1515370,
            "net_income_4q": null,
            "revenue": 1042940,
            "revenue_4q": null,
            "common_shares": 4168113,
            "book_valuer_per_share": 17.88,
            "book_valuer_per_share_4q_avg": 17.33,
            "equity": 7454471,
            "current_ratio": 71.87,
            "debt_ratio": 16.48,
            "inventory_turnover_ratio": 14.88,
            "account_receivable_turnover_ratio": null,
            "reinvestment_rate": null,
            "research_to_sale_ratio": null,
            "price_fair": 0,
            "eps_avg_yearly": 0,
            "eps_latest_yearly": 0,
            "eps_growth_yearly": 0
        },
        "20014": {
            "year_quarter": 20014,
            "year": 2001,
            "quarter": 4,
            "eps": -0.54,
            "eps_growth_year": -187.1,
            "eps_4q": 4.17,
            "eps_4q_growth_year": 84.15,
            "roe": -3.01,
            "roe_4q": 26.280000000000005,
            "gross_profit": 533233,
            "gross_margin": 50.36,
            "gross_margin_4q_avg": 50.11,
            "net_income": -220333,
            "net_income_4q": null,
            "revenue": 1058946,
            "revenue_4q": null,
            "common_shares": 4018113,
            "book_valuer_per_share": 17.48,
            "book_valuer_per_share_4q_avg": 17.37,
            "equity": 7184219,
            "current_ratio": 174.46,
            "debt_ratio": 22.71,
            "inventory_turnover_ratio": 9.23,
            "account_receivable_turnover_ratio": null,
            "reinvestment_rate": null,
            "research_to_sale_ratio": null,
            "price_fair": 0,
            "eps_avg_yearly": 0,
            "eps_latest_yearly": 0,
            "eps_growth_yearly": 0
        },
        "20021": {
            "year_quarter": 20021,
            "year": 2002,
            "quarter": 1,
            "eps": 0.59,
            "eps_growth_year": -11.94,
            "eps_4q": 4.35,
            "eps_4q_growth_year": 94.66,
            "roe": 3.31,
            "roe_4q": 25.650000000000002,
            "gross_profit": 515272,
            "gross_margin": 50.45,
            "gross_margin_4q_avg": 50.14,
            "net_income": 237351,
            "net_income_4q": null,
            "revenue": 1021298,
            "revenue_4q": null,
            "common_shares": 4018113,
            "book_valuer_per_share": 17.82,
            "book_valuer_per_share_4q_avg": 17.47,
            "equity": 7159320,
            "current_ratio": 100.46,
            "debt_ratio": 22.17,
            "inventory_turnover_ratio": 9.06,
            "account_receivable_turnover_ratio": null,
            "reinvestment_rate": null,
            "research_to_sale_ratio": null,
            "price_fair": 0,
            "eps_avg_yearly": 0,
            "eps_latest_yearly": 0,
            "eps_growth_yearly": 0
        },
        "20022": {
            "year_quarter": 20022,
            "year": 2002,
            "quarter": 2,
            "eps": 0.45,
            "eps_growth_year": -21.05,
            "eps_4q": 4.2,
            "eps_4q_growth_year": 89.06,
            "roe": 2.66,
            "roe_4q": 24.96,
            "gross_profit": 536511,
            "gross_margin": 49.78,
            "gross_margin_4q_avg": 50.2,
            "net_income": 184043,
            "net_income_4q": null,
            "revenue": 1077817,
            "revenue_4q": null,
            "common_shares": 4018113,
            "book_valuer_per_share": 16.64,
            "book_valuer_per_share_4q_avg": 17.46,
            "equity": 6685648,
            "current_ratio": 96.85,
            "debt_ratio": 30.21,
            "inventory_turnover_ratio": 18.24,
            "account_receivable_turnover_ratio": null,
            "reinvestment_rate": null,
            "research_to_sale_ratio": null,
            "price_fair": 5.4,
            "eps_avg_yearly": 1.8,
            "eps_latest_yearly": 1.8,
            "eps_growth_yearly": -94.92
        },
        "20023": {
            "year_quarter": 20023,
            "year": 2002,
            "quarter": 3,
            "eps": 0.61,
            "eps_growth_year": -83.33,
            "eps_4q": 1.11,
            "eps_4q_growth_year": -79.47,
            "roe": 3.63,
            "roe_4q": 6.59,
            "gross_profit": 548882,
            "gross_margin": 50.98,
            "gross_margin_4q_avg": 50.39,
            "net_income": 247243,
            "net_income_4q": null,
            "revenue": 1076757,
            "revenue_4q": null,
            "common_shares": 4219018,
            "book_valuer_per_share": 16.47,
            "book_valuer_per_share_4q_avg": 17.1,
            "equity": 6947731,
            "current_ratio": 106.04,
            "debt_ratio": 24.16,
            "inventory_turnover_ratio": 18.61,
            "account_receivable_turnover_ratio": null,
            "reinvestment_rate": null,
            "research_to_sale_ratio": null,
            "price_fair": 71.35,
            "eps_avg_yearly": 2.12,
            "eps_latest_yearly": 2.44,
            "eps_growth_yearly": 23.65
        },
        "20024": {
            "year_quarter": 20024,
            "year": 2002,
            "quarter": 4,
            "eps": 0.59,
            "eps_growth_year": null,
            "eps_4q": 2.24,
            "eps_4q_growth_year": -46.39,
            "roe": 3.43,
            "roe_4q": 13.030000000000001,
            "gross_profit": 562034,
            "gross_margin": 50.79,
            "gross_margin_4q_avg": 50.5,
            "net_income": 239744,
            "net_income_4q": null,
            "revenue": 1106511,
            "revenue_4q": null,
            "common_shares": 4219018,
            "book_valuer_per_share": 16.53,
            "book_valuer_per_share_4q_avg": 16.87,
            "equity": 7049680,
            "current_ratio": 144.79,
            "debt_ratio": 28.14,
            "inventory_turnover_ratio": 13.65,
            "account_receivable_turnover_ratio": null,
            "reinvestment_rate": 6.74,
            "research_to_sale_ratio": null,
            "price_fair": 47.07,
            "eps_avg_yearly": 2.2,
            "eps_latest_yearly": 2.36,
            "eps_growth_yearly": 11.4
        },
        "20031": {
            "year_quarter": 20031,
            "year": 2003,
            "quarter": 1,
            "eps": 0.64,
            "eps_growth_year": 8.47,
            "eps_4q": 2.32,
            "eps_4q_growth_year": -46.67,
            "roe": 3.58,
            "roe_4q": 13.3,
            "gross_profit": 560981,
            "gross_margin": 52.06,
            "gross_margin_4q_avg": 50.9,
            "net_income": 255899,
            "net_income_4q": null,
            "revenue": 1077625,
            "revenue_4q": null,
            "common_shares": 4149018,
            "book_valuer_per_share": 17.43,
            "book_valuer_per_share_4q_avg": 16.77,
            "equity": 7231478,
            "current_ratio": 118.36,
            "debt_ratio": 24.77,
            "inventory_turnover_ratio": 13.86,
            "account_receivable_turnover_ratio": null,
            "reinvestment_rate": 2.89,
            "research_to_sale_ratio": null,
            "price_fair": 61.88,
            "eps_avg_yearly": 2.29,
            "eps_latest_yearly": 2.56,
            "eps_growth_yearly": 17.02
        },
        "20032": {
            "year_quarter": 20032,
            "year": 2003,
            "quarter": 2,
            "eps": 0.65,
            "eps_growth_year": 44.44,
            "eps_4q": 2.49,
            "eps_4q_growth_year": -40.6,
            "roe": 3.74,
            "roe_4q": 14.379999999999999,
            "gross_profit": 575496,
            "gross_margin": 51.61,
            "gross_margin_4q_avg": 51.36,
            "net_income": 262006,
            "net_income_4q": null,
            "revenue": 1115061,
            "revenue_4q": null,
            "common_shares": 4149018,
            "book_valuer_per_share": 16.35,
            "book_valuer_per_share_4q_avg": 16.7,
            "equity": 6785351,
            "current_ratio": 94.7,
            "debt_ratio": 32.12,
            "inventory_turnover_ratio": 21.68,
            "account_receivable_turnover_ratio": null,
            "reinvestment_rate": 2.85,
            "research_to_sale_ratio": null,
            "price_fair": 58.49,
            "eps_avg_yearly": 2.35,
            "eps_latest_yearly": 2.6,
            "eps_growth_yearly": 14.87
        },
        "20033": {
            "year_quarter": 20033,
            "year": 2003,
            "quarter": 3,
            "eps": 0.71,
            "eps_growth_year": 16.39,
            "eps_4q": 2.54,
            "eps_4q_growth_year": 129.21,
            "roe": 4.25,
            "roe_4q": 15,
            "gross_profit": 590951,
            "gross_margin": 51.72,
            "gross_margin_4q_avg": 51.55,
            "net_income": 294731,
            "net_income_4q": null,
            "revenue": 1142668,
            "revenue_4q": null,
            "common_shares": 4314979,
            "book_valuer_per_share": 16.41,
            "book_valuer_per_share_4q_avg": 16.68,
            "equity": 7080083,
            "current_ratio": 102.35,
            "debt_ratio": 29.57,
            "inventory_turnover_ratio": 23.28,
            "account_receivable_turnover_ratio": null,
            "reinvestment_rate": 2.89,
            "research_to_sale_ratio": null,
            "price_fair": 69.46,
            "eps_avg_yearly": 2.43,
            "eps_latest_yearly": 2.84,
            "eps_growth_yearly": 18.54
        },
        "20034": {
            "year_quarter": 20034,
            "year": 2003,
            "quarter": 4,
            "eps": 0.76,
            "eps_growth_year": 28.81,
            "eps_4q": 2.72,
            "eps_4q_growth_year": 21.52,
            "roe": 4.33,
            "roe_4q": 15.9,
            "gross_profit": 612571,
            "gross_margin": 51.6,
            "gross_margin_4q_avg": 51.75,
            "net_income": 315640,
            "net_income_4q": null,
            "revenue": 1187212,
            "revenue_4q": null,
            "common_shares": 4314979,
            "book_valuer_per_share": 17.16,
            "book_valuer_per_share_4q_avg": 16.84,
            "equity": 7493435,
            "current_ratio": 143.04,
            "debt_ratio": 32,
            "inventory_turnover_ratio": 13.73,
            "account_receivable_turnover_ratio": null,
            "reinvestment_rate": 9.32,
            "research_to_sale_ratio": null,
            "price_fair": 75.4,
            "eps_avg_yearly": 2.52,
            "eps_latest_yearly": 3.04,
            "eps_growth_yearly": 19.92
        },
        "20041": {
            "year_quarter": 20041,
            "year": 2004,
            "quarter": 1,
            "eps": 0.74,
            "eps_growth_year": 15.62,
            "eps_4q": 2.85,
            "eps_4q_growth_year": 22.8,
            "roe": 4.03,
            "roe_4q": 16.35,
            "gross_profit": 614752,
            "gross_margin": 53.08,
            "gross_margin_4q_avg": 52,
            "net_income": 306409,
            "net_income_4q": null,
            "revenue": 1158204,
            "revenue_4q": null,
            "common_shares": 4314979,
            "book_valuer_per_share": 17.89,
            "book_valuer_per_share_4q_avg": 16.95,
            "equity": 7718066,
            "current_ratio": 115.17,
            "debt_ratio": 28.88,
            "inventory_turnover_ratio": 10.59,
            "account_receivable_turnover_ratio": null,
            "reinvestment_rate": 3.46,
            "research_to_sale_ratio": null,
            "price_fair": 67.24,
            "eps_avg_yearly": 2.58,
            "eps_latest_yearly": 2.96,
            "eps_growth_yearly": 16.11
        },
        "20042": {
            "year_quarter": 20042,
            "year": 2004,
            "quarter": 2,
            "eps": 0.82,
            "eps_growth_year": 26.15,
            "eps_4q": 3.02,
            "eps_4q_growth_year": 21.26,
            "roe": 4.6,
            "roe_4q": 17.21,
            "gross_profit": 634268,
            "gross_margin": 52.49,
            "gross_margin_4q_avg": 52.22,
            "net_income": 341249,
            "net_income_4q": null,
            "revenue": 1208291,
            "revenue_4q": null,
            "common_shares": 4314979,
            "book_valuer_per_share": 16.53,
            "book_valuer_per_share_4q_avg": 17,
            "equity": 7132085,
            "current_ratio": 97.51,
            "debt_ratio": 32.44,
            "inventory_turnover_ratio": 15.03,
            "account_receivable_turnover_ratio": null,
            "reinvestment_rate": 3.16,
            "research_to_sale_ratio": null,
            "price_fair": 77.29,
            "eps_avg_yearly": 2.65,
            "eps_latest_yearly": 3.28,
            "eps_growth_yearly": 19.13
        },
        "20043": {
            "year_quarter": 20043,
            "year": 2004,
            "quarter": 3,
            "eps": 0.72,
            "eps_growth_year": 1.41,
            "eps_4q": 3.04,
            "eps_4q_growth_year": 19.76,
            "roe": 4.11,
            "roe_4q": 17.07,
            "gross_profit": 644928,
            "gross_margin": 52.58,
            "gross_margin_4q_avg": 52.44,
            "net_income": 299449,
            "net_income_4q": null,
            "revenue": 1226640,
            "revenue_4q": null,
            "common_shares": 4314979,
            "book_valuer_per_share": 17.22,
            "book_valuer_per_share_4q_avg": 17.2,
            "equity": 7430722,
            "current_ratio": 118.11,
            "debt_ratio": 25.11,
            "inventory_turnover_ratio": 17.11,
            "account_receivable_turnover_ratio": null,
            "reinvestment_rate": 2.65,
            "research_to_sale_ratio": null,
            "price_fair": 59.77,
            "eps_avg_yearly": 2.68,
            "eps_latest_yearly": 2.88,
            "eps_growth_yearly": 12.34
        },
        "20044": {
            "year_quarter": 20044,
            "year": 2004,
            "quarter": 4,
            "eps": 0.69,
            "eps_growth_year": -9.21,
            "eps_4q": 2.95,
            "eps_4q_growth_year": 8.58,
            "roe": 3.78,
            "roe_4q": 16.52,
            "gross_profit": 671216,
            "gross_margin": 50.39,
            "gross_margin_4q_avg": 52.14,
            "net_income": 289203,
            "net_income_4q": null,
            "revenue": 1332044,
            "revenue_4q": null,
            "common_shares": 4314979,
            "book_valuer_per_share": 18.02,
            "book_valuer_per_share_4q_avg": 17.42,
            "equity": 7871285,
            "current_ratio": 140.03,
            "debt_ratio": 30.82,
            "inventory_turnover_ratio": 14.17,
            "account_receivable_turnover_ratio": null,
            "reinvestment_rate": 6.54,
            "research_to_sale_ratio": null,
            "price_fair": 52.87,
            "eps_avg_yearly": 2.68,
            "eps_latest_yearly": 2.76,
            "eps_growth_yearly": 9.7
        },
        "20051": {
            "year_quarter": 20051,
            "year": 2005,
            "quarter": 1,
            "eps": 0.76,
            "eps_growth_year": 2.7,
            "eps_4q": 2.99,
            "eps_4q_growth_year": 5.06,
            "roe": 3.97,
            "roe_4q": 16.46,
            "gross_profit": 679390,
            "gross_margin": 53.6,
            "gross_margin_4q_avg": 52.27,
            "net_income": 316806,
            "net_income_4q": null,
            "revenue": 1267471,
            "revenue_4q": null,
            "common_shares": 4314979,
            "book_valuer_per_share": 18.71,
            "book_valuer_per_share_4q_avg": 17.62,
            "equity": 8074286,
            "current_ratio": 133.74,
            "debt_ratio": 23.4,
            "inventory_turnover_ratio": 11.91,
            "account_receivable_turnover_ratio": null,
            "reinvestment_rate": 3.99,
            "research_to_sale_ratio": null,
            "price_fair": 60.44,
            "eps_avg_yearly": 2.71,
            "eps_latest_yearly": 3.04,
            "eps_growth_yearly": 12.27
        },
        "20052": {
            "year_quarter": 20052,
            "year": 2005,
            "quarter": 2,
            "eps": 0.9,
            "eps_growth_year": 9.76,
            "eps_4q": 3.06,
            "eps_4q_growth_year": 1.21,
            "roe": 4.84,
            "roe_4q": 16.7,
            "gross_profit": 693927,
            "gross_margin": 53.32,
            "gross_margin_4q_avg": 52.47,
            "net_income": 377363,
            "net_income_4q": null,
            "revenue": 1301323,
            "revenue_4q": null,
            "common_shares": 4314979,
            "book_valuer_per_share": 17.46,
            "book_valuer_per_share_4q_avg": 17.85,
            "equity": 7532557,
            "current_ratio": 95.82,
            "debt_ratio": 30.06,
            "inventory_turnover_ratio": 15.23,
            "account_receivable_turnover_ratio": null,
            "reinvestment_rate": 5.04,
            "research_to_sale_ratio": null,
            "price_fair": 75.09,
            "eps_avg_yearly": 2.78,
            "eps_latest_yearly": 3.6,
            "eps_growth_yearly": 17
        },
        "20053": {
            "year_quarter": 20053,
            "year": 2005,
            "quarter": 3,
            "eps": 0.81,
            "eps_growth_year": 12.5,
            "eps_4q": 3.13,
            "eps_4q_growth_year": 3.03,
            "roe": 4.46,
            "roe_4q": 17.05,
            "gross_profit": 705829,
            "gross_margin": 53.46,
            "gross_margin_4q_avg": 52.69,
            "net_income": 343588,
            "net_income_4q": null,
            "revenue": 1320201,
            "revenue_4q": null,
            "common_shares": 4401279,
            "book_valuer_per_share": 17.9,
            "book_valuer_per_share_4q_avg": 18.02,
            "equity": 7876144,
            "current_ratio": 121.51,
            "debt_ratio": 22.36,
            "inventory_turnover_ratio": 13.29,
            "account_receivable_turnover_ratio": null,
            "reinvestment_rate": 6.89,
            "research_to_sale_ratio": null,
            "price_fair": 64.52,
            "eps_avg_yearly": 2.81,
            "eps_latest_yearly": 3.24,
            "eps_growth_yearly": 12.93
        },
        "20054": {
            "year_quarter": 20054,
            "year": 2005,
            "quarter": 4,
            "eps": 0.82,
            "eps_growth_year": 18.84,
            "eps_4q": 3.24,
            "eps_4q_growth_year": 10.01,
            "roe": 4.29,
            "roe_4q": 17.56,
            "gross_profit": 716946,
            "gross_margin": 51.47,
            "gross_margin_4q_avg": 52.96,
            "net_income": 350942,
            "net_income_4q": null,
            "revenue": 1393001,
            "revenue_4q": null,
            "common_shares": 4401279,
            "book_valuer_per_share": 18.72,
            "book_valuer_per_share_4q_avg": 18.2,
            "equity": 8482426,
            "current_ratio": 184.99,
            "debt_ratio": 26.71,
            "inventory_turnover_ratio": 9.47,
            "account_receivable_turnover_ratio": null,
            "reinvestment_rate": 16.95,
            "research_to_sale_ratio": null,
            "price_fair": 63.72,
            "eps_avg_yearly": 2.85,
            "eps_latest_yearly": 3.28,
            "eps_growth_yearly": 12.39
        },
        "20061": {
            "year_quarter": 20061,
            "year": 2006,
            "quarter": 1,
            "eps": 0.93,
            "eps_growth_year": 22.37,
            "eps_4q": 3.44,
            "eps_4q_growth_year": 15.14,
            "roe": 4.63,
            "roe_4q": 18.22,
            "gross_profit": 712560,
            "gross_margin": 51.19,
            "gross_margin_4q_avg": 52.36,
            "net_income": 396608,
            "net_income_4q": null,
            "revenue": 1392054,
            "revenue_4q": null,
            "common_shares": 4401279,
            "book_valuer_per_share": 19.62,
            "book_valuer_per_share_4q_avg": 18.43,
            "equity": 8637012,
            "current_ratio": 171.23,
            "debt_ratio": 18.28,
            "inventory_turnover_ratio": 9.59,
            "account_receivable_turnover_ratio": null,
            "reinvestment_rate": 7.38,
            "research_to_sale_ratio": null,
            "price_fair": 72.42,
            "eps_avg_yearly": 2.9,
            "eps_latest_yearly": 3.72,
            "eps_growth_yearly": 14.97
        },
        "20062": {
            "year_quarter": 20062,
            "year": 2006,
            "quarter": 2,
            "eps": 1.33,
            "eps_growth_year": 47.78,
            "eps_4q": 3.88,
            "eps_4q_growth_year": 26.81,
            "roe": 6.84,
            "roe_4q": 20.22,
            "gross_profit": 716022,
            "gross_margin": 52.1,
            "gross_margin_4q_avg": 52.06,
            "net_income": 569157,
            "net_income_4q": null,
            "revenue": 1374349,
            "revenue_4q": null,
            "common_shares": 4401279,
            "book_valuer_per_share": 18.21,
            "book_valuer_per_share_4q_avg": 18.61,
            "equity": 8016782,
            "current_ratio": 118.94,
            "debt_ratio": 28.04,
            "inventory_turnover_ratio": 13.56,
            "account_receivable_turnover_ratio": null,
            "reinvestment_rate": 8.64,
            "research_to_sale_ratio": null,
            "price_fair": 109.2,
            "eps_avg_yearly": 3.12,
            "eps_latest_yearly": 5.32,
            "eps_growth_yearly": 31.66
        },
        "20063": {
            "year_quarter": 20063,
            "year": 2006,
            "quarter": 3,
            "eps": 0.99,
            "eps_growth_year": 22.22,
            "eps_4q": 4.04,
            "eps_4q_growth_year": 29.11,
            "roe": 5.19,
            "roe_4q": 20.95,
            "gross_profit": 719353,
            "gross_margin": 52.46,
            "gross_margin_4q_avg": 51.81,
            "net_income": 427524,
            "net_income_4q": null,
            "revenue": 1371275,
            "revenue_4q": null,
            "common_shares": 4445292,
            "book_valuer_per_share": 19,
            "book_valuer_per_share_4q_avg": 18.89,
            "equity": 8444306,
            "current_ratio": 161.15,
            "debt_ratio": 21.01,
            "inventory_turnover_ratio": 12.54,
            "account_receivable_turnover_ratio": null,
            "reinvestment_rate": 9.77,
            "research_to_sale_ratio": null,
            "price_fair": 84.8,
            "eps_avg_yearly": 3.22,
            "eps_latest_yearly": 3.96,
            "eps_growth_yearly": 16.38
        },
        "20064": {
            "year_quarter": 20064,
            "year": 2006,
            "quarter": 4,
            "eps": 0.71,
            "eps_growth_year": -13.41,
            "eps_4q": 3.92,
            "eps_4q_growth_year": 20.93,
            "roe": 3.52,
            "roe_4q": 20.18,
            "gross_profit": 724325,
            "gross_margin": 50.93,
            "gross_margin_4q_avg": 51.67,
            "net_income": 307800,
            "net_income_4q": null,
            "revenue": 1422252,
            "revenue_4q": null,
            "common_shares": 4445292,
            "book_valuer_per_share": 19.86,
            "book_valuer_per_share_4q_avg": 19.17,
            "equity": 9036588,
            "current_ratio": 195.44,
            "debt_ratio": 27.81,
            "inventory_turnover_ratio": 9.85,
            "account_receivable_turnover_ratio": null,
            "reinvestment_rate": 13.81,
            "research_to_sale_ratio": null,
            "price_fair": 65.31,
            "eps_avg_yearly": 3.25,
            "eps_latest_yearly": 2.84,
            "eps_growth_yearly": 10.13
        },
        "20071": {
            "year_quarter": 20071,
            "year": 2007,
            "quarter": 1,
            "eps": 1,
            "eps_growth_year": 7.53,
            "eps_4q": 4.01,
            "eps_4q_growth_year": 16.52,
            "roe": 4.74,
            "roe_4q": 20.29,
            "gross_profit": 733468,
            "gross_margin": 52.25,
            "gross_margin_4q_avg": 51.94,
            "net_income": 433031,
            "net_income_4q": null,
            "revenue": 1403724,
            "revenue_4q": null,
            "common_shares": 4445292,
            "book_valuer_per_share": 20.76,
            "book_valuer_per_share_4q_avg": 19.46,
            "equity": 9230387,
            "current_ratio": 161.62,
            "debt_ratio": 20.05,
            "inventory_turnover_ratio": 9.97,
            "account_receivable_turnover_ratio": null,
            "reinvestment_rate": 7.4,
            "research_to_sale_ratio": null,
            "price_fair": 94.11,
            "eps_avg_yearly": 3.34,
            "eps_latest_yearly": 4,
            "eps_growth_yearly": 18.22
        },
        "20072": {
            "year_quarter": 20072,
            "year": 2007,
            "quarter": 2,
            "eps": 1.08,
            "eps_growth_year": -18.8,
            "eps_4q": 3.79,
            "eps_4q_growth_year": -2.37,
            "roe": 5.32,
            "roe_4q": 18.77,
            "gross_profit": 729899,
            "gross_margin": 51.87,
            "gross_margin_4q_avg": 51.88,
            "net_income": 465991,
            "net_income_4q": null,
            "revenue": 1407042,
            "revenue_4q": null,
            "common_shares": 4445292,
            "book_valuer_per_share": 18.64,
            "book_valuer_per_share_4q_avg": 19.57,
            "equity": 8285429,
            "current_ratio": 65.36,
            "debt_ratio": 30.82,
            "inventory_turnover_ratio": 13.67,
            "account_receivable_turnover_ratio": null,
            "reinvestment_rate": 0.9,
            "research_to_sale_ratio": null,
            "price_fair": 102.69,
            "eps_avg_yearly": 3.44,
            "eps_latest_yearly": 4.32,
            "eps_growth_yearly": 19.83
        },
        "20073": {
            "year_quarter": 20073,
            "year": 2007,
            "quarter": 3,
            "eps": 1.15,
            "eps_growth_year": 16.16,
            "eps_4q": 3.94,
            "eps_4q_growth_year": -2.37,
            "roe": 5.84,
            "roe_4q": 19.42,
            "gross_profit": 729615,
            "gross_margin": 51.14,
            "gross_margin_4q_avg": 51.55,
            "net_income": 496848,
            "net_income_4q": null,
            "revenue": 1426697,
            "revenue_4q": null,
            "common_shares": 4445292,
            "book_valuer_per_share": 19.63,
            "book_valuer_per_share_4q_avg": 19.72,
            "equity": 8726275,
            "current_ratio": 79.82,
            "debt_ratio": 25.4,
            "inventory_turnover_ratio": 13.08,
            "account_receivable_turnover_ratio": null,
            "reinvestment_rate": -0.48,
            "research_to_sale_ratio": null,
            "price_fair": 103.52,
            "eps_avg_yearly": 3.55,
            "eps_latest_yearly": 4.6,
            "eps_growth_yearly": 19.14
        },
        "20074": {
            "year_quarter": 20074,
            "year": 2007,
            "quarter": 4,
            "eps": 1.03,
            "eps_growth_year": 45.07,
            "eps_4q": 4.25,
            "eps_4q_growth_year": 8.33,
            "roe": 4.82,
            "roe_4q": 20.72,
            "gross_profit": 745879,
            "gross_margin": 50.32,
            "gross_margin_4q_avg": 51.4,
            "net_income": 446402,
            "net_income_4q": null,
            "revenue": 1482180,
            "revenue_4q": null,
            "common_shares": 4445292,
            "book_valuer_per_share": 20.68,
            "book_valuer_per_share_4q_avg": 19.93,
            "equity": 9777705,
            "current_ratio": 139.29,
            "debt_ratio": 33.37,
            "inventory_turnover_ratio": 1.88,
            "account_receivable_turnover_ratio": null,
            "reinvestment_rate": 14.48,
            "research_to_sale_ratio": null,
            "price_fair": 89.68,
            "eps_avg_yearly": 3.62,
            "eps_latest_yearly": 4.12,
            "eps_growth_yearly": 14.77
        },
        "20081": {
            "year_quarter": 20081,
            "year": 2008,
            "quarter": 1,
            "eps": 1.01,
            "eps_growth_year": 1,
            "eps_4q": 4.25,
            "eps_4q_growth_year": 5.8,
            "roe": 4.39,
            "roe_4q": 20.37,
            "gross_profit": 1346008,
            "gross_margin": 43.98,
            "gross_margin_4q_avg": 49.33,
            "net_income": 439634,
            "net_income_4q": null,
            "revenue": 3060221,
            "revenue_4q": null,
            "common_shares": 4445292,
            "book_valuer_per_share": 21.76,
            "book_valuer_per_share_4q_avg": 20.18,
            "equity": 10238903,
            "current_ratio": 150.66,
            "debt_ratio": 31.89,
            "inventory_turnover_ratio": 2.2,
            "account_receivable_turnover_ratio": null,
            "reinvestment_rate": 19.1,
            "research_to_sale_ratio": null,
            "price_fair": 91.98,
            "eps_avg_yearly": 3.69,
            "eps_latest_yearly": 4.04,
            "eps_growth_yearly": 14.94
        },
        "20082": {
            "year_quarter": 20082,
            "year": 2008,
            "quarter": 2,
            "eps": 0.93,
            "eps_growth_year": -13.89,
            "eps_4q": 4.32,
            "eps_4q_growth_year": 14.01,
            "roe": 4,
            "roe_4q": 19.05,
            "gross_profit": 1249839,
            "gross_margin": 42.08,
            "gross_margin_4q_avg": 46.88,
            "net_income": 384286,
            "net_income_4q": null,
            "revenue": 2970493,
            "revenue_4q": null,
            "common_shares": 4445292,
            "book_valuer_per_share": 18.9,
            "book_valuer_per_share_4q_avg": 20.24,
            "equity": 8958226,
            "current_ratio": 108.61,
            "debt_ratio": 41.72,
            "inventory_turnover_ratio": 2.09,
            "account_receivable_turnover_ratio": null,
            "reinvestment_rate": 19.53,
            "research_to_sale_ratio": null,
            "price_fair": 75.27,
            "eps_avg_yearly": 3.72,
            "eps_latest_yearly": 3.72,
            "eps_growth_yearly": 10.26
        },
        "20083": {
            "year_quarter": 20083,
            "year": 2008,
            "quarter": 3,
            "eps": 0.57,
            "eps_growth_year": -50.43,
            "eps_4q": 3.91,
            "eps_4q_growth_year": -0.8,
            "roe": 2.47,
            "roe_4q": 15.68,
            "gross_profit": 1328569,
            "gross_margin": 44.28,
            "gross_margin_4q_avg": 45.17,
            "net_income": 223828,
            "net_income_4q": null,
            "revenue": 3000404,
            "revenue_4q": null,
            "common_shares": 4445292,
            "book_valuer_per_share": 19.38,
            "book_valuer_per_share_4q_avg": 20.18,
            "equity": 9148029,
            "current_ratio": 119.08,
            "debt_ratio": 36.53,
            "inventory_turnover_ratio": 2.15,
            "account_receivable_turnover_ratio": null,
            "reinvestment_rate": 21.34,
            "research_to_sale_ratio": null,
            "price_fair": 50.14,
            "eps_avg_yearly": 3.68,
            "eps_latest_yearly": 2.28,
            "eps_growth_yearly": 3.63
        },
        "20084": {
            "year_quarter": 20084,
            "year": 2008,
            "quarter": 4,
            "eps": 0.51,
            "eps_growth_year": -50.49,
            "eps_4q": 3.63,
            "eps_4q_growth_year": -14.5,
            "roe": 2,
            "roe_4q": 12.86,
            "gross_profit": 1383225,
            "gross_margin": 48.68,
            "gross_margin_4q_avg": 44.76,
            "net_income": 183999,
            "net_income_4q": null,
            "revenue": 2841537,
            "revenue_4q": null,
            "common_shares": 4445292,
            "book_valuer_per_share": 19.84,
            "book_valuer_per_share_4q_avg": 19.97,
            "equity": 9243690,
            "current_ratio": 120.74,
            "debt_ratio": 35.72,
            "inventory_turnover_ratio": 2.09,
            "account_receivable_turnover_ratio": 5.82,
            "reinvestment_rate": 14.8,
            "research_to_sale_ratio": null,
            "price_fair": 43.75,
            "eps_avg_yearly": 3.63,
            "eps_latest_yearly": 2.04,
            "eps_growth_yearly": 2.04
        },
        "20091": {
            "year_quarter": 20091,
            "year": 2009,
            "quarter": 1,
            "eps": 0.88,
            "eps_growth_year": -12.87,
            "eps_4q": 2.92,
            "eps_4q_growth_year": -31.2,
            "roe": 4,
            "roe_4q": 12.47,
            "gross_profit": 1248996,
            "gross_margin": 44.48,
            "gross_margin_4q_avg": 44.88,
            "net_income": 377546,
            "net_income_4q": null,
            "revenue": 2808045,
            "revenue_4q": null,
            "common_shares": 4445292,
            "book_valuer_per_share": 20.65,
            "book_valuer_per_share_4q_avg": 19.69,
            "equity": 9610184,
            "current_ratio": 130.87,
            "debt_ratio": 34.8,
            "inventory_turnover_ratio": 2.2,
            "account_receivable_turnover_ratio": 2.83,
            "reinvestment_rate": 18.17,
            "research_to_sale_ratio": null,
            "price_fair": 101.25,
            "eps_avg_yearly": 3.66,
            "eps_latest_yearly": 3.52,
            "eps_growth_yearly": 17.64
        },
        "20092": {
            "year_quarter": 20092,
            "year": 2009,
            "quarter": 2,
            "eps": 0.88,
            "eps_growth_year": -5.38,
            "eps_4q": 2.8,
            "eps_4q_growth_year": -35.19,
            "roe": 4.24,
            "roe_4q": 12.71,
            "gross_profit": 1117115,
            "gross_margin": 44.62,
            "gross_margin_4q_avg": 45.52,
            "net_income": 387709,
            "net_income_4q": null,
            "revenue": 2503374,
            "revenue_4q": null,
            "common_shares": 4445292,
            "book_valuer_per_share": 18.53,
            "book_valuer_per_share_4q_avg": 19.6,
            "equity": 8659298,
            "current_ratio": 108.64,
            "debt_ratio": 40.24,
            "inventory_turnover_ratio": 1.86,
            "account_receivable_turnover_ratio": 2.54,
            "reinvestment_rate": 15.86,
            "research_to_sale_ratio": null,
            "price_fair": 84.26,
            "eps_avg_yearly": 3.66,
            "eps_latest_yearly": 3.52,
            "eps_growth_yearly": 13.04
        },
        "20093": {
            "year_quarter": 20093,
            "year": 2009,
            "quarter": 3,
            "eps": 0.85,
            "eps_growth_year": 49.12,
            "eps_4q": 3.17,
            "eps_4q_growth_year": -18.88,
            "roe": 4.11,
            "roe_4q": 14.350000000000001,
            "gross_profit": 1263398,
            "gross_margin": 43.14,
            "gross_margin_4q_avg": 45.23,
            "net_income": 362843,
            "net_income_4q": null,
            "revenue": 2928706,
            "revenue_4q": null,
            "common_shares": 4445292,
            "book_valuer_per_share": 19.38,
            "book_valuer_per_share_4q_avg": 19.6,
            "equity": 9013998,
            "current_ratio": 116.77,
            "debt_ratio": 35.53,
            "inventory_turnover_ratio": 2.47,
            "account_receivable_turnover_ratio": 3.06,
            "reinvestment_rate": 15.81,
            "research_to_sale_ratio": null,
            "price_fair": 90.54,
            "eps_avg_yearly": 3.67,
            "eps_latest_yearly": 3.4,
            "eps_growth_yearly": 14.69
        },
        "20094": {
            "year_quarter": 20094,
            "year": 2009,
            "quarter": 4,
            "eps": 0.75,
            "eps_growth_year": 47.06,
            "eps_4q": 3.36,
            "eps_4q_growth_year": -7.68,
            "roe": 3.43,
            "roe_4q": 15.780000000000001,
            "gross_profit": 1214194,
            "gross_margin": 41.35,
            "gross_margin_4q_avg": 43.4,
            "net_income": 312734,
            "net_income_4q": null,
            "revenue": 2936161,
            "revenue_4q": null,
            "common_shares": 4445292,
            "book_valuer_per_share": 20.34,
            "book_valuer_per_share_4q_avg": 19.73,
            "equity": 9236787,
            "current_ratio": 119.39,
            "debt_ratio": 36.09,
            "inventory_turnover_ratio": 2.88,
            "account_receivable_turnover_ratio": 6.38,
            "reinvestment_rate": 65.6,
            "research_to_sale_ratio": null,
            "price_fair": 78.24,
            "eps_avg_yearly": 3.65,
            "eps_latest_yearly": 3,
            "eps_growth_yearly": 11.44
        },
        "20101": {
            "year_quarter": 20101,
            "year": 2010,
            "quarter": 1,
            "eps": 0.95,
            "eps_growth_year": 7.95,
            "eps_4q": 3.43,
            "eps_4q_growth_year": 17.53,
            "roe": 4.42,
            "roe_4q": 16.200000000000003,
            "gross_profit": 1055371,
            "gross_margin": 40.62,
            "gross_margin_4q_avg": 42.43,
            "net_income": 415892,
            "net_income_4q": null,
            "revenue": 2598205,
            "revenue_4q": null,
            "common_shares": 4445292,
            "book_valuer_per_share": 21.24,
            "book_valuer_per_share_4q_avg": 19.87,
            "equity": 9602913,
            "current_ratio": 130.93,
            "debt_ratio": 33.64,
            "inventory_turnover_ratio": 2.59,
            "account_receivable_turnover_ratio": 2.83,
            "reinvestment_rate": 76.31,
            "research_to_sale_ratio": 1.76,
            "price_fair": 90.46,
            "eps_avg_yearly": 3.66,
            "eps_latest_yearly": 3.8,
            "eps_growth_yearly": 14.75
        },
        "20102": {
            "year_quarter": 20102,
            "year": 2010,
            "quarter": 2,
            "eps": 0.99,
            "eps_growth_year": 13.06,
            "eps_4q": 3.55,
            "eps_4q_growth_year": 26.7,
            "roe": 4.65,
            "roe_4q": 16.61,
            "gross_profit": 1253580,
            "gross_margin": 46.57,
            "gross_margin_4q_avg": 42.92,
            "net_income": 426635,
            "net_income_4q": null,
            "revenue": 2692004,
            "revenue_4q": null,
            "common_shares": 4445292,
            "book_valuer_per_share": 19.19,
            "book_valuer_per_share_4q_avg": 20.04,
            "equity": 8736177,
            "current_ratio": 110.63,
            "debt_ratio": 39.45,
            "inventory_turnover_ratio": 2.26,
            "account_receivable_turnover_ratio": 2.74,
            "reinvestment_rate": 75.84,
            "research_to_sale_ratio": 1.73,
            "price_fair": 53.73,
            "eps_avg_yearly": 3.57,
            "eps_latest_yearly": 3.96,
            "eps_growth_yearly": 5.05
        },
        "20103": {
            "year_quarter": 20103,
            "year": 2010,
            "quarter": 3,
            "eps": 0.97,
            "eps_growth_year": 14.15,
            "eps_4q": 3.66,
            "eps_4q_growth_year": 15.5,
            "roe": 4.67,
            "roe_4q": 17.17,
            "gross_profit": 1191081,
            "gross_margin": 42.83,
            "gross_margin_4q_avg": 42.84,
            "net_income": 417618,
            "net_income_4q": null,
            "revenue": 2781263,
            "revenue_4q": null,
            "common_shares": 4445292,
            "book_valuer_per_share": 20.24,
            "book_valuer_per_share_4q_avg": 20.25,
            "equity": 9159055,
            "current_ratio": 126.36,
            "debt_ratio": 35.54,
            "inventory_turnover_ratio": 2.38,
            "account_receivable_turnover_ratio": 2.67,
            "reinvestment_rate": 74.84,
            "research_to_sale_ratio": 1.85,
            "price_fair": 74.64,
            "eps_avg_yearly": 3.57,
            "eps_latest_yearly": 3.88,
            "eps_growth_yearly": 10.94
        },
        "20104": {
            "year_quarter": 20104,
            "year": 2010,
            "quarter": 4,
            "eps": 1,
            "eps_growth_year": 33.92,
            "eps_4q": 3.92,
            "eps_4q_growth_year": 16.92,
            "roe": 4.7,
            "roe_4q": 18.44,
            "gross_profit": 1084460,
            "gross_margin": 34.95,
            "gross_margin_4q_avg": 41.24,
            "net_income": 436590,
            "net_income_4q": null,
            "revenue": 3103099,
            "revenue_4q": null,
            "common_shares": 4445292,
            "book_valuer_per_share": 20.82,
            "book_valuer_per_share_4q_avg": 20.37,
            "equity": 9415617,
            "current_ratio": 136.36,
            "debt_ratio": 34.77,
            "inventory_turnover_ratio": 3.16,
            "account_receivable_turnover_ratio": 2.95,
            "reinvestment_rate": 64.01,
            "research_to_sale_ratio": 1.44,
            "price_fair": 104.69,
            "eps_avg_yearly": 3.64,
            "eps_latest_yearly": 4,
            "eps_growth_yearly": 18.78
        },
        "20111": {
            "year_quarter": 20111,
            "year": 2011,
            "quarter": 1,
            "eps": 1.04,
            "eps_growth_year": 9.47,
            "eps_4q": 4.01,
            "eps_4q_growth_year": 16.69,
            "roe": 4.67,
            "roe_4q": 18.69,
            "gross_profit": 1185645,
            "gross_margin": 41.38,
            "gross_margin_4q_avg": 41.43,
            "net_income": 450229,
            "net_income_4q": null,
            "revenue": 2865122,
            "revenue_4q": null,
            "common_shares": 4445292,
            "book_valuer_per_share": 21.82,
            "book_valuer_per_share_4q_avg": 20.52,
            "equity": 9847788,
            "current_ratio": 150.03,
            "debt_ratio": 33.19,
            "inventory_turnover_ratio": 2.72,
            "account_receivable_turnover_ratio": 2.72,
            "reinvestment_rate": 74.19,
            "research_to_sale_ratio": 1.19,
            "price_fair": 71.38,
            "eps_avg_yearly": 3.65,
            "eps_latest_yearly": 4.16,
            "eps_growth_yearly": 9.57
        },
        "20112": {
            "year_quarter": 20112,
            "year": 2011,
            "quarter": 2,
            "eps": 1.04,
            "eps_growth_year": 4.62,
            "eps_4q": 4.05,
            "eps_4q_growth_year": 14.25,
            "roe": 4.88,
            "roe_4q": 18.92,
            "gross_profit": 1205657,
            "gross_margin": 41.74,
            "gross_margin_4q_avg": 40.23,
            "net_income": 459038,
            "net_income_4q": null,
            "revenue": 2888178,
            "revenue_4q": null,
            "common_shares": 4445292,
            "book_valuer_per_share": 19.75,
            "book_valuer_per_share_4q_avg": 20.66,
            "equity": 8951096,
            "current_ratio": 118.47,
            "debt_ratio": 39.86,
            "inventory_turnover_ratio": 2.69,
            "account_receivable_turnover_ratio": 2.74,
            "reinvestment_rate": 80.96,
            "research_to_sale_ratio": 1.24,
            "price_fair": 63.9,
            "eps_avg_yearly": 3.64,
            "eps_latest_yearly": 4.16,
            "eps_growth_yearly": 7.57
        },
        "20113": {
            "year_quarter": 20113,
            "year": 2011,
            "quarter": 3,
            "eps": 1.08,
            "eps_growth_year": 10.8,
            "eps_4q": 4.16,
            "eps_4q_growth_year": 13.41,
            "roe": 5.22,
            "roe_4q": 19.47,
            "gross_profit": 1235405,
            "gross_margin": 41.27,
            "gross_margin_4q_avg": 39.84,
            "net_income": 478070,
            "net_income_4q": null,
            "revenue": 2993450,
            "revenue_4q": null,
            "common_shares": 4445292,
            "book_valuer_per_share": 20.68,
            "book_valuer_per_share_4q_avg": 20.77,
            "equity": 9374291,
            "current_ratio": 131.67,
            "debt_ratio": 37.51,
            "inventory_turnover_ratio": 2.74,
            "account_receivable_turnover_ratio": 2.74,
            "reinvestment_rate": 81.8,
            "research_to_sale_ratio": 1.52,
            "price_fair": 61.21,
            "eps_avg_yearly": 3.62,
            "eps_latest_yearly": 4.32,
            "eps_growth_yearly": 6.91
        },
        "20114": {
            "year_quarter": 20114,
            "year": 2011,
            "quarter": 4,
            "eps": 0.86,
            "eps_growth_year": -14.86,
            "eps_4q": 4.01,
            "eps_4q_growth_year": 2.14,
            "roe": 3.75,
            "roe_4q": 18.519999999999996,
            "gross_profit": 1228112,
            "gross_margin": 42.32,
            "gross_margin_4q_avg": 41.68,
            "net_income": 360304,
            "net_income_4q": null,
            "revenue": 2902258,
            "revenue_4q": null,
            "common_shares": 4445292,
            "book_valuer_per_share": 21.87,
            "book_valuer_per_share_4q_avg": 21.03,
            "equity": 9854287,
            "current_ratio": 141.23,
            "debt_ratio": 35.83,
            "inventory_turnover_ratio": 2.59,
            "account_receivable_turnover_ratio": 2.55,
            "reinvestment_rate": 64.85,
            "research_to_sale_ratio": 1.52,
            "price_fair": 51.61,
            "eps_avg_yearly": 3.58,
            "eps_latest_yearly": 3.44,
            "eps_growth_yearly": 4.43
        },
        "20121": {
            "year_quarter": 20121,
            "year": 2012,
            "quarter": 1,
            "eps": 1.06,
            "eps_growth_year": 1.92,
            "eps_4q": 4.03,
            "eps_4q_growth_year": 0.7,
            "roe": 4.56,
            "roe_4q": 18.409999999999997,
            "gross_profit": 1283305,
            "gross_margin": 43.66,
            "gross_margin_4q_avg": 42.25,
            "net_income": 460821,
            "net_income_4q": null,
            "revenue": 2939309,
            "revenue_4q": null,
            "common_shares": 4445292,
            "book_valuer_per_share": 23,
            "book_valuer_per_share_4q_avg": 21.33,
            "equity": 10368281,
            "current_ratio": 162.54,
            "debt_ratio": 33.85,
            "inventory_turnover_ratio": 2.54,
            "account_receivable_turnover_ratio": 2.5,
            "reinvestment_rate": 65.32,
            "research_to_sale_ratio": 1.29,
            "price_fair": 74.4,
            "eps_avg_yearly": 3.59,
            "eps_latest_yearly": 4.24,
            "eps_growth_yearly": 10.72
        },
        "20122": {
            "year_quarter": 20122,
            "year": 2012,
            "quarter": 2,
            "eps": 1.06,
            "eps_growth_year": 2.23,
            "eps_4q": 4.06,
            "eps_4q_growth_year": 0.13,
            "roe": 4.7,
            "roe_4q": 18.23,
            "gross_profit": 1310046,
            "gross_margin": 43.39,
            "gross_margin_4q_avg": 42.66,
            "net_income": 463914,
            "net_income_4q": null,
            "revenue": 3019296,
            "revenue_4q": null,
            "common_shares": 4445292,
            "book_valuer_per_share": 20.75,
            "book_valuer_per_share_4q_avg": 21.58,
            "equity": 9368502,
            "current_ratio": 127.5,
            "debt_ratio": 40.72,
            "inventory_turnover_ratio": 2.66,
            "account_receivable_turnover_ratio": 2.53,
            "reinvestment_rate": 65.91,
            "research_to_sale_ratio": 1.45,
            "price_fair": 82.25,
            "eps_avg_yearly": 3.62,
            "eps_latest_yearly": 4.24,
            "eps_growth_yearly": 12.71
        },
        "20123": {
            "year_quarter": 20123,
            "year": 2012,
            "quarter": 3,
            "eps": 1.2,
            "eps_growth_year": 11.59,
            "eps_4q": 4.18,
            "eps_4q_growth_year": 0.6,
            "roe": 5.4,
            "roe_4q": 18.41,
            "gross_profit": 1321028,
            "gross_margin": 43.5,
            "gross_margin_4q_avg": 43.22,
            "net_income": 520106,
            "net_income_4q": null,
            "revenue": 3037180,
            "revenue_4q": null,
            "common_shares": 4445292,
            "book_valuer_per_share": 22,
            "book_valuer_per_share_4q_avg": 21.91,
            "equity": 9912412,
            "current_ratio": 143.27,
            "debt_ratio": 38.2,
            "inventory_turnover_ratio": 2.83,
            "account_receivable_turnover_ratio": 2.53,
            "reinvestment_rate": 61.04,
            "research_to_sale_ratio": 1.04,
            "price_fair": 132.3,
            "eps_avg_yearly": 3.78,
            "eps_latest_yearly": 4.8,
            "eps_growth_yearly": 25.68
        },
        "20124": {
            "year_quarter": 20124,
            "year": 2012,
            "quarter": 4,
            "eps": 1,
            "eps_growth_year": 17.2,
            "eps_4q": 4.33,
            "eps_4q_growth_year": 8.02,
            "roe": 4.34,
            "roe_4q": 19,
            "gross_profit": 640939,
            "gross_margin": 20.93,
            "gross_margin_4q_avg": 37.87,
            "net_income": 435653,
            "net_income_4q": null,
            "revenue": 3062881,
            "revenue_4q": null,
            "common_shares": 4445292,
            "book_valuer_per_share": 22.6,
            "book_valuer_per_share_4q_avg": 22.09,
            "equity": 10168659,
            "current_ratio": 140.74,
            "debt_ratio": 40.55,
            "inventory_turnover_ratio": 4.12,
            "account_receivable_turnover_ratio": 2.57,
            "reinvestment_rate": 64.24,
            "research_to_sale_ratio": 1.27,
            "price_fair": 133.27,
            "eps_avg_yearly": 3.9,
            "eps_latest_yearly": 4,
            "eps_growth_yearly": 24.15
        },
        "20131": {
            "year_quarter": 20131,
            "year": 2013,
            "quarter": 1,
            "eps": 1.08,
            "eps_growth_year": 1.89,
            "eps_4q": 4.34,
            "eps_4q_growth_year": 7.66,
            "roe": 4.58,
            "roe_4q": 19.02,
            "gross_profit": 1150652,
            "gross_margin": 37.69,
            "gross_margin_4q_avg": 36.38,
            "net_income": 468499,
            "net_income_4q": null,
            "revenue": 3053125,
            "revenue_4q": null,
            "common_shares": 4445292,
            "book_valuer_per_share": 22.85,
            "book_valuer_per_share_4q_avg": 22.05,
            "equity": 10292497,
            "current_ratio": 159.68,
            "debt_ratio": 36.72,
            "inventory_turnover_ratio": 3.11,
            "account_receivable_turnover_ratio": 2.6,
            "reinvestment_rate": 57.55,
            "research_to_sale_ratio": 1.12,
            "price_fair": 71.19,
            "eps_avg_yearly": 3.95,
            "eps_latest_yearly": 4.32,
            "eps_growth_yearly": 8.01
        },
        "20132": {
            "year_quarter": 20132,
            "year": 2013,
            "quarter": 2,
            "eps": 1.09,
            "eps_growth_year": 2.44,
            "eps_4q": 4.35,
            "eps_4q_growth_year": 7.21,
            "roe": 4.82,
            "roe_4q": 19.14,
            "gross_profit": 1209706,
            "gross_margin": 38.64,
            "gross_margin_4q_avg": 35.19,
            "net_income": 472001,
            "net_income_4q": null,
            "revenue": 3130594,
            "revenue_4q": null,
            "common_shares": 4445292,
            "book_valuer_per_share": 20.48,
            "book_valuer_per_share_4q_avg": 21.98,
            "equity": 9279211,
            "current_ratio": 118.44,
            "debt_ratio": 44.7,
            "inventory_turnover_ratio": 2.86,
            "account_receivable_turnover_ratio": 2.64,
            "reinvestment_rate": 60.89,
            "research_to_sale_ratio": 1.1,
            "price_fair": 73.07,
            "eps_avg_yearly": 4.01,
            "eps_latest_yearly": 4.36,
            "eps_growth_yearly": 8.24
        },
        "20133": {
            "year_quarter": 20133,
            "year": 2013,
            "quarter": 3,
            "eps": 1.2,
            "eps_growth_year": 0.02,
            "eps_4q": 4.33,
            "eps_4q_growth_year": 3.5,
            "roe": 5.48,
            "roe_4q": 19.22,
            "gross_profit": 1212392,
            "gross_margin": 38.53,
            "gross_margin_4q_avg": 33.95,
            "net_income": 523887,
            "net_income_4q": null,
            "revenue": 3146898,
            "revenue_4q": null,
            "common_shares": 4445292,
            "book_valuer_per_share": 21.8,
            "book_valuer_per_share_4q_avg": 21.93,
            "equity": 9855399,
            "current_ratio": 126.53,
            "debt_ratio": 41.85,
            "inventory_turnover_ratio": 2.86,
            "account_receivable_turnover_ratio": 2.68,
            "reinvestment_rate": 61.68,
            "research_to_sale_ratio": 1.12,
            "price_fair": 88.47,
            "eps_avg_yearly": 4.09,
            "eps_latest_yearly": 4.8,
            "eps_growth_yearly": 11.62
        },
        "20134": {
            "year_quarter": 20134,
            "year": 2013,
            "quarter": 4,
            "eps": 1.16,
            "eps_growth_year": 15.37,
            "eps_4q": 4.48,
            "eps_4q_growth_year": 3.54,
            "roe": 5.09,
            "roe_4q": 19.97,
            "gross_profit": 1238571,
            "gross_margin": 37.74,
            "gross_margin_4q_avg": 38.15,
            "net_income": 519753,
            "net_income_4q": null,
            "revenue": 3282130,
            "revenue_4q": null,
            "common_shares": 4445292,
            "book_valuer_per_share": 23.35,
            "book_valuer_per_share_4q_avg": 22.12,
            "equity": 10554536,
            "current_ratio": 114.92,
            "debt_ratio": 43.75,
            "inventory_turnover_ratio": 3.16,
            "account_receivable_turnover_ratio": 2.79,
            "reinvestment_rate": 14.59,
            "research_to_sale_ratio": 1.09,
            "price_fair": 99.53,
            "eps_avg_yearly": 4.2,
            "eps_latest_yearly": 4.64,
            "eps_growth_yearly": 13.73
        },
        "20141": {
            "year_quarter": 20141,
            "year": 2014,
            "quarter": 1,
            "eps": 1.16,
            "eps_growth_year": 7.41,
            "eps_4q": 4.54,
            "eps_4q_growth_year": 4.48,
            "roe": 4.68,
            "roe_4q": 20.07,
            "gross_profit": 1215425,
            "gross_margin": 38.66,
            "gross_margin_4q_avg": 38.39,
            "net_income": 506060,
            "net_income_4q": null,
            "revenue": 3143679,
            "revenue_4q": null,
            "common_shares": 4445292,
            "book_valuer_per_share": 24.46,
            "book_valuer_per_share_4q_avg": 22.52,
            "equity": 11055094,
            "current_ratio": 124.15,
            "debt_ratio": 41.64,
            "inventory_turnover_ratio": 2.82,
            "account_receivable_turnover_ratio": 2.65,
            "reinvestment_rate": 15.32,
            "research_to_sale_ratio": 1.21,
            "price_fair": 72.46,
            "eps_avg_yearly": 4.25,
            "eps_latest_yearly": 4.64,
            "eps_growth_yearly": 7.06
        },
        "20142": {
            "year_quarter": 20142,
            "year": 2014,
            "quarter": 2,
            "eps": 1.22,
            "eps_growth_year": 11.93,
            "eps_4q": 4.59,
            "eps_4q_growth_year": 5.44,
            "roe": 5.02,
            "roe_4q": 20.27,
            "gross_profit": 1190630,
            "gross_margin": 37.37,
            "gross_margin_4q_avg": 38.08,
            "net_income": 526817,
            "net_income_4q": null,
            "revenue": 3186304,
            "revenue_4q": null,
            "common_shares": 4445292,
            "book_valuer_per_share": 21.93,
            "book_valuer_per_share_4q_avg": 22.89,
            "equity": 9948176,
            "current_ratio": 102.41,
            "debt_ratio": 48.93,
            "inventory_turnover_ratio": 2.66,
            "account_receivable_turnover_ratio": 2.58,
            "reinvestment_rate": 17.51,
            "research_to_sale_ratio": 1.14,
            "price_fair": 74.48,
            "eps_avg_yearly": 4.31,
            "eps_latest_yearly": 4.88,
            "eps_growth_yearly": 7.3
        },
        "20143": {
            "year_quarter": 20143,
            "year": 2014,
            "quarter": 3,
            "eps": 1.31,
            "eps_growth_year": 9.17,
            "eps_4q": 4.7,
            "eps_4q_growth_year": 8.51,
            "roe": 5.61,
            "roe_4q": 20.4,
            "gross_profit": 1229366,
            "gross_margin": 37.4,
            "gross_margin_4q_avg": 37.79,
            "net_income": 575158,
            "net_income_4q": null,
            "revenue": 3287176,
            "revenue_4q": null,
            "common_shares": 4511971,
            "book_valuer_per_share": 22.98,
            "book_valuer_per_share_4q_avg": 23.18,
            "equity": 10567443,
            "current_ratio": 109.3,
            "debt_ratio": 46.04,
            "inventory_turnover_ratio": 2.75,
            "account_receivable_turnover_ratio": 2.47,
            "reinvestment_rate": 18.84,
            "research_to_sale_ratio": 1.13,
            "price_fair": 86.26,
            "eps_avg_yearly": 4.39,
            "eps_latest_yearly": 5.24,
            "eps_growth_yearly": 9.65
        },
        "20144": {
            "year_quarter": 20144,
            "year": 2014,
            "quarter": 4,
            "eps": 1.06,
            "eps_growth_year": -8.4,
            "eps_4q": 4.62,
            "eps_4q_growth_year": 3,
            "roe": 4.42,
            "roe_4q": 19.73,
            "gross_profit": 1205008,
            "gross_margin": 34.88,
            "gross_margin_4q_avg": 37.08,
            "net_income": 478754,
            "net_income_4q": null,
            "revenue": 3454757,
            "revenue_4q": null,
            "common_shares": 4511971,
            "book_valuer_per_share": 24.08,
            "book_valuer_per_share_4q_avg": 23.36,
            "equity": 11071012,
            "current_ratio": 113.46,
            "debt_ratio": 44.36,
            "inventory_turnover_ratio": 3.14,
            "account_receivable_turnover_ratio": 2.58,
            "reinvestment_rate": 20.91,
            "research_to_sale_ratio": 0.99,
            "price_fair": 62.14,
            "eps_avg_yearly": 4.41,
            "eps_latest_yearly": 4.24,
            "eps_growth_yearly": 4.11
        },
        "20151": {
            "year_quarter": 20151,
            "year": 2015,
            "quarter": 1,
            "eps": 1.2,
            "eps_growth_year": 3.45,
            "eps_4q": 4.68,
            "eps_4q_growth_year": 3.12,
            "roe": 4.66,
            "roe_4q": 19.71,
            "gross_profit": 1189487,
            "gross_margin": 36.15,
            "gross_margin_4q_avg": 36.45,
            "net_income": 527967,
            "net_income_4q": null,
            "revenue": 3290570,
            "revenue_4q": null,
            "common_shares": 4511971,
            "book_valuer_per_share": 25.26,
            "book_valuer_per_share_4q_avg": 23.56,
            "equity": 11601420,
            "current_ratio": 121,
            "debt_ratio": 42.3,
            "inventory_turnover_ratio": 3.09,
            "account_receivable_turnover_ratio": 2.52,
            "reinvestment_rate": 20.93,
            "research_to_sale_ratio": 1.04,
            "price_fair": 72.93,
            "eps_avg_yearly": 4.45,
            "eps_latest_yearly": 4.8,
            "eps_growth_yearly": 6.41
        },
        "20152": {
            "year_quarter": 20152,
            "year": 2015,
            "quarter": 2,
            "eps": 1.18,
            "eps_growth_year": -3.28,
            "eps_4q": 4.67,
            "eps_4q_growth_year": 1.88,
            "roe": 4.79,
            "roe_4q": 19.48,
            "gross_profit": 1128082,
            "gross_margin": 34.14,
            "gross_margin_4q_avg": 35.64,
            "net_income": 521746,
            "net_income_4q": null,
            "revenue": 3304117,
            "revenue_4q": null,
            "common_shares": 4511971,
            "book_valuer_per_share": 21.99,
            "book_valuer_per_share_4q_avg": 23.58,
            "equity": 10176835,
            "current_ratio": 98.12,
            "debt_ratio": 48.96,
            "inventory_turnover_ratio": 3.59,
            "account_receivable_turnover_ratio": 2.5,
            "reinvestment_rate": 20.95,
            "research_to_sale_ratio": 0.96,
            "price_fair": 71.64,
            "eps_avg_yearly": 4.48,
            "eps_latest_yearly": 4.72,
            "eps_growth_yearly": 5.99
        },
        "20153": {
            "year_quarter": 20153,
            "year": 2015,
            "quarter": 3,
            "eps": 1.25,
            "eps_growth_year": -4.58,
            "eps_4q": 4.62,
            "eps_4q_growth_year": -1.54,
            "roe": 5.3,
            "roe_4q": 19.17,
            "gross_profit": 1252458,
            "gross_margin": 37.97,
            "gross_margin_4q_avg": 35.79,
            "net_income": 551275,
            "net_income_4q": null,
            "revenue": 3298262,
            "revenue_4q": null,
            "common_shares": 4511971,
            "book_valuer_per_share": 23.15,
            "book_valuer_per_share_4q_avg": 23.62,
            "equity": 10630841,
            "current_ratio": 102.54,
            "debt_ratio": 44.49,
            "inventory_turnover_ratio": 3.66,
            "account_receivable_turnover_ratio": 2.42,
            "reinvestment_rate": 29.33,
            "research_to_sale_ratio": 0.92,
            "price_fair": 74.68,
            "eps_avg_yearly": 4.52,
            "eps_latest_yearly": 5,
            "eps_growth_yearly": 6.51
        },
        "20154": {
            "year_quarter": 20154,
            "year": 2015,
            "quarter": 4,
            "eps": 1.11,
            "eps_growth_year": 5,
            "eps_4q": 4.68,
            "eps_4q_growth_year": 1.33,
            "roe": 4.63,
            "roe_4q": 19.38,
            "gross_profit": 1215026,
            "gross_margin": 35.78,
            "gross_margin_4q_avg": 36.01,
            "net_income": 503405,
            "net_income_4q": null,
            "revenue": 3395538,
            "revenue_4q": null,
            "common_shares": 4511971,
            "book_valuer_per_share": 24.19,
            "book_valuer_per_share_4q_avg": 23.65,
            "equity": 11098892,
            "current_ratio": 94.39,
            "debt_ratio": 45.25,
            "inventory_turnover_ratio": 4.17,
            "account_receivable_turnover_ratio": 2.44,
            "reinvestment_rate": 39.04,
            "research_to_sale_ratio": 0.81,
            "price_fair": 86.22,
            "eps_avg_yearly": 4.59,
            "eps_latest_yearly": 4.44,
            "eps_growth_yearly": 8.8
        },
        "20161": {
            "year_quarter": 20161,
            "year": 2016,
            "quarter": 1,
            "eps": 1.05,
            "eps_growth_year": -12.5,
            "eps_4q": 4.55,
            "eps_4q_growth_year": -2.8,
            "roe": 4.22,
            "roe_4q": 18.939999999999998,
            "gross_profit": 1251316,
            "gross_margin": 38.99,
            "gross_margin_4q_avg": 36.72,
            "net_income": 477710,
            "net_income_4q": null,
            "revenue": 3209550,
            "revenue_4q": null,
            "common_shares": 4511971,
            "book_valuer_per_share": 25.22,
            "book_valuer_per_share_4q_avg": 23.64,
            "equity": 11525226,
            "current_ratio": 102.84,
            "debt_ratio": 46.55,
            "inventory_turnover_ratio": 4.03,
            "account_receivable_turnover_ratio": 2.34,
            "reinvestment_rate": 44.84,
            "research_to_sale_ratio": 0.84,
            "price_fair": 53.34,
            "eps_avg_yearly": 4.58,
            "eps_latest_yearly": 4.2,
            "eps_growth_yearly": 1.64
        },
        "20162": {
            "year_quarter": 20162,
            "year": 2016,
            "quarter": 2,
            "eps": 1.09,
            "eps_growth_year": -7.63,
            "eps_4q": 4.46,
            "eps_4q_growth_year": -4.47,
            "roe": 4.48,
            "roe_4q": 18.63,
            "gross_profit": 1260029,
            "gross_margin": 37.11,
            "gross_margin_4q_avg": 37.46,
            "net_income": 487111,
            "net_income_4q": null,
            "revenue": 3395027,
            "revenue_4q": null,
            "common_shares": 4511971,
            "book_valuer_per_share": 22.22,
            "book_valuer_per_share_4q_avg": 23.7,
            "equity": 10197226,
            "current_ratio": 90.52,
            "debt_ratio": 52.94,
            "inventory_turnover_ratio": 4.64,
            "account_receivable_turnover_ratio": 2.48,
            "reinvestment_rate": 41.69,
            "research_to_sale_ratio": 0.73,
            "price_fair": 57.8,
            "eps_avg_yearly": 4.59,
            "eps_latest_yearly": 4.36,
            "eps_growth_yearly": 2.59
        },
        "20163": {
            "year_quarter": 20163,
            "year": 2016,
            "quarter": 3,
            "eps": 1.03,
            "eps_growth_year": -17.6,
            "eps_4q": 4.27,
            "eps_4q_growth_year": -7.62,
            "roe": 4.5,
            "roe_4q": 17.83,
            "gross_profit": 1283162,
            "gross_margin": 37.42,
            "gross_margin_4q_avg": 37.33,
            "net_income": 468877,
            "net_income_4q": null,
            "revenue": 3429051,
            "revenue_4q": null,
            "common_shares": 4511971,
            "book_valuer_per_share": 23.21,
            "book_valuer_per_share_4q_avg": 23.71,
            "equity": 10649908,
            "current_ratio": 93.47,
            "debt_ratio": 47.59,
            "inventory_turnover_ratio": 5.29,
            "account_receivable_turnover_ratio": 2.5,
            "reinvestment_rate": 42.64,
            "research_to_sale_ratio": 0.8,
            "price_fair": 13.64,
            "eps_avg_yearly": 4.55,
            "eps_latest_yearly": 4.12,
            "eps_growth_yearly": -2.09
        },
        "20164": {
            "year_quarter": 20164,
            "year": 2016,
            "quarter": 4,
            "eps": -1.76,
            "eps_growth_year": -258.61,
            "eps_4q": 1.4,
            "eps_4q_growth_year": -70.17,
            "roe": -7.68,
            "roe_4q": 5.5200000000000005,
            "gross_profit": 1187301,
            "gross_margin": 34.45,
            "gross_margin_4q_avg": 36.99,
            "net_income": -790634,
            "net_income_4q": null,
            "revenue": 3446557,
            "revenue_4q": null,
            "common_shares": 4511971,
            "book_valuer_per_share": 21.63,
            "book_valuer_per_share_4q_avg": 23.07,
            "equity": 9934234,
            "current_ratio": 100.63,
            "debt_ratio": 50.92,
            "inventory_turnover_ratio": 6.68,
            "account_receivable_turnover_ratio": 2.53,
            "reinvestment_rate": 24.73,
            "research_to_sale_ratio": 0.72,
            "price_fair": 56.01,
            "eps_avg_yearly": 4.58,
            "eps_latest_yearly": 4.12,
            "eps_growth_yearly": 2.22
        },
        "20171": {
            "year_quarter": 20171,
            "year": 2017,
            "quarter": 1,
            "eps": 1.67,
            "eps_growth_year": 59.05,
            "eps_4q": 2.02,
            "eps_4q_growth_year": -55.64,
            "roe": 7.12,
            "roe_4q": 8.420000000000002,
            "gross_profit": 1193241,
            "gross_margin": 36.96,
            "gross_margin_4q_avg": 36.49,
            "net_income": 732412,
            "net_income_4q": null,
            "revenue": 3228710,
            "revenue_4q": null,
            "common_shares": 4511971,
            "book_valuer_per_share": 23.24,
            "book_valuer_per_share_4q_avg": 22.58,
            "equity": 10642585,
            "current_ratio": 105.5,
            "debt_ratio": 48.14,
            "inventory_turnover_ratio": 6.52,
            "account_receivable_turnover_ratio": 2.47,
            "reinvestment_rate": 34.76,
            "research_to_sale_ratio": 0.71,
            "price_fair": 46.03,
            "eps_avg_yearly": 4.6,
            "eps_latest_yearly": 4.12,
            "eps_growth_yearly": 0.09
        },
        "20172": {
            "year_quarter": 20172,
            "year": 2017,
            "quarter": 2,
            "eps": 1.26,
            "eps_growth_year": 15.6,
            "eps_4q": 2.19,
            "eps_4q_growth_year": -50.95,
            "roe": 5.57,
            "roe_4q": 9.510000000000002,
            "gross_profit": 1116736,
            "gross_margin": 35.23,
            "gross_margin_4q_avg": 36.02,
            "net_income": 564533,
            "net_income_4q": null,
            "revenue": 3170240,
            "revenue_4q": null,
            "common_shares": 4511971,
            "book_valuer_per_share": 20.94,
            "book_valuer_per_share_4q_avg": 22.26,
            "equity": 9631319,
            "current_ratio": 97.75,
            "debt_ratio": 51.25,
            "inventory_turnover_ratio": 6.74,
            "account_receivable_turnover_ratio": 2.51,
            "reinvestment_rate": 30.9,
            "research_to_sale_ratio": 0.74,
            "price_fair": 13.95,
            "eps_avg_yearly": 4.65,
            "eps_latest_yearly": 5.04,
            "eps_growth_yearly": -7.19
        },
        "20173": {
            "year_quarter": 20173,
            "year": 2017,
            "quarter": 3,
            "eps": 1.14,
            "eps_growth_year": 10.68,
            "eps_4q": 2.3,
            "eps_4q_growth_year": -46.04,
            "roe": 5.21,
            "roe_4q": 10.220000000000002,
            "gross_profit": 1178472,
            "gross_margin": 35.82,
            "gross_margin_4q_avg": 35.62,
            "net_income": 515602,
            "net_income_4q": null,
            "revenue": 3290077,
            "revenue_4q": null,
            "common_shares": 4511971,
            "book_valuer_per_share": 22.13,
            "book_valuer_per_share_4q_avg": 21.99,
            "equity": 10143834,
            "current_ratio": 105.48,
            "debt_ratio": 50.22,
            "inventory_turnover_ratio": 7.16,
            "account_receivable_turnover_ratio": 2.55,
            "reinvestment_rate": 31.4,
            "research_to_sale_ratio": 0.7,
            "price_fair": 13.9,
            "eps_avg_yearly": 4.63,
            "eps_latest_yearly": 4.56,
            "eps_growth_yearly": -12.79
        },
        "20174": {
            "year_quarter": 20174,
            "year": 2017,
            "quarter": 4,
            "eps": 0.93,
            "eps_growth_year": null,
            "eps_4q": 5,
            "eps_4q_growth_year": 258.45,
            "roe": 4.08,
            "roe_4q": 21.98,
            "gross_profit": 1159802,
            "gross_margin": 34.46,
            "gross_margin_4q_avg": 35.62,
            "net_income": 421993,
            "net_income_4q": null,
            "revenue": 3365729,
            "revenue_4q": null,
            "common_shares": 4511971,
            "book_valuer_per_share": 22.96,
            "book_valuer_per_share_4q_avg": 22.32,
            "equity": 10554314,
            "current_ratio": 109.81,
            "debt_ratio": 49.56,
            "inventory_turnover_ratio": 7.36,
            "account_receivable_turnover_ratio": 2.68,
            "reinvestment_rate": 22.96,
            "research_to_sale_ratio": 0.71,
            "price_fair": 13.71,
            "eps_avg_yearly": 4.57,
            "eps_latest_yearly": 3.72,
            "eps_growth_yearly": -17.1
        },
        "20181": {
            "year_quarter": 20181,
            "year": 2018,
            "quarter": 1,
            "eps": 1.19,
            "eps_growth_year": -28.74,
            "eps_4q": 4.53,
            "eps_4q_growth_year": 124.36,
            "roe": 4.95,
            "roe_4q": 19.810000000000002,
            "gross_profit": 1207295,
            "gross_margin": 36.86,
            "gross_margin_4q_avg": 35.59,
            "net_income": 535720,
            "net_income_4q": null,
            "revenue": 3275628,
            "revenue_4q": null,
            "common_shares": 4511971,
            "book_valuer_per_share": 24.14,
            "book_valuer_per_share_4q_avg": 22.54,
            "equity": 11090622,
            "current_ratio": 108.8,
            "debt_ratio": 47.96,
            "inventory_turnover_ratio": 7.13,
            "account_receivable_turnover_ratio": 2.76,
            "reinvestment_rate": 15.36,
            "research_to_sale_ratio": 0.79,
            "price_fair": 13.73,
            "eps_avg_yearly": 4.58,
            "eps_latest_yearly": 4.76,
            "eps_growth_yearly": -9.11
        },
        "20182": {
            "year_quarter": 20182,
            "year": 2018,
            "quarter": 2,
            "eps": 1.07,
            "eps_growth_year": -15.08,
            "eps_4q": 4.33,
            "eps_4q_growth_year": 98,
            "roe": 4.58,
            "roe_4q": 18.82,
            "gross_profit": 1213657,
            "gross_margin": 36.82,
            "gross_margin_4q_avg": 35.99,
            "net_income": 478441,
            "net_income_4q": null,
            "revenue": 3295800,
            "revenue_4q": null,
            "common_shares": 4511971,
            "book_valuer_per_share": 21.16,
            "book_valuer_per_share_4q_avg": 22.6,
            "equity": 9785680,
            "current_ratio": 92.43,
            "debt_ratio": 55.72,
            "inventory_turnover_ratio": 6.94,
            "account_receivable_turnover_ratio": 2.65,
            "reinvestment_rate": 14.85,
            "research_to_sale_ratio": 0.83,
            "price_fair": 13.6,
            "eps_avg_yearly": 4.53,
            "eps_latest_yearly": 4.28,
            "eps_growth_yearly": -13.47
        },
        "20183": {
            "year_quarter": 20183,
            "year": 2018,
            "quarter": 3,
            "eps": 1.16,
            "eps_growth_year": 1.75,
            "eps_4q": 4.36,
            "eps_4q_growth_year": 89.06,
            "roe": 5.27,
            "roe_4q": 18.880000000000003,
            "gross_profit": 1201918,
            "gross_margin": 36.26,
            "gross_margin_4q_avg": 36.1,
            "net_income": 528760,
            "net_income_4q": null,
            "revenue": 3314284,
            "revenue_4q": null,
            "common_shares": 4511971,
            "book_valuer_per_share": 22.24,
            "book_valuer_per_share_4q_avg": 22.63,
            "equity": 10276556,
            "current_ratio": 99.94,
            "debt_ratio": 48.58,
            "inventory_turnover_ratio": 6.78,
            "account_receivable_turnover_ratio": 2.53,
            "reinvestment_rate": 10.23,
            "research_to_sale_ratio": 0.79,
            "price_fair": 13.47,
            "eps_avg_yearly": 4.49,
            "eps_latest_yearly": 4.64,
            "eps_growth_yearly": -13.18
        },
        "20184": {
            "year_quarter": 20184,
            "year": 2018,
            "quarter": 4,
            "eps": 1.22,
            "eps_growth_year": 30.5,
            "eps_4q": 4.64,
            "eps_4q_growth_year": -7.2,
            "roe": 5.28,
            "roe_4q": 20.080000000000002,
            "gross_profit": 1284173,
            "gross_margin": 36.61,
            "gross_margin_4q_avg": 36.64,
            "net_income": 556214,
            "net_income_4q": null,
            "revenue": 3507907,
            "revenue_4q": null,
            "common_shares": 4511971,
            "book_valuer_per_share": 23.4,
            "book_valuer_per_share_4q_avg": 22.74,
            "equity": 10800738,
            "current_ratio": 103.82,
            "debt_ratio": 48.29,
            "inventory_turnover_ratio": 7.13,
            "account_receivable_turnover_ratio": 2.77,
            "reinvestment_rate": 5.41,
            "research_to_sale_ratio": 0.74,
            "price_fair": 13.61,
            "eps_avg_yearly": 4.54,
            "eps_latest_yearly": 4.88,
            "eps_growth_yearly": -6.25
        },
        "20191": {
            "year_quarter": 20191,
            "year": 2019,
            "quarter": 1,
            "eps": 1.2,
            "eps_growth_year": 0.84,
            "eps_4q": 4.65,
            "eps_4q_growth_year": 2.65,
            "roe": 4.83,
            "roe_4q": 19.96,
            "gross_profit": 1207948,
            "gross_margin": 36.48,
            "gross_margin_4q_avg": 36.54,
            "net_income": 536061,
            "net_income_4q": null,
            "revenue": 3311326,
            "revenue_4q": null,
            "common_shares": 4511971,
            "book_valuer_per_share": 24.73,
            "book_valuer_per_share_4q_avg": 22.88,
            "equity": 11398776,
            "current_ratio": 109.04,
            "debt_ratio": 48.45,
            "inventory_turnover_ratio": 6.81,
            "account_receivable_turnover_ratio": 2.76,
            "reinvestment_rate": 2.81,
            "research_to_sale_ratio": 0.78,
            "price_fair": 13.61,
            "eps_avg_yearly": 4.54,
            "eps_latest_yearly": 4.8,
            "eps_growth_yearly": -10.49
        },
        "20192": {
            "year_quarter": 20192,
            "year": 2019,
            "quarter": 2,
            "eps": 1.21,
            "eps_growth_year": 13.08,
            "eps_4q": 4.79,
            "eps_4q_growth_year": 10.54,
            "roe": 5.04,
            "roe_4q": 20.42,
            "gross_profit": 1225838,
            "gross_margin": 36.85,
            "gross_margin_4q_avg": 36.55,
            "net_income": 543241,
            "net_income_4q": null,
            "revenue": 3326777,
            "revenue_4q": null,
            "common_shares": 4511971,
            "book_valuer_per_share": 21.92,
            "book_valuer_per_share_4q_avg": 23.07,
            "equity": 10167348,
            "current_ratio": 93.37,
            "debt_ratio": 53.08,
            "inventory_turnover_ratio": 7.14,
            "account_receivable_turnover_ratio": 2.82,
            "reinvestment_rate": 1.03,
            "research_to_sale_ratio": 0.75,
            "price_fair": 13.64,
            "eps_avg_yearly": 4.55,
            "eps_latest_yearly": 4.84,
            "eps_growth_yearly": -9.78
        },
        "20193": {
            "year_quarter": 20193,
            "year": 2019,
            "quarter": 3,
            "eps": 1.23,
            "eps_growth_year": 6.03,
            "eps_4q": 4.86,
            "eps_4q_growth_year": 11.42,
            "roe": 5.34,
            "roe_4q": 20.49,
            "gross_profit": 1231430,
            "gross_margin": 36.61,
            "gross_margin_4q_avg": 36.64,
            "net_income": 555794,
            "net_income_4q": null,
            "revenue": 3364012,
            "revenue_4q": null,
            "common_shares": 4511971,
            "book_valuer_per_share": 23.12,
            "book_valuer_per_share_4q_avg": 23.29,
            "equity": 10648478,
            "current_ratio": 99.01,
            "debt_ratio": 49.79,
            "inventory_turnover_ratio": 6.81,
            "account_receivable_turnover_ratio": 2.81,
            "reinvestment_rate": -8.94,
            "research_to_sale_ratio": 0.76,
            "price_fair": 13.62,
            "eps_avg_yearly": 4.54,
            "eps_latest_yearly": 4.92,
            "eps_growth_yearly": -11
        },
        "20194": {
            "year_quarter": 20194,
            "year": 2019,
            "quarter": 4,
            "eps": 1.21,
            "eps_growth_year": -0.78,
            "eps_4q": 4.85,
            "eps_4q_growth_year": 4.38,
            "roe": 4.96,
            "roe_4q": 20.17,
            "gross_profit": 1227454,
            "gross_margin": 36,
            "gross_margin_4q_avg": 36.49,
            "net_income": 541683,
            "net_income_4q": null,
            "revenue": 3409562,
            "revenue_4q": null,
            "common_shares": 4511971,
            "book_valuer_per_share": 24.36,
            "book_valuer_per_share_4q_avg": 23.53,
            "equity": 11184124,
            "current_ratio": 103.23,
            "debt_ratio": 50.29,
            "inventory_turnover_ratio": 6.32,
            "account_receivable_turnover_ratio": 2.97,
            "reinvestment_rate": -21.93,
            "research_to_sale_ratio": 0.74,
            "price_fair": 13.71,
            "eps_avg_yearly": 4.57,
            "eps_latest_yearly": 4.84,
            "eps_growth_yearly": -8.26
        },
        "20201": {
            "year_quarter": 20201,
            "year": 2020,
            "quarter": 1,
            "eps": 1.21,
            "eps_growth_year": 0.83,
            "eps_4q": 4.86,
            "eps_4q_growth_year": 4.61,
            "roe": 4.7,
            "roe_4q": 20.04,
            "gross_profit": 1193311,
            "gross_margin": 36.19,
            "gross_margin_4q_avg": 36.41,
            "net_income": 536779,
            "net_income_4q": null,
            "revenue": 3297150,
            "revenue_4q": null,
            "common_shares": 4511971,
            "book_valuer_per_share": 25.42,
            "book_valuer_per_share_4q_avg": 23.71,
            "equity": 11654058,
            "current_ratio": 106.91,
            "debt_ratio": 48.75,
            "inventory_turnover_ratio": 5.85,
            "account_receivable_turnover_ratio": 3.06,
            "reinvestment_rate": -25.47,
            "research_to_sale_ratio": 0.78,
            "price_fair": 13.84,
            "eps_avg_yearly": 4.61,
            "eps_latest_yearly": 4.84,
            "eps_growth_yearly": -6.72
        },
        "20202": {
            "year_quarter": 20202,
            "year": 2020,
            "quarter": 2,
            "eps": 1.21,
            "eps_growth_year": 0,
            "eps_4q": 4.85,
            "eps_4q_growth_year": 1.3,
            "roe": 4.92,
            "roe_4q": 19.92,
            "gross_profit": 1221830,
            "gross_margin": 35.58,
            "gross_margin_4q_avg": 36.1,
            "net_income": 543619,
            "net_income_4q": null,
            "revenue": 3433615,
            "revenue_4q": null,
            "common_shares": 4511971,
            "book_valuer_per_share": 22.63,
            "book_valuer_per_share_4q_avg": 23.88,
            "equity": 10435948,
            "current_ratio": 89.78,
            "debt_ratio": 55.55,
            "inventory_turnover_ratio": 5.97,
            "account_receivable_turnover_ratio": 3.17,
            "reinvestment_rate": -20.95,
            "research_to_sale_ratio": 0.85,
            "price_fair": 13.95,
            "eps_avg_yearly": 4.65,
            "eps_latest_yearly": 4.84,
            "eps_growth_yearly": -7.81
        },
        "20203": {
            "year_quarter": 20203,
            "year": 2020,
            "quarter": 3,
            "eps": 1.35,
            "eps_growth_year": 9.76,
            "eps_4q": 4.98,
            "eps_4q_growth_year": 2.6,
            "roe": 5.72,
            "roe_4q": 20.3,
            "gross_profit": 1270215,
            "gross_margin": 36.93,
            "gross_margin_4q_avg": 36.18,
            "net_income": 612777,
            "net_income_4q": null,
            "revenue": 3439238,
            "revenue_4q": null,
            "common_shares": 4511971,
            "book_valuer_per_share": 23.96,
            "book_valuer_per_share_4q_avg": 24.09,
            "equity": 10999091,
            "current_ratio": 95.82,
            "debt_ratio": 50.51,
            "inventory_turnover_ratio": 5.56,
            "account_receivable_turnover_ratio": 3.02,
            "reinvestment_rate": -16.1,
            "research_to_sale_ratio": 0.85,
            "price_fair": 14.22,
            "eps_avg_yearly": 4.74,
            "eps_latest_yearly": 5.4,
            "eps_growth_yearly": -2.93
        },
        "20204": {
            "year_quarter": 20204,
            "year": 2020,
            "quarter": 4,
            "eps": 1.64,
            "eps_growth_year": 36.1,
            "eps_4q": 5.42,
            "eps_4q_growth_year": 11.81,
            "roe": 6.56,
            "roe_4q": 21.9,
            "gross_profit": 1323719,
            "gross_margin": 37.43,
            "gross_margin_4q_avg": 36.53,
            "net_income": 744053,
            "net_income_4q": null,
            "revenue": 3536362,
            "revenue_4q": null,
            "common_shares": 4511971,
            "book_valuer_per_share": 25.49,
            "book_valuer_per_share_4q_avg": 24.38,
            "equity": 11698612,
            "current_ratio": 132.39,
            "debt_ratio": 49.51,
            "inventory_turnover_ratio": 5,
            "account_receivable_turnover_ratio": 2.97,
            "reinvestment_rate": 1.38,
            "research_to_sale_ratio": 0.78,
            "price_fair": 63.18,
            "eps_avg_yearly": 4.86,
            "eps_latest_yearly": 6.56,
            "eps_growth_yearly": 3
        },
        "20211": {
            "year_quarter": 20211,
            "year": 2021,
            "quarter": 1,
            "eps": 1.33,
            "eps_growth_year": 9.92,
            "eps_4q": 5.54,
            "eps_4q_growth_year": 14,
            "roe": 5,
            "roe_4q": 22.199999999999996,
            "gross_profit": 1279085,
            "gross_margin": 36.16,
            "gross_margin_4q_avg": 36.53,
            "net_income": 600075,
            "net_income_4q": null,
            "revenue": 3536919,
            "revenue_4q": null,
            "common_shares": 4511971,
            "book_valuer_per_share": 26.89,
            "book_valuer_per_share_4q_avg": 24.74,
            "equity": 12322534,
            "current_ratio": 162.5,
            "debt_ratio": 48.97,
            "inventory_turnover_ratio": 3.77,
            "account_receivable_turnover_ratio": 2.91,
            "reinvestment_rate": -0.02,
            "research_to_sale_ratio": 0.79,
            "price_fair": 14.67,
            "eps_avg_yearly": 4.89,
            "eps_latest_yearly": 5.32,
            "eps_growth_yearly": -1.92
        },
        "20212": {
            "year_quarter": 20212,
            "year": 2021,
            "quarter": 2,
            "eps": 1.4,
            "eps_growth_year": 15.7,
            "eps_4q": 5.73,
            "eps_4q_growth_year": 18,
            "roe": 5.47,
            "roe_4q": 22.749999999999996,
            "gross_profit": 1252800,
            "gross_margin": 36.26,
            "gross_margin_4q_avg": 36.7,
            "net_income": 627024,
            "net_income_4q": null,
            "revenue": 3455009,
            "revenue_4q": null,
            "common_shares": 4511971,
            "book_valuer_per_share": 23.14,
            "book_valuer_per_share_4q_avg": 24.87,
            "equity": 10609332,
            "current_ratio": 122.81,
            "debt_ratio": 56.18,
            "inventory_turnover_ratio": 3.36,
            "account_receivable_turnover_ratio": 2.94,
            "reinvestment_rate": 4.26,
            "research_to_sale_ratio": 0.79,
            "price_fair": 76.52,
            "eps_avg_yearly": 4.93,
            "eps_latest_yearly": 5.6,
            "eps_growth_yearly": 5.54
        },
        "20213": {
            "year_quarter": 20213,
            "year": 2021,
            "quarter": 3,
            "eps": 1.4,
            "eps_growth_year": 3.7,
            "eps_4q": 5.77,
            "eps_4q_growth_year": 15.79,
            "roe": 5.78,
            "roe_4q": 22.81,
            "gross_profit": 1230255,
            "gross_margin": 36.02,
            "gross_margin_4q_avg": 36.47,
            "net_income": 630422,
            "net_income_4q": null,
            "revenue": 3415836,
            "revenue_4q": null,
            "common_shares": 4511971,
            "book_valuer_per_share": 24.56,
            "book_valuer_per_share_4q_avg": 25.02,
            "equity": 11219829,
            "current_ratio": 143.77,
            "debt_ratio": 50.68,
            "inventory_turnover_ratio": 3.61,
            "account_receivable_turnover_ratio": 3.04,
            "reinvestment_rate": 0.89,
            "research_to_sale_ratio": 0.82,
            "price_fair": 89.41,
            "eps_avg_yearly": 4.99,
            "eps_latest_yearly": 5.6,
            "eps_growth_yearly": 7.92
        },
        "20214": {
            "year_quarter": 20214,
            "year": 2021,
            "quarter": 4,
            "eps": 1.61,
            "eps_growth_year": -2.31,
            "eps_4q": 5.73,
            "eps_4q_growth_year": 5.77,
            "roe": 6.21,
            "roe_4q": 22.46,
            "gross_profit": 1272072,
            "gross_margin": 34.13,
            "gross_margin_4q_avg": 35.64,
            "net_income": 721364,
            "net_income_4q": null,
            "revenue": 3727133,
            "revenue_4q": null,
            "common_shares": 4511971,
            "book_valuer_per_share": 26.33,
            "book_valuer_per_share_4q_avg": 25.23,
            "equity": 12018579,
            "current_ratio": 122.64,
            "debt_ratio": 49.1,
            "inventory_turnover_ratio": 4.22,
            "account_receivable_turnover_ratio": 3.06,
            "reinvestment_rate": 5.14,
            "research_to_sale_ratio": 0.77,
            "price_fair": 135.57,
            "eps_avg_yearly": 5.16,
            "eps_latest_yearly": 6.44,
            "eps_growth_yearly": 16.27
        },
        "20221": {
            "year_quarter": 20221,
            "year": 2022,
            "quarter": 1,
            "eps": 1.59,
            "eps_growth_year": 19.55,
            "eps_4q": 5.99,
            "eps_4q_growth_year": 8.06,
            "roe": 5.69,
            "roe_4q": 23.15,
            "gross_profit": 1214650,
            "gross_margin": 32.48,
            "gross_margin_4q_avg": 34.72,
            "net_income": 707403,
            "net_income_4q": null,
            "revenue": 3739734,
            "revenue_4q": null,
            "common_shares": 4511971,
            "book_valuer_per_share": 28.12,
            "book_valuer_per_share_4q_avg": 25.54,
            "equity": 12848905,
            "current_ratio": 106.28,
            "debt_ratio": 48.14,
            "inventory_turnover_ratio": 4.87,
            "account_receivable_turnover_ratio": 2.85,
            "reinvestment_rate": 18.07,
            "research_to_sale_ratio": 0.77,
            "price_fair": 99.8,
            "eps_avg_yearly": 5.26,
            "eps_latest_yearly": 6.36,
            "eps_growth_yearly": 8.97
        },
        "20222": {
            "year_quarter": 20222,
            "year": 2022,
            "quarter": 2,
            "eps": 1.28,
            "eps_growth_year": -8.57,
            "eps_4q": 5.87,
            "eps_4q_growth_year": 2.5,
            "roe": 4.74,
            "roe_4q": 22.42,
            "gross_profit": 1213426,
            "gross_margin": 32,
            "gross_margin_4q_avg": 33.66,
            "net_income": 566011,
            "net_income_4q": null,
            "revenue": 3791806,
            "revenue_4q": null,
            "common_shares": 4511971,
            "book_valuer_per_share": 24.13,
            "book_valuer_per_share_4q_avg": 25.79,
            "equity": 11045905,
            "current_ratio": 89.18,
            "debt_ratio": 55.64,
            "inventory_turnover_ratio": 5.03,
            "account_receivable_turnover_ratio": 2.72,
            "reinvestment_rate": 14.33,
            "research_to_sale_ratio": 0.76,
            "price_fair": 88.29,
            "eps_avg_yearly": 5.31,
            "eps_latest_yearly": 5.12,
            "eps_growth_yearly": 6.62
        },
        "20223": {
            "year_quarter": 20223,
            "year": 2022,
            "quarter": 3,
            "eps": 1.44,
            "eps_growth_year": 2.86,
            "eps_4q": 5.9,
            "eps_4q_growth_year": 2.28,
            "roe": 5.62,
            "roe_4q": 22.26,
            "gross_profit": 1288244,
            "gross_margin": 33.86,
            "gross_margin_4q_avg": 33.12,
            "net_income": 642552,
            "net_income_4q": null,
            "revenue": 3805069,
            "revenue_4q": null,
            "common_shares": 4511971,
            "book_valuer_per_share": 25.66,
            "book_valuer_per_share_4q_avg": 26.06,
            "equity": 11800310,
            "current_ratio": 111.03,
            "debt_ratio": 51.41,
            "inventory_turnover_ratio": 4.68,
            "account_receivable_turnover_ratio": 2.6,
            "reinvestment_rate": 17.19,
            "research_to_sale_ratio": 0.88,
            "price_fair": 94.96,
            "eps_avg_yearly": 5.38,
            "eps_latest_yearly": 5.76,
            "eps_growth_yearly": 7.64
        },
        "20224": {
            "year_quarter": 20224,
            "year": 2022,
            "quarter": 4,
            "eps": 1.55,
            "eps_growth_year": -3.72,
            "eps_4q": 5.83,
            "eps_4q_growth_year": 1.78,
            "roe": 5.69,
            "roe_4q": 21.740000000000002,
            "gross_profit": 1357225,
            "gross_margin": 33.75,
            "gross_margin_4q_avg": 33.02,
            "net_income": 691984,
            "net_income_4q": null,
            "revenue": 4020836,
            "revenue_4q": null,
            "common_shares": 4511971,
            "book_valuer_per_share": 27.24,
            "book_valuer_per_share_4q_avg": 26.29,
            "equity": 12529427,
            "current_ratio": 109.06,
            "debt_ratio": 51.63,
            "inventory_turnover_ratio": 4.8,
            "account_receivable_turnover_ratio": 2.57,
            "reinvestment_rate": 31.23,
            "research_to_sale_ratio": 0.81,
            "price_fair": 99.78,
            "eps_avg_yearly": 5.47,
            "eps_latest_yearly": 6.2,
            "eps_growth_yearly": 8.26
        },
        "20231": {
            "year_quarter": 20231,
            "year": 2023,
            "quarter": 1,
            "eps": 1.37,
            "eps_growth_year": -13.84,
            "eps_4q": 5.62,
            "eps_4q_growth_year": -6.09,
            "roe": 4.76,
            "roe_4q": 20.810000000000002,
            "gross_profit": 1347465,
            "gross_margin": 33.13,
            "gross_margin_4q_avg": 33.19,
            "net_income": 612822,
            "net_income_4q": null,
            "revenue": 4067376,
            "revenue_4q": null,
            "common_shares": 4511971,
            "book_valuer_per_share": 28.79,
            "book_valuer_per_share_4q_avg": 26.46,
            "equity": 13228515,
            "current_ratio": 113.31,
            "debt_ratio": 50.95,
            "inventory_turnover_ratio": 4.77,
            "account_receivable_turnover_ratio": 2.55,
            "reinvestment_rate": 33.77,
            "research_to_sale_ratio": 0.8,
            "price_fair": 86.83,
            "eps_avg_yearly": 5.51,
            "eps_latest_yearly": 5.48,
            "eps_growth_yearly": 5.76
        },
        "20232": {
            "year_quarter": 20232,
            "year": 2023,
            "quarter": 2,
            "eps": 1.46,
            "eps_growth_year": 14.06,
            "eps_4q": 5.8,
            "eps_4q_growth_year": -1.27,
            "roe": 5.24,
            "roe_4q": 21.310000000000002,
            "gross_profit": 1400068,
            "gross_margin": 32.79,
            "gross_margin_4q_avg": 33.38,
            "net_income": 653530,
            "net_income_4q": null,
            "revenue": 4270176,
            "revenue_4q": null,
            "common_shares": 4511971,
            "book_valuer_per_share": 25.31,
            "book_valuer_per_share_4q_avg": 26.75,
            "equity": 11706432,
            "current_ratio": 100.69,
            "debt_ratio": 55.94,
            "inventory_turnover_ratio": 5.02,
            "account_receivable_turnover_ratio": 2.63,
            "reinvestment_rate": 32,
            "research_to_sale_ratio": 0.7,
            "price_fair": 95.8,
            "eps_avg_yearly": 5.57,
            "eps_latest_yearly": 5.84,
            "eps_growth_yearly": 7.2
        },
        "20233": {
            "year_quarter": 20233,
            "year": 2023,
            "quarter": 3,
            "eps": 1.48,
            "eps_growth_year": 2.78,
            "eps_4q": 5.84,
            "eps_4q_growth_year": -0.94,
            "roe": 5.52,
            "roe_4q": 21.21,
            "gross_profit": 1406651,
            "gross_margin": 32.81,
            "gross_margin_4q_avg": 33.12,
            "net_income": 663725,
            "net_income_4q": null,
            "revenue": 4287280,
            "revenue_4q": null,
            "common_shares": 4511971,
            "book_valuer_per_share": 26.82,
            "book_valuer_per_share_4q_avg": 27.04,
            "equity": 12347993,
            "current_ratio": 126.68,
            "debt_ratio": 52.22,
            "inventory_turnover_ratio": 5.16,
            "account_receivable_turnover_ratio": 2.51,
            "reinvestment_rate": 34.48,
            "research_to_sale_ratio": 0.69,
            "price_fair": 96.47,
            "eps_avg_yearly": 5.63,
            "eps_latest_yearly": 5.92,
            "eps_growth_yearly": 7.13
        }
    },
    "months": {
        "2001-06": {
            "month": "2001-06",
            "price": "30.60",
            "revenue": 350451
        },
        "2001-07": {
            "month": "2001-07",
            "price": "29.70",
            "revenue": 349839
        },
        "2001-08": {
            "month": "2001-08",
            "price": "30.48",
            "revenue": 348006
        },
        "2001-09": {
            "month": "2001-09",
            "price": "28.28",
            "revenue": 345096
        },
        "2001-10": {
            "month": "2001-10",
            "price": "28.39",
            "revenue": 353631
        },
        "2001-11": {
            "month": "2001-11",
            "price": "28.88",
            "revenue": 356617
        },
        "2001-12": {
            "month": "2001-12",
            "price": "32.81",
            "revenue": 348698
        },
        "2002-01": {
            "month": "2002-01",
            "price": "33.56",
            "revenue": 346851
        },
        "2002-02": {
            "month": "2002-02",
            "price": "31.81",
            "revenue": 335268
        },
        "2002-03": {
            "month": "2002-03",
            "price": "32.25",
            "revenue": 339187
        },
        "2002-04": {
            "month": "2002-04",
            "price": "32.69",
            "revenue": 348649
        },
        "2002-05": {
            "month": "2002-05",
            "price": "30.37",
            "revenue": 372272
        },
        "2002-06": {
            "month": "2002-06",
            "price": "30.68",
            "revenue": 356887
        },
        "2002-07": {
            "month": "2002-07",
            "price": "29.75",
            "revenue": 364370
        },
        "2002-08": {
            "month": "2002-08",
            "price": "26.10",
            "revenue": 357173
        },
        "2002-09": {
            "month": "2002-09",
            "price": "23.01",
            "revenue": 355215
        },
        "2002-10": {
            "month": "2002-10",
            "price": "24.60",
            "revenue": 357836
        },
        "2002-11": {
            "month": "2002-11",
            "price": "27.47",
            "revenue": 373245
        },
        "2002-12": {
            "month": "2002-12",
            "price": "26.87",
            "revenue": 375430
        },
        "2003-01": {
            "month": "2003-01",
            "price": "28.33",
            "revenue": 358434
        },
        "2003-02": {
            "month": "2003-02",
            "price": "28.23",
            "revenue": 351747
        },
        "2003-03": {
            "month": "2003-03",
            "price": "27.67",
            "revenue": 367444
        },
        "2003-04": {
            "month": "2003-04",
            "price": "27.77",
            "revenue": 367682
        },
        "2003-05": {
            "month": "2003-05",
            "price": "27.37",
            "revenue": 370316
        },
        "2003-06": {
            "month": "2003-06",
            "price": "28.96",
            "revenue": 377063
        },
        "2003-07": {
            "month": "2003-07",
            "price": "29.01",
            "revenue": 380399
        },
        "2003-08": {
            "month": "2003-08",
            "price": "26.61",
            "revenue": 378645
        },
        "2003-09": {
            "month": "2003-09",
            "price": "25.26",
            "revenue": 383623
        },
        "2003-10": {
            "month": "2003-10",
            "price": "28.61",
            "revenue": 390031
        },
        "2003-11": {
            "month": "2003-11",
            "price": "30.64",
            "revenue": 384566
        },
        "2003-12": {
            "month": "2003-12",
            "price": "30.32",
            "revenue": 412616
        },
        "2004-01": {
            "month": "2004-01",
            "price": "31.76",
            "revenue": 377876
        },
        "2004-02": {
            "month": "2004-02",
            "price": "33.74",
            "revenue": 381718
        },
        "2004-03": {
            "month": "2004-03",
            "price": "35.20",
            "revenue": 398610
        },
        "2004-04": {
            "month": "2004-04",
            "price": "33.99",
            "revenue": 399801
        },
        "2004-05": {
            "month": "2004-05",
            "price": "31.75",
            "revenue": 401768
        },
        "2004-06": {
            "month": "2004-06",
            "price": "33.77",
            "revenue": 406722
        },
        "2004-07": {
            "month": "2004-07",
            "price": "31.34",
            "revenue": 409329
        },
        "2004-08": {
            "month": "2004-08",
            "price": "32.00",
            "revenue": 407566
        },
        "2004-09": {
            "month": "2004-09",
            "price": "36.21",
            "revenue": 409745
        },
        "2004-10": {
            "month": "2004-10",
            "price": "36.90",
            "revenue": 416344
        },
        "2004-11": {
            "month": "2004-11",
            "price": "38.28",
            "revenue": 446658
        },
        "2004-12": {
            "month": "2004-12",
            "price": "37.97",
            "revenue": 469042
        },
        "2005-01": {
            "month": "2005-01",
            "price": "38.66",
            "revenue": 427227
        },
        "2005-02": {
            "month": "2005-02",
            "price": "40.08",
            "revenue": 410999
        },
        "2005-03": {
            "month": "2005-03",
            "price": "47.41",
            "revenue": 429244
        },
        "2005-04": {
            "month": "2005-04",
            "price": "47.05",
            "revenue": 426944
        },
        "2005-05": {
            "month": "2005-05",
            "price": "47.48",
            "revenue": 434203
        },
        "2005-06": {
            "month": "2005-06",
            "price": "47.61",
            "revenue": 440176
        },
        "2005-07": {
            "month": "2005-07",
            "price": "49.73",
            "revenue": 432200
        },
        "2005-08": {
            "month": "2005-08",
            "price": "46.34",
            "revenue": 451773
        },
        "2005-09": {
            "month": "2005-09",
            "price": "45.95",
            "revenue": 436228
        },
        "2005-10": {
            "month": "2005-10",
            "price": "45.93",
            "revenue": 449020
        },
        "2005-11": {
            "month": "2005-11",
            "price": "47.73",
            "revenue": 459430
        },
        "2005-12": {
            "month": "2005-12",
            "price": "49.52",
            "revenue": 484551
        },
        "2006-01": {
            "month": "2006-01",
            "price": "50.74",
            "revenue": 462912
        },
        "2006-02": {
            "month": "2006-02",
            "price": "52.80",
            "revenue": 475409
        },
        "2006-03": {
            "month": "2006-03",
            "price": "51.44",
            "revenue": 453732
        },
        "2006-04": {
            "month": "2006-04",
            "price": "49.42",
            "revenue": 446229
        },
        "2006-05": {
            "month": "2006-05",
            "price": "56.83",
            "revenue": 470525
        },
        "2006-06": {
            "month": "2006-06",
            "price": "54.03",
            "revenue": 457595
        },
        "2006-07": {
            "month": "2006-07",
            "price": "56.23",
            "revenue": 456143
        },
        "2006-08": {
            "month": "2006-08",
            "price": "57.07",
            "revenue": 457092
        },
        "2006-09": {
            "month": "2006-09",
            "price": "56.03",
            "revenue": 458041
        },
        "2006-10": {
            "month": "2006-10",
            "price": "54.44",
            "revenue": 458892
        },
        "2006-11": {
            "month": "2006-11",
            "price": "54.78",
            "revenue": 468353
        },
        "2006-12": {
            "month": "2006-12",
            "price": "56.11",
            "revenue": 495005
        },
        "2007-01": {
            "month": "2007-01",
            "price": "58.22",
            "revenue": 466606
        },
        "2007-02": {
            "month": "2007-02",
            "price": "55.09",
            "revenue": 471088
        },
        "2007-03": {
            "month": "2007-03",
            "price": "52.87",
            "revenue": 466030
        },
        "2007-04": {
            "month": "2007-04",
            "price": "55.02",
            "revenue": 464852
        },
        "2007-05": {
            "month": "2007-05",
            "price": "58.36",
            "revenue": 469131
        },
        "2007-06": {
            "month": "2007-06",
            "price": "56.56",
            "revenue": 473059
        },
        "2007-07": {
            "month": "2007-07",
            "price": "55.18",
            "revenue": 476475
        },
        "2007-08": {
            "month": "2007-08",
            "price": "51.78",
            "revenue": 470995
        },
        "2007-09": {
            "month": "2007-09",
            "price": "53.99",
            "revenue": 479227
        },
        "2007-10": {
            "month": "2007-10",
            "price": "51.19",
            "revenue": 485579
        },
        "2007-11": {
            "month": "2007-11",
            "price": "50.92",
            "revenue": 494372
        },
        "2007-12": {
            "month": "2007-12",
            "price": "49.97",
            "revenue": 502229
        },
        "2008-01": {
            "month": "2008-01",
            "price": "50.79",
            "revenue": 494055
        },
        "2008-02": {
            "month": "2008-02",
            "price": "53.34",
            "revenue": 475465
        },
        "2008-03": {
            "month": "2008-03",
            "price": "58.78",
            "revenue": 488660
        },
        "2008-04": {
            "month": "2008-04",
            "price": "66.13",
            "revenue": 489763
        },
        "2008-05": {
            "month": "2008-05",
            "price": "67.67",
            "revenue": 499661
        },
        "2008-06": {
            "month": "2008-06",
            "price": "59.42",
            "revenue": 505588
        },
        "2008-07": {
            "month": "2008-07",
            "price": "53.33",
            "revenue": 500524
        },
        "2008-08": {
            "month": "2008-08",
            "price": "53.30",
            "revenue": 517386
        },
        "2008-09": {
            "month": "2008-09",
            "price": "50.35",
            "revenue": 500739
        },
        "2008-10": {
            "month": "2008-10",
            "price": "41.95",
            "revenue": 498772
        },
        "2008-11": {
            "month": "2008-11",
            "price": "44.10",
            "revenue": 497134
        },
        "2008-12": {
            "month": "2008-12",
            "price": "44.65",
            "revenue": 525303
        },
        "2009-01": {
            "month": "2009-01",
            "price": "42.94",
            "revenue": 478083
        },
        "2009-02": {
            "month": "2009-02",
            "price": "45.26",
            "revenue": 478782
        },
        "2009-03": {
            "month": "2009-03",
            "price": "45.51",
            "revenue": 478391
        },
        "2009-04": {
            "month": "2009-04",
            "price": "47.37",
            "revenue": 484070
        },
        "2009-05": {
            "month": "2009-05",
            "price": "50.02",
            "revenue": 485094
        },
        "2009-06": {
            "month": "2009-06",
            "price": "50.23",
            "revenue": 485227
        },
        "2009-07": {
            "month": "2009-07",
            "price": "50.50",
            "revenue": 489634
        },
        "2009-08": {
            "month": "2009-08",
            "price": "48.81",
            "revenue": 483043
        },
        "2009-09": {
            "month": "2009-09",
            "price": "50.15",
            "revenue": 478585
        },
        "2009-10": {
            "month": "2009-10",
            "price": "50.40",
            "revenue": 477883
        },
        "2009-11": {
            "month": "2009-11",
            "price": "49.79",
            "revenue": 483585
        },
        "2009-12": {
            "month": "2009-12",
            "price": "50.36",
            "revenue": 498796
        },
        "2010-01": {
            "month": "2010-01",
            "price": "54.90",
            "revenue": 486016
        },
        "2010-02": {
            "month": "2010-02",
            "price": "51.14",
            "revenue": 469423
        },
        "2010-03": {
            "month": "2010-03",
            "price": "50.57",
            "revenue": 487140
        },
        "2010-04": {
            "month": "2010-04",
            "price": "51.49",
            "revenue": 484570
        },
        "2010-05": {
            "month": "2010-05",
            "price": "50.46",
            "revenue": 479187
        },
        "2010-06": {
            "month": "2010-06",
            "price": "50.75",
            "revenue": 483527
        },
        "2010-07": {
            "month": "2010-07",
            "price": "50.03",
            "revenue": 483210
        },
        "2010-08": {
            "month": "2010-08",
            "price": "50.69",
            "revenue": 481054
        },
        "2010-09": {
            "month": "2010-09",
            "price": "52.22",
            "revenue": 488060
        },
        "2010-10": {
            "month": "2010-10",
            "price": "54.28",
            "revenue": 512229
        },
        "2010-11": {
            "month": "2010-11",
            "price": "54.43",
            "revenue": 510979
        },
        "2010-12": {
            "month": "2010-12",
            "price": "54.72",
            "revenue": 531168
        },
        "2011-01": {
            "month": "2011-01",
            "price": "54.34",
            "revenue": 505325
        },
        "2011-02": {
            "month": "2011-02",
            "price": "53.78",
            "revenue": 492686
        },
        "2011-03": {
            "month": "2011-03",
            "price": "53.39",
            "revenue": 513233
        },
        "2011-04": {
            "month": "2011-04",
            "price": "54.39",
            "revenue": 504319
        },
        "2011-05": {
            "month": "2011-05",
            "price": "56.58",
            "revenue": 512934
        },
        "2011-06": {
            "month": "2011-06",
            "price": "56.87",
            "revenue": 499568
        },
        "2011-07": {
            "month": "2011-07",
            "price": "54.51",
            "revenue": 502260
        },
        "2011-08": {
            "month": "2011-08",
            "price": "52.61",
            "revenue": 522924
        },
        "2011-09": {
            "month": "2011-09",
            "price": "53.13",
            "revenue": 509339
        },
        "2011-10": {
            "month": "2011-10",
            "price": "54.63",
            "revenue": 503944
        },
        "2011-11": {
            "month": "2011-11",
            "price": "54.54",
            "revenue": 507058
        },
        "2011-12": {
            "month": "2011-12",
            "price": "55.82",
            "revenue": 534001
        },
        "2012-01": {
            "month": "2012-01",
            "price": "55.35",
            "revenue": 506831
        },
        "2012-02": {
            "month": "2012-02",
            "price": "58.30",
            "revenue": 499192
        },
        "2012-03": {
            "month": "2012-03",
            "price": "60.01",
            "revenue": 515719
        },
        "2012-04": {
            "month": "2012-04",
            "price": "60.39",
            "revenue": 501889
        },
        "2012-05": {
            "month": "2012-05",
            "price": "62.64",
            "revenue": 512091
        },
        "2012-06": {
            "month": "2012-06",
            "price": "63.98",
            "revenue": 518105
        },
        "2012-07": {
            "month": "2012-07",
            "price": "62.60",
            "revenue": 518745
        },
        "2012-08": {
            "month": "2012-08",
            "price": "60.79",
            "revenue": 527983
        },
        "2012-09": {
            "month": "2012-09",
            "price": "63.09",
            "revenue": 517922
        },
        "2012-10": {
            "month": "2012-10",
            "price": "63.91",
            "revenue": 1005425
        },
        "2012-11": {
            "month": "2012-11",
            "price": "61.98",
            "revenue": 1013816
        },
        "2012-12": {
            "month": "2012-12",
            "price": "64.65",
            "revenue": 1043613
        },
        "2013-01": {
            "month": "2013-01",
            "price": "64.76",
            "revenue": 995888
        },
        "2013-02": {
            "month": "2013-02",
            "price": "66.85",
            "revenue": 975416
        },
        "2013-03": {
            "month": "2013-03",
            "price": "67.18",
            "revenue": 1081821
        },
        "2013-04": {
            "month": "2013-04",
            "price": "69.68",
            "revenue": 1053358
        },
        "2013-05": {
            "month": "2013-05",
            "price": "73.11",
            "revenue": 1038987
        },
        "2013-06": {
            "month": "2013-06",
            "price": "71.18",
            "revenue": 1038249
        },
        "2013-07": {
            "month": "2013-07",
            "price": "68.68",
            "revenue": 1020824
        },
        "2013-08": {
            "month": "2013-08",
            "price": "69.42",
            "revenue": 1050039
        },
        "2013-09": {
            "month": "2013-09",
            "price": "70.32",
            "revenue": 1076036
        },
        "2013-10": {
            "month": "2013-10",
            "price": "71.14",
            "revenue": 1047953
        },
        "2013-11": {
            "month": "2013-11",
            "price": "70.85",
            "revenue": 1101927
        },
        "2013-12": {
            "month": "2013-12",
            "price": "74.88",
            "revenue": 1132249
        },
        "2014-01": {
            "month": "2014-01",
            "price": "75.99",
            "revenue": 1089223
        },
        "2014-02": {
            "month": "2014-02",
            "price": "76.42",
            "revenue": 992964
        },
        "2014-03": {
            "month": "2014-03",
            "price": "76.73",
            "revenue": 1061492
        },
        "2014-04": {
            "month": "2014-04",
            "price": "77.98",
            "revenue": 1046091
        },
        "2014-05": {
            "month": "2014-05",
            "price": "76.35",
            "revenue": 1088049
        },
        "2014-06": {
            "month": "2014-06",
            "price": "77.14",
            "revenue": 1052164
        },
        "2014-07": {
            "month": "2014-07",
            "price": "79.22",
            "revenue": 1090855
        },
        "2014-08": {
            "month": "2014-08",
            "price": "84.55",
            "revenue": 1136556
        },
        "2014-09": {
            "month": "2014-09",
            "price": "83.95",
            "revenue": 1059765
        },
        "2014-10": {
            "month": "2014-10",
            "price": "81.66",
            "revenue": 1080763
        },
        "2014-11": {
            "month": "2014-11",
            "price": "80.12",
            "revenue": 1158887
        },
        "2014-12": {
            "month": "2014-12",
            "price": "81.13",
            "revenue": 1215107
        },
        "2015-01": {
            "month": "2015-01",
            "price": "81.96",
            "revenue": 1198271
        },
        "2015-02": {
            "month": "2015-02",
            "price": "82.78",
            "revenue": 1046953
        },
        "2015-03": {
            "month": "2015-03",
            "price": "84.04",
            "revenue": 1045346
        },
        "2015-04": {
            "month": "2015-04",
            "price": "90.12",
            "revenue": 1090176
        },
        "2015-05": {
            "month": "2015-05",
            "price": "90.74",
            "revenue": 1094167
        },
        "2015-06": {
            "month": "2015-06",
            "price": "93.39",
            "revenue": 1119774
        },
        "2015-07": {
            "month": "2015-07",
            "price": "92.88",
            "revenue": 1095308
        },
        "2015-08": {
            "month": "2015-08",
            "price": "91.20",
            "revenue": 1108347
        },
        "2015-09": {
            "month": "2015-09",
            "price": "91.30",
            "revenue": 1094607
        },
        "2015-10": {
            "month": "2015-10",
            "price": "94.93",
            "revenue": 1096402
        },
        "2015-11": {
            "month": "2015-11",
            "price": "98.35",
            "revenue": 1112229
        },
        "2015-12": {
            "month": "2015-12",
            "price": "93.17",
            "revenue": 1186907
        },
        "2016-01": {
            "month": "2016-01",
            "price": "92.60",
            "revenue": 1113056
        },
        "2016-02": {
            "month": "2016-02",
            "price": "93.64",
            "revenue": 1002545
        },
        "2016-03": {
            "month": "2016-03",
            "price": "92.70",
            "revenue": 1093949
        },
        "2016-04": {
            "month": "2016-04",
            "price": "91.85",
            "revenue": 1107014
        },
        "2016-05": {
            "month": "2016-05",
            "price": "90.75",
            "revenue": 1132529
        },
        "2016-06": {
            "month": "2016-06",
            "price": "90.40",
            "revenue": 1155484
        },
        "2016-07": {
            "month": "2016-07",
            "price": "94.02",
            "revenue": 1162222
        },
        "2016-08": {
            "month": "2016-08",
            "price": "92.87",
            "revenue": 1151393
        },
        "2016-09": {
            "month": "2016-09",
            "price": "91.89",
            "revenue": 1115436
        },
        "2016-10": {
            "month": "2016-10",
            "price": "91.10",
            "revenue": 1125822
        },
        "2016-11": {
            "month": "2016-11",
            "price": "89.65",
            "revenue": 1147913
        },
        "2016-12": {
            "month": "2016-12",
            "price": "87.12",
            "revenue": 1172822
        },
        "2017-01": {
            "month": "2017-01",
            "price": "87.50",
            "revenue": 1108988
        },
        "2017-02": {
            "month": "2017-02",
            "price": "89.43",
            "revenue": 1022900
        },
        "2017-03": {
            "month": "2017-03",
            "price": "90.30",
            "revenue": 1096822
        },
        "2017-04": {
            "month": "2017-04",
            "price": "89.03",
            "revenue": 1047285
        },
        "2017-05": {
            "month": "2017-05",
            "price": "89.00",
            "revenue": 1053112
        },
        "2017-06": {
            "month": "2017-06",
            "price": "89.93",
            "revenue": 1069843
        },
        "2017-07": {
            "month": "2017-07",
            "price": "91.70",
            "revenue": 1126361
        },
        "2017-08": {
            "month": "2017-08",
            "price": "88.69",
            "revenue": 1094749
        },
        "2017-09": {
            "month": "2017-09",
            "price": "89.24",
            "revenue": 1068967
        },
        "2017-10": {
            "month": "2017-10",
            "price": "88.91",
            "revenue": 1066720
        },
        "2017-11": {
            "month": "2017-11",
            "price": "89.10",
            "revenue": 1081095
        },
        "2017-12": {
            "month": "2017-12",
            "price": "90.67",
            "revenue": 1216612
        },
        "2018-01": {
            "month": "2018-01",
            "price": "91.40",
            "revenue": 1132211
        },
        "2018-02": {
            "month": "2018-02",
            "price": "89.98",
            "revenue": 1069022
        },
        "2018-03": {
            "month": "2018-03",
            "price": "90.10",
            "revenue": 1096571
        },
        "2018-04": {
            "month": "2018-04",
            "price": "89.47",
            "revenue": 1070052
        },
        "2018-05": {
            "month": "2018-05",
            "price": "89.15",
            "revenue": 1134779
        },
        "2018-06": {
            "month": "2018-06",
            "price": "89.36",
            "revenue": 1090969
        },
        "2018-07": {
            "month": "2018-07",
            "price": "89.20",
            "revenue": 1071908
        },
        "2018-08": {
            "month": "2018-08",
            "price": "87.39",
            "revenue": 1149517
        },
        "2018-09": {
            "month": "2018-09",
            "price": "87.98",
            "revenue": 1092859
        },
        "2018-10": {
            "month": "2018-10",
            "price": "86.50",
            "revenue": 1106183
        },
        "2018-11": {
            "month": "2018-11",
            "price": "86.72",
            "revenue": 1126049
        },
        "2018-12": {
            "month": "2018-12",
            "price": "86.55",
            "revenue": 1275675
        },
        "2019-01": {
            "month": "2019-01",
            "price": "86.43",
            "revenue": 1148895
        },
        "2019-02": {
            "month": "2019-02",
            "price": "86.54",
            "revenue": 1050629
        },
        "2019-03": {
            "month": "2019-03",
            "price": "86.26",
            "revenue": 1111802
        },
        "2019-04": {
            "month": "2019-04",
            "price": "86.60",
            "revenue": 1095636
        },
        "2019-05": {
            "month": "2019-05",
            "price": "87.65",
            "revenue": 1119731
        },
        "2019-06": {
            "month": "2019-06",
            "price": "88.71",
            "revenue": 1111410
        },
        "2019-07": {
            "month": "2019-07",
            "price": "88.23",
            "revenue": 1113696
        },
        "2019-08": {
            "month": "2019-08",
            "price": "86.31",
            "revenue": 1167383
        },
        "2019-09": {
            "month": "2019-09",
            "price": "87.60",
            "revenue": 1082933
        },
        "2019-10": {
            "month": "2019-10",
            "price": "86.80",
            "revenue": 1088317
        },
        "2019-11": {
            "month": "2019-11",
            "price": "87.43",
            "revenue": 1128317
        },
        "2019-12": {
            "month": "2019-12",
            "price": "88.19",
            "revenue": 1192928
        },
        "2020-01": {
            "month": "2020-01",
            "price": "87.71",
            "revenue": 1092478
        },
        "2020-02": {
            "month": "2020-02",
            "price": "88.93",
            "revenue": 1113926
        },
        "2020-03": {
            "month": "2020-03",
            "price": "84.10",
            "revenue": 1090746
        },
        "2020-04": {
            "month": "2020-04",
            "price": "85.36",
            "revenue": 1122530
        },
        "2020-05": {
            "month": "2020-05",
            "price": "86.23",
            "revenue": 1128980
        },
        "2020-06": {
            "month": "2020-06",
            "price": "86.98",
            "revenue": 1182105
        },
        "2020-07": {
            "month": "2020-07",
            "price": "87.63",
            "revenue": 1114062
        },
        "2020-08": {
            "month": "2020-08",
            "price": "85.74",
            "revenue": 1140071
        },
        "2020-09": {
            "month": "2020-09",
            "price": "85.50",
            "revenue": 1185105
        },
        "2020-10": {
            "month": "2020-10",
            "price": "86.78",
            "revenue": 1132564
        },
        "2020-11": {
            "month": "2020-11",
            "price": "88.98",
            "revenue": 1154570
        },
        "2020-12": {
            "month": "2020-12",
            "price": "87.71",
            "revenue": 1249228
        },
        "2021-01": {
            "month": "2021-01",
            "price": "87.50",
            "revenue": 1200221
        },
        "2021-02": {
            "month": "2021-02",
            "price": "87.37",
            "revenue": 1121125
        },
        "2021-03": {
            "month": "2021-03",
            "price": "89.46",
            "revenue": 1215573
        },
        "2021-04": {
            "month": "2021-04",
            "price": "93.53",
            "revenue": 1174566
        },
        "2021-05": {
            "month": "2021-05",
            "price": "92.48",
            "revenue": 1161974
        },
        "2021-06": {
            "month": "2021-06",
            "price": "93.00",
            "revenue": 1118469
        },
        "2021-07": {
            "month": "2021-07",
            "price": "95.28",
            "revenue": 1121679
        },
        "2021-08": {
            "month": "2021-08",
            "price": "95.45",
            "revenue": 1127112
        },
        "2021-09": {
            "month": "2021-09",
            "price": "98.20",
            "revenue": 1167045
        },
        "2021-10": {
            "month": "2021-10",
            "price": "98.78",
            "revenue": 1167661
        },
        "2021-11": {
            "month": "2021-11",
            "price": "103.68",
            "revenue": 1195726
        },
        "2021-12": {
            "month": "2021-12",
            "price": "103.02",
            "revenue": 1363746
        },
        "2022-01": {
            "month": "2022-01",
            "price": "102.17",
            "revenue": 1279879
        },
        "2022-02": {
            "month": "2022-02",
            "price": "102.40",
            "revenue": 1200703
        },
        "2022-03": {
            "month": "2022-03",
            "price": "104.78",
            "revenue": 1259152
        },
        "2022-04": {
            "month": "2022-04",
            "price": "110.76",
            "revenue": 1248585
        },
        "2022-05": {
            "month": "2022-05",
            "price": "107.12",
            "revenue": 1271552
        },
        "2022-06": {
            "month": "2022-06",
            "price": "105.36",
            "revenue": 1271669
        },
        "2022-07": {
            "month": "2022-07",
            "price": "102.31",
            "revenue": 1246390
        },
        "2022-08": {
            "month": "2022-08",
            "price": "103.37",
            "revenue": 1300543
        },
        "2022-09": {
            "month": "2022-09",
            "price": "100.52",
            "revenue": 1254190
        },
        "2022-10": {
            "month": "2022-10",
            "price": "95.36",
            "revenue": 1276670
        },
        "2022-11": {
            "month": "2022-11",
            "price": "97.49",
            "revenue": 1358294
        },
        "2022-12": {
            "month": "2022-12",
            "price": "99.14",
            "revenue": 1385453
        },
        "2023-01": {
            "month": "2023-01",
            "price": "99.61",
            "revenue": 1300733
        },
        "2023-02": {
            "month": "2023-02",
            "price": "100.46",
            "revenue": 1401321
        },
        "2023-03": {
            "month": "2023-03",
            "price": "102.46",
            "revenue": 1365322
        },
        "2023-04": {
            "month": "2023-04",
            "price": "105.85",
            "revenue": 1390117
        },
        "2023-05": {
            "month": "2023-05",
            "price": "112.84",
            "revenue": 1438175
        },
        "2023-06": {
            "month": "2023-06",
            "price": "116.22",
            "revenue": 1441884
        },
        "2023-07": {
            "month": "2023-07",
            "price": "110.33",
            "revenue": 1431195
        },
        "2023-08": {
            "month": "2023-08",
            "price": "107.77",
            "revenue": 1444404
        },
        "2023-09": {
            "month": "2023-09",
            "price": "105.95",
            "revenue": 1411681
        },
        "2023-10": {
            "month": "2023-10",
            "price": "113.72",
            "revenue": 1451358
        },
        "2023-11": {
            "month": "2023-11",
            "price": "120.11",
            "revenue": 1493047
        }
    }
}
