{
    "summary": {
        "stock_name": "欣天然",
        "stock_id": "9918",
        "category": "油電燃氣",
        "main_business": "以導管輸送可燃天然氣供應非工業用燃料<br>天然氣用具及器材之製造銷售暨進出口代銷事項<br>有關瓦斯管工程之承裝",
        "website_url": "http://www.shinshingas.com.tw",
        "ceo": "黃昆宗",
        "pe_ratio": 39,
        "report_year_from": 2001,
        "report_year_to": 2023,
        "age": 22,
        "eps_negative_percentage": 0,
        "eps_growth_avg": {
            "last_all": 2.57,
            "last_2y": -9.75,
            "last_4y": -4.4,
            "last_8y": 0.04,
            "last_12y": -1.42,
            "last_16y": 0.66,
            "last_20y": 2.57,
            "at_2006_last_3y": 27.64,
            "at_2007_last_3y": 5.88,
            "at_2008_last_3y": 1.86,
            "at_2009_last_3y": 7.43,
            "at_2010_last_3y": 0.05,
            "at_2011_last_3y": -1.5,
            "at_2012_last_3y": 7.38,
            "at_2013_last_3y": -4.72,
            "at_2014_last_3y": -9.68,
            "at_2015_last_3y": 2.54,
            "at_2016_last_3y": -5.06,
            "at_2017_last_3y": 5.6,
            "at_2018_last_3y": 6.82,
            "at_2019_last_3y": 2.46,
            "at_2020_last_3y": 10.72,
            "at_2021_last_3y": 8.95,
            "at_2022_last_3y": -3.18,
            "at_2023_last_3y": -3.18,
            "at_2006_last_all": 15.57,
            "at_2007_last_all": 11.53,
            "at_2008_last_all": 7.8,
            "at_2009_last_all": 9.05,
            "at_2010_last_all": 8.67,
            "at_2011_last_all": 6.32,
            "at_2012_last_all": 7.65,
            "at_2013_last_all": 4.46,
            "at_2014_last_all": 3.03,
            "at_2015_last_all": 5.24,
            "at_2016_last_all": 4.26,
            "at_2017_last_all": 4.74,
            "at_2018_last_all": 3.92,
            "at_2019_last_all": 4.62,
            "at_2020_last_all": 5.62,
            "at_2021_last_all": 5.59,
            "at_2022_last_all": 2.57,
            "at_2023_last_all": 2.57
        },
        "latest_eps": 1.09,
        "latest_price": 42.1,
        "latest_roe": 6.27,
        "latest_gross_margin": 32.78,
        "latest_equity": 2955444,
        "latest_revenue": 620374,
        "latest_gross_profit": 203337,
        "latest_net_income": 149242,
        "latest_debt_ratio": 46.56,
        "latest_current_ratio": 219.53,
        "latest_account_receivable_turnover_ratio": 2.75,
        "latest_inventory_turnover_ratio": 9.65,
        "latest_reinvestment_rate": 53.99,
        "latest_research_to_sale_ratio": null
    },
    "eps_dividends": {
        "1993": {
            "cash": 0,
            "stock": 1.5,
            "eps": 0
        },
        "1994": {
            "cash": 0,
            "stock": 1.5,
            "eps": 0
        },
        "1995": {
            "cash": 0,
            "stock": 1.5,
            "eps": 0
        },
        "1996": {
            "cash": 0,
            "stock": 1.5,
            "eps": 0
        },
        "1997": {
            "cash": 0.5,
            "stock": 1,
            "eps": 0
        },
        "1998": {
            "cash": 0,
            "stock": 1.75,
            "eps": 0
        },
        "2001": {
            "cash": 0,
            "stock": 0,
            "eps": 1.1
        },
        "2002": {
            "cash": 0.93,
            "stock": 0,
            "eps": 0.74
        },
        "2003": {
            "cash": 1,
            "stock": 0,
            "eps": 1.32
        },
        "2004": {
            "cash": 1.13,
            "stock": 0,
            "eps": 1.34
        },
        "2005": {
            "cash": 0,
            "stock": 0,
            "eps": 1.28
        },
        "2006": {
            "cash": 0.55,
            "stock": 0.55,
            "eps": 1.73
        },
        "2007": {
            "cash": 1.3,
            "stock": 0,
            "eps": 1.58
        },
        "2008": {
            "cash": 1.3,
            "stock": 0,
            "eps": 1.35
        },
        "2009": {
            "cash": 1,
            "stock": 0,
            "eps": 1.59
        },
        "2010": {
            "cash": 0.7,
            "stock": 0.6,
            "eps": 1.68
        },
        "2011": {
            "cash": 2.5999999999999996,
            "stock": 0,
            "eps": 1.43
        },
        "2012": {
            "cash": 0,
            "stock": 0,
            "eps": 1.73
        },
        "2013": {
            "cash": 1.2,
            "stock": 0,
            "eps": 1.2
        },
        "2014": {
            "cash": 1.2,
            "stock": 0,
            "eps": 1.03
        },
        "2015": {
            "cash": 1.1,
            "stock": 0,
            "eps": 1.38
        },
        "2016": {
            "cash": 1.2,
            "stock": 0,
            "eps": 1.25
        },
        "2017": {
            "cash": 1.15,
            "stock": 0,
            "eps": 1.4
        },
        "2018": {
            "cash": 1.2,
            "stock": 0,
            "eps": 1.27
        },
        "2019": {
            "cash": 1.15,
            "stock": 0,
            "eps": 1.48
        },
        "2020": {
            "cash": 1.35,
            "stock": 0,
            "eps": 1.83
        },
        "2021": {
            "cash": 1.6,
            "stock": 0,
            "eps": 1.92
        },
        "2022": {
            "cash": 1.7,
            "stock": 0,
            "eps": 0.81
        },
        "2023": {
            "cash": 1,
            "stock": 0,
            "eps": 0.84
        }
    },
    "dividends": {
        "1993-05-14": {
            "cash": 0,
            "stock": 1.5
        },
        "1994-03-26": {
            "cash": 0,
            "stock": 1.5
        },
        "1995-05-27": {
            "cash": 0,
            "stock": 1.5
        },
        "1996-05-11": {
            "cash": 0,
            "stock": 1.5
        },
        "1997-05-24": {
            "cash": 0.5,
            "stock": 1
        },
        "1998-05-29": {
            "cash": 0,
            "stock": 1.75
        },
        "2002-06-21": {
            "cash": 0.93,
            "stock": 0
        },
        "2003-03-28": {
            "cash": 1,
            "stock": 0
        },
        "2004-03-12": {
            "cash": 1.13,
            "stock": 0
        },
        "2006-03-24": {
            "cash": 0.55,
            "stock": 0.55
        },
        "2007-03-29": {
            "cash": 1.3,
            "stock": 0
        },
        "2008-03-28": {
            "cash": 1.3,
            "stock": 0
        },
        "2009-03-17": {
            "cash": 1,
            "stock": 0
        },
        "2010-03-17": {
            "cash": 0.7,
            "stock": 0.6
        },
        "2011-01-01": {
            "cash": 1.2,
            "stock": 0
        },
        "2011-03-25": {
            "cash": 1.4,
            "stock": 0
        },
        "2013-03-25": {
            "cash": 1.2,
            "stock": 0
        },
        "2014-06-12": {
            "cash": 1.2,
            "stock": 0
        },
        "2015-08-21": {
            "cash": 1.1,
            "stock": 0
        },
        "2016-08-12": {
            "cash": 1.2,
            "stock": 0
        },
        "2017-08-16": {
            "cash": 1.15,
            "stock": 0
        },
        "2018-08-01": {
            "cash": 1.2,
            "stock": 0
        },
        "2019-08-07": {
            "cash": 1.15,
            "stock": 0
        },
        "2020-08-07": {
            "cash": 1.35,
            "stock": 0
        },
        "2021-10-20": {
            "cash": 1.6,
            "stock": 0
        },
        "2022-08-10": {
            "cash": 1.7,
            "stock": 0
        },
        "2023-03-13": {
            "cash": 1,
            "stock": 0
        }
    },
    "prices": {
        "200101": "13.96",
        "200102": "14.18",
        "200103": "14.00",
        "200104": "14.24",
        "200105": "14.24",
        "200106": "13.67",
        "200107": "12.29",
        "200108": "12.17",
        "200109": "12.05",
        "200110": "11.55",
        "200111": "11.57",
        "200112": "11.96",
        "200201": "11.91",
        "200202": "11.83",
        "200203": "12.19",
        "200204": "12.88",
        "200205": "13.15",
        "200206": "13.28",
        "200207": "13.20",
        "200208": "12.68",
        "200209": "12.41",
        "200210": "12.35",
        "200211": "12.44",
        "200212": "12.45",
        "200301": "12.86",
        "200302": "13.22",
        "200303": "14.48",
        "200304": "14.56",
        "200305": "13.89",
        "200306": "14.41",
        "200307": "14.27",
        "200308": "14.14",
        "200309": "14.37",
        "200310": "15.14",
        "200311": "15.12",
        "200312": "15.06",
        "200401": "15.95",
        "200402": "17.04",
        "200403": "17.45",
        "200404": "17.08",
        "200405": "16.22",
        "200406": "16.64",
        "200407": "16.49",
        "200408": "16.56",
        "200409": "17.41",
        "200410": "17.65",
        "200411": "17.19",
        "200412": "17.24",
        "200501": "17.46",
        "200502": "17.71",
        "200503": "18.52",
        "200504": "17.88",
        "200505": "18.29",
        "200506": "18.85",
        "200507": "18.36",
        "200508": "18.45",
        "200509": "18.45",
        "200510": "18.55",
        "200511": "18.77",
        "200512": "18.72",
        "200601": "18.63",
        "200602": "18.71",
        "200603": "18.86",
        "200604": "19.02",
        "200605": "20.04",
        "200606": "19.06",
        "200607": "19.31",
        "200608": "19.60",
        "200609": "18.69",
        "200610": "18.52",
        "200611": "18.61",
        "200612": "18.94",
        "200701": "19.16",
        "200702": "19.36",
        "200703": "19.64",
        "200704": "20.79",
        "200705": "21.40",
        "200706": "22.65",
        "200707": "24.79",
        "200708": "23.19",
        "200709": "23.34",
        "200710": "24.18",
        "200711": "23.51",
        "200712": "22.78",
        "200801": "22.46",
        "200802": "22.99",
        "200803": "24.97",
        "200804": "25.71",
        "200805": "27.50",
        "200806": "25.47",
        "200807": "24.01",
        "200808": "23.13",
        "200809": "21.84",
        "200810": "20.94",
        "200811": "20.40",
        "200812": "21.24",
        "200901": "21.94",
        "200902": "21.46",
        "200903": "23.10",
        "200904": "24.35",
        "200905": "25.31",
        "200906": "25.18",
        "200907": "25.17",
        "200908": "24.25",
        "200909": "24.96",
        "200910": "25.71",
        "200911": "25.48",
        "200912": "25.56",
        "201001": "26.33",
        "201002": "27.06",
        "201003": "28.22",
        "201004": "28.77",
        "201005": "27.09",
        "201006": "26.63",
        "201007": "28.17",
        "201008": "28.57",
        "201009": "28.18",
        "201010": "27.22",
        "201011": "27.18",
        "201012": "26.96",
        "201101": "27.21",
        "201102": "26.79",
        "201103": "26.67",
        "201104": "27.44",
        "201105": "27.86",
        "201106": "28.43",
        "201107": "27.78",
        "201108": "27.54",
        "201109": "27.19",
        "201110": "27.60",
        "201111": "28.93",
        "201112": "29.53",
        "201201": "29.25",
        "201202": "29.14",
        "201203": "29.80",
        "201204": "28.85",
        "201205": "28.05",
        "201206": "27.81",
        "201207": "27.88",
        "201208": "28.79",
        "201209": "30.68",
        "201210": "30.87",
        "201211": "29.56",
        "201212": "30.29",
        "201301": "31.45",
        "201302": "32.12",
        "201303": "31.96",
        "201304": "32.08",
        "201305": "32.50",
        "201306": "32.42",
        "201307": "32.55",
        "201308": "32.76",
        "201309": "33.43",
        "201310": "33.74",
        "201311": "33.73",
        "201312": "33.36",
        "201401": "33.63",
        "201402": "33.01",
        "201403": "32.99",
        "201404": "33.13",
        "201405": "33.10",
        "201406": "33.90",
        "201407": "34.31",
        "201408": "34.58",
        "201409": "35.64",
        "201410": "34.01",
        "201411": "32.86",
        "201412": "32.89",
        "201501": "32.86",
        "201502": "33.26",
        "201503": "33.42",
        "201504": "33.85",
        "201505": "35.24",
        "201506": "32.76",
        "201507": "32.05",
        "201508": "30.94",
        "201509": "30.52",
        "201510": "30.88",
        "201511": "31.04",
        "201512": "31.26",
        "201601": "31.02",
        "201602": "31.10",
        "201603": "31.45",
        "201604": "31.62",
        "201605": "31.13",
        "201606": "31.48",
        "201607": "31.94",
        "201608": "31.60",
        "201609": "31.77",
        "201610": "31.81",
        "201611": "31.49",
        "201612": "31.75",
        "201701": "31.68",
        "201702": "32.02",
        "201703": "32.41",
        "201704": "31.84",
        "201705": "31.65",
        "201706": "31.93",
        "201707": "31.98",
        "201708": "31.50",
        "201709": "31.64",
        "201710": "32.08",
        "201711": "32.06",
        "201712": "32.06",
        "201801": "32.53",
        "201802": "32.52",
        "201803": "33.03",
        "201804": "33.28",
        "201805": "33.07",
        "201806": "33.55",
        "201807": "33.39",
        "201808": "32.92",
        "201809": "33.24",
        "201810": "32.28",
        "201811": "32.36",
        "201812": "32.90",
        "201901": "33.31",
        "201902": "33.59",
        "201903": "33.61",
        "201904": "33.47",
        "201905": "33.46",
        "201906": "33.85",
        "201907": "33.98",
        "201908": "33.43",
        "201909": "34.21",
        "201910": "34.53",
        "201911": "34.27",
        "201912": "34.20",
        "202001": "34.09",
        "202002": "33.81",
        "202003": "32.24",
        "202004": "33.20",
        "202005": "34.32",
        "202006": "34.78",
        "202007": "35.41",
        "202008": "34.75",
        "202009": "35.06",
        "202010": "35.86",
        "202011": "36.14",
        "202012": "37.05",
        "202101": "36.84",
        "202102": "36.18",
        "202103": "37.05",
        "202104": "38.27",
        "202105": "38.84",
        "202106": "40.03",
        "202107": "40.24",
        "202108": "40.82",
        "202109": "43.26",
        "202110": "43.18",
        "202111": "43.15",
        "202112": "42.62",
        "202201": "42.24",
        "202202": "42.31",
        "202203": "42.58",
        "202204": "43.12",
        "202205": "43.25",
        "202206": "44.97",
        "202207": "44.29",
        "202208": "43.13",
        "202209": "42.26",
        "202210": "42.06",
        "202211": "42.31",
        "202212": "42.29",
        "202301": "42.30",
        "202302": "42.22",
        "202303": "41.88",
        "202304": "41.41",
        "202305": "41.74"
    },
    "quarters": {
        "20011": {
            "year_quarter": 20011,
            "year": 2001,
            "quarter": 1,
            "eps": 0.46,
            "eps_growth_year": -30.3,
            "eps_4q": 1.03,
            "eps_4q_growth_year": -49.86,
            "roe": 3.45,
            "roe_4q": 3.45,
            "gross_profit": 104710,
            "gross_margin": 27.18,
            "gross_margin_4q_avg": 27.18,
            "net_income": 74608,
            "revenue": 385176,
            "common_shares": 1612212,
            "book_valuer_per_share": 13.63,
            "book_valuer_per_share_4q_avg": 13.63,
            "equity": 2197513,
            "current_ratio": 611.39,
            "debt_ratio": 25.17,
            "inventory_turnover_ratio": 19.65,
            "account_receivable_turnover_ratio": null,
            "reinvestment_rate": null,
            "research_to_sale_ratio": null,
            "price_fair": 0,
            "eps_avg_yearly": 0,
            "eps_latest_yearly": 0,
            "eps_growth_yearly": 0
        },
        "20012": {
            "year_quarter": 20012,
            "year": 2001,
            "quarter": 2,
            "eps": 0.38,
            "eps_growth_year": -32.14,
            "eps_4q": 0.92,
            "eps_4q_growth_year": -51.35,
            "roe": 2.83,
            "roe_4q": 6.28,
            "gross_profit": 130156,
            "gross_margin": 36.25,
            "gross_margin_4q_avg": 31.72,
            "net_income": 60657,
            "revenue": 359068,
            "common_shares": 1612212,
            "book_valuer_per_share": 12.95,
            "book_valuer_per_share_4q_avg": 13.29,
            "equity": 2088434,
            "current_ratio": 385.17,
            "debt_ratio": 30.02,
            "inventory_turnover_ratio": 15.69,
            "account_receivable_turnover_ratio": null,
            "reinvestment_rate": null,
            "research_to_sale_ratio": null,
            "price_fair": 0,
            "eps_avg_yearly": 0,
            "eps_latest_yearly": 0,
            "eps_growth_yearly": 0
        },
        "20013": {
            "year_quarter": 20013,
            "year": 2001,
            "quarter": 3,
            "eps": -0.07,
            "eps_growth_year": -275,
            "eps_4q": 0.8,
            "eps_4q_growth_year": -46.21,
            "roe": -0.58,
            "roe_4q": 5.7,
            "gross_profit": 58028,
            "gross_margin": 22.92,
            "gross_margin_4q_avg": 28.78,
            "net_income": -12060,
            "revenue": 253153,
            "common_shares": 1612212,
            "book_valuer_per_share": 12.88,
            "book_valuer_per_share_4q_avg": 13.15,
            "equity": 2076373,
            "current_ratio": 673.08,
            "debt_ratio": 25.38,
            "inventory_turnover_ratio": 13.21,
            "account_receivable_turnover_ratio": null,
            "reinvestment_rate": null,
            "research_to_sale_ratio": null,
            "price_fair": 0,
            "eps_avg_yearly": 0,
            "eps_latest_yearly": 0,
            "eps_growth_yearly": 0
        },
        "20014": {
            "year_quarter": 20014,
            "year": 2001,
            "quarter": 4,
            "eps": 0.33,
            "eps_growth_year": 1000,
            "eps_4q": 1.1,
            "eps_4q_growth_year": 7.74,
            "roe": 2.52,
            "roe_4q": 8.219999999999999,
            "gross_profit": 46833,
            "gross_margin": 15.42,
            "gross_margin_4q_avg": 25.44,
            "net_income": 53022,
            "revenue": 303746,
            "common_shares": 1612212,
            "book_valuer_per_share": 13.21,
            "book_valuer_per_share_4q_avg": 13.17,
            "equity": 2129395,
            "current_ratio": 600.53,
            "debt_ratio": 26.28,
            "inventory_turnover_ratio": 18.19,
            "account_receivable_turnover_ratio": null,
            "reinvestment_rate": null,
            "research_to_sale_ratio": null,
            "price_fair": 0,
            "eps_avg_yearly": 0,
            "eps_latest_yearly": 0,
            "eps_growth_yearly": 0
        },
        "20021": {
            "year_quarter": 20021,
            "year": 2002,
            "quarter": 1,
            "eps": 0.47,
            "eps_growth_year": 2.17,
            "eps_4q": 1.11,
            "eps_4q_growth_year": 7.92,
            "roe": 3.44,
            "roe_4q": 8.21,
            "gross_profit": 118513,
            "gross_margin": 29.21,
            "gross_margin_4q_avg": 25.95,
            "net_income": 74160,
            "revenue": 405748,
            "common_shares": 1612212,
            "book_valuer_per_share": 13.5,
            "book_valuer_per_share_4q_avg": 13.14,
            "equity": 2176524,
            "current_ratio": 616.27,
            "debt_ratio": 26.12,
            "inventory_turnover_ratio": 20.85,
            "account_receivable_turnover_ratio": null,
            "reinvestment_rate": null,
            "research_to_sale_ratio": null,
            "price_fair": 65.8,
            "eps_avg_yearly": 1.88,
            "eps_latest_yearly": 1.88,
            "eps_growth_yearly": 169.7
        },
        "20022": {
            "year_quarter": 20022,
            "year": 2002,
            "quarter": 2,
            "eps": 0.02,
            "eps_growth_year": -94.74,
            "eps_4q": 0.6,
            "eps_4q_growth_year": -34.93,
            "roe": 0.19,
            "roe_4q": 5.57,
            "gross_profit": 109520,
            "gross_margin": 34.35,
            "gross_margin_4q_avg": 25.48,
            "net_income": 3968,
            "revenue": 318861,
            "common_shares": 1612212,
            "book_valuer_per_share": 12.55,
            "book_valuer_per_share_4q_avg": 13.04,
            "equity": 2022626,
            "current_ratio": 376.08,
            "debt_ratio": 31.37,
            "inventory_turnover_ratio": 14.17,
            "account_receivable_turnover_ratio": null,
            "reinvestment_rate": null,
            "research_to_sale_ratio": null,
            "price_fair": 2.94,
            "eps_avg_yearly": 0.98,
            "eps_latest_yearly": 0.08,
            "eps_growth_yearly": -106.64
        },
        "20023": {
            "year_quarter": 20023,
            "year": 2002,
            "quarter": 3,
            "eps": 0.09,
            "eps_growth_year": null,
            "eps_4q": 0.92,
            "eps_4q_growth_year": 14.67,
            "roe": 0.7,
            "roe_4q": 6.85,
            "gross_profit": 76087,
            "gross_margin": 29,
            "gross_margin_4q_avg": 27,
            "net_income": 14290,
            "revenue": 262411,
            "common_shares": 1612212,
            "book_valuer_per_share": 12.63,
            "book_valuer_per_share_4q_avg": 12.97,
            "equity": 2036915,
            "current_ratio": 590.58,
            "debt_ratio": 27.18,
            "inventory_turnover_ratio": 12.14,
            "account_receivable_turnover_ratio": null,
            "reinvestment_rate": null,
            "research_to_sale_ratio": null,
            "price_fair": 27.07,
            "eps_avg_yearly": 0.77,
            "eps_latest_yearly": 0.36,
            "eps_growth_yearly": 395.57
        },
        "20024": {
            "year_quarter": 20024,
            "year": 2002,
            "quarter": 4,
            "eps": 0.16,
            "eps_growth_year": -51.52,
            "eps_4q": 0.74,
            "eps_4q_growth_year": -32.52,
            "roe": 1.24,
            "roe_4q": 5.57,
            "gross_profit": 59461,
            "gross_margin": 19.45,
            "gross_margin_4q_avg": 28,
            "net_income": 25488,
            "revenue": 305661,
            "common_shares": 1612212,
            "book_valuer_per_share": 12.81,
            "book_valuer_per_share_4q_avg": 12.87,
            "equity": 2064506,
            "current_ratio": 490.76,
            "debt_ratio": 28.29,
            "inventory_turnover_ratio": 16.84,
            "account_receivable_turnover_ratio": null,
            "reinvestment_rate": 32.6,
            "research_to_sale_ratio": null,
            "price_fair": 25.9,
            "eps_avg_yearly": 0.74,
            "eps_latest_yearly": 0.64,
            "eps_growth_yearly": 374.46
        },
        "20031": {
            "year_quarter": 20031,
            "year": 2003,
            "quarter": 1,
            "eps": 0.48,
            "eps_growth_year": 2.13,
            "eps_4q": 0.76,
            "eps_4q_growth_year": -32.22,
            "roe": 3.63,
            "roe_4q": 5.760000000000001,
            "gross_profit": 142160,
            "gross_margin": 31.94,
            "gross_margin_4q_avg": 28.69,
            "net_income": 76348,
            "revenue": 445023,
            "common_shares": 1612212,
            "book_valuer_per_share": 13.28,
            "book_valuer_per_share_4q_avg": 12.82,
            "equity": 2140854,
            "current_ratio": 534.14,
            "debt_ratio": 27.34,
            "inventory_turnover_ratio": 20.97,
            "account_receivable_turnover_ratio": null,
            "reinvestment_rate": 23.75,
            "research_to_sale_ratio": null,
            "price_fair": 34.16,
            "eps_avg_yearly": 0.98,
            "eps_latest_yearly": 1.92,
            "eps_growth_yearly": 459.57
        },
        "20032": {
            "year_quarter": 20032,
            "year": 2003,
            "quarter": 2,
            "eps": 0.52,
            "eps_growth_year": 2500,
            "eps_4q": 1.25,
            "eps_4q_growth_year": 108.65,
            "roe": 3.93,
            "roe_4q": 9.5,
            "gross_profit": 128449,
            "gross_margin": 34.16,
            "gross_margin_4q_avg": 28.64,
            "net_income": 82445,
            "revenue": 376037,
            "common_shares": 1612212,
            "book_valuer_per_share": 12.74,
            "book_valuer_per_share_4q_avg": 12.87,
            "equity": 2053574,
            "current_ratio": 359.33,
            "debt_ratio": 32.05,
            "inventory_turnover_ratio": 16.9,
            "account_receivable_turnover_ratio": null,
            "reinvestment_rate": 19.91,
            "research_to_sale_ratio": null,
            "price_fair": 40.6,
            "eps_avg_yearly": 1.16,
            "eps_latest_yearly": 2.08,
            "eps_growth_yearly": 388.53
        },
        "20033": {
            "year_quarter": 20033,
            "year": 2003,
            "quarter": 3,
            "eps": 0.3,
            "eps_growth_year": 233.33,
            "eps_4q": 1.46,
            "eps_4q_growth_year": 59.56,
            "roe": 2.29,
            "roe_4q": 11.090000000000002,
            "gross_profit": 88094,
            "gross_margin": 29.99,
            "gross_margin_4q_avg": 28.89,
            "net_income": 47594,
            "revenue": 293716,
            "common_shares": 1612212,
            "book_valuer_per_share": 13.05,
            "book_valuer_per_share_4q_avg": 12.97,
            "equity": 2103428,
            "current_ratio": 554.35,
            "debt_ratio": 27.33,
            "inventory_turnover_ratio": 14.31,
            "account_receivable_turnover_ratio": null,
            "reinvestment_rate": 17.55,
            "research_to_sale_ratio": null,
            "price_fair": 40.8,
            "eps_avg_yearly": 1.17,
            "eps_latest_yearly": 1.2,
            "eps_growth_yearly": 308.85
        },
        "20034": {
            "year_quarter": 20034,
            "year": 2003,
            "quarter": 4,
            "eps": 0.02,
            "eps_growth_year": -87.5,
            "eps_4q": 1.55,
            "eps_4q_growth_year": 108.95,
            "roe": 0.13,
            "roe_4q": 9.98,
            "gross_profit": 40289,
            "gross_margin": 12.91,
            "gross_margin_4q_avg": 27.25,
            "net_income": 2704,
            "revenue": 311969,
            "common_shares": 1612212,
            "book_valuer_per_share": 13.06,
            "book_valuer_per_share_4q_avg": 13.03,
            "equity": 2106133,
            "current_ratio": 451.02,
            "debt_ratio": 29.42,
            "inventory_turnover_ratio": 19.47,
            "account_receivable_turnover_ratio": null,
            "reinvestment_rate": 8.02,
            "research_to_sale_ratio": null,
            "price_fair": 36.05,
            "eps_avg_yearly": 1.03,
            "eps_latest_yearly": 0.08,
            "eps_growth_yearly": 223.57
        },
        "20041": {
            "year_quarter": 20041,
            "year": 2004,
            "quarter": 1,
            "eps": 0.67,
            "eps_growth_year": 39.58,
            "eps_4q": 1.51,
            "eps_4q_growth_year": 99.65,
            "roe": 4.92,
            "roe_4q": 11.27,
            "gross_profit": 154603,
            "gross_margin": 31.34,
            "gross_margin_4q_avg": 27.1,
            "net_income": 106205,
            "revenue": 493309,
            "common_shares": 1612212,
            "book_valuer_per_share": 13.72,
            "book_valuer_per_share_4q_avg": 13.14,
            "equity": 2212337,
            "current_ratio": 500.87,
            "debt_ratio": 27.79,
            "inventory_turnover_ratio": 24.12,
            "account_receivable_turnover_ratio": null,
            "reinvestment_rate": 5.9,
            "research_to_sale_ratio": null,
            "price_fair": 42.47,
            "eps_avg_yearly": 1.21,
            "eps_latest_yearly": 2.68,
            "eps_growth_yearly": 1643.18
        },
        "20042": {
            "year_quarter": 20042,
            "year": 2004,
            "quarter": 2,
            "eps": 0.43,
            "eps_growth_year": -17.31,
            "eps_4q": 1.42,
            "eps_4q_growth_year": 13.61,
            "roe": 3.15,
            "roe_4q": 10.490000000000002,
            "gross_profit": 154552,
            "gross_margin": 37.22,
            "gross_margin_4q_avg": 27.87,
            "net_income": 67774,
            "revenue": 415216,
            "common_shares": 1612212,
            "book_valuer_per_share": 12.95,
            "book_valuer_per_share_4q_avg": 13.2,
            "equity": 2088519,
            "current_ratio": 340.57,
            "debt_ratio": 32.94,
            "inventory_turnover_ratio": 17.76,
            "account_receivable_turnover_ratio": null,
            "reinvestment_rate": 2.68,
            "research_to_sale_ratio": null,
            "price_fair": 44.24,
            "eps_avg_yearly": 1.26,
            "eps_latest_yearly": 1.72,
            "eps_growth_yearly": 1464.53
        },
        "20043": {
            "year_quarter": 20043,
            "year": 2004,
            "quarter": 3,
            "eps": 0.23,
            "eps_growth_year": -23.33,
            "eps_4q": 1.32,
            "eps_4q_growth_year": -9.79,
            "roe": 1.77,
            "roe_4q": 9.97,
            "gross_profit": 67365,
            "gross_margin": 23.04,
            "gross_margin_4q_avg": 26.13,
            "net_income": 37334,
            "revenue": 292430,
            "common_shares": 1612212,
            "book_valuer_per_share": 13.2,
            "book_valuer_per_share_4q_avg": 13.23,
            "equity": 2128406,
            "current_ratio": 555.96,
            "debt_ratio": 27.72,
            "inventory_turnover_ratio": 15.22,
            "account_receivable_turnover_ratio": null,
            "reinvestment_rate": -6.16,
            "research_to_sale_ratio": null,
            "price_fair": 43.15,
            "eps_avg_yearly": 1.23,
            "eps_latest_yearly": 0.92,
            "eps_growth_yearly": 1314.48
        },
        "20044": {
            "year_quarter": 20044,
            "year": 2004,
            "quarter": 4,
            "eps": 0.01,
            "eps_growth_year": -50,
            "eps_4q": 1.33,
            "eps_4q_growth_year": -14,
            "roe": 0.04,
            "roe_4q": 9.879999999999999,
            "gross_profit": 25421,
            "gross_margin": 7.37,
            "gross_margin_4q_avg": 24.74,
            "net_income": 888,
            "revenue": 345037,
            "common_shares": 1612212,
            "book_valuer_per_share": 13.21,
            "book_valuer_per_share_4q_avg": 13.27,
            "equity": 2129295,
            "current_ratio": 180.82,
            "debt_ratio": 29.9,
            "inventory_turnover_ratio": 18.04,
            "account_receivable_turnover_ratio": null,
            "reinvestment_rate": -11.29,
            "research_to_sale_ratio": null,
            "price_fair": 39.67,
            "eps_avg_yearly": 1.13,
            "eps_latest_yearly": 0.04,
            "eps_growth_yearly": 1173.05
        },
        "20051": {
            "year_quarter": 20051,
            "year": 2005,
            "quarter": 1,
            "eps": 0.65,
            "eps_growth_year": -2.99,
            "eps_4q": 1.31,
            "eps_4q_growth_year": -12.97,
            "roe": 4.77,
            "roe_4q": 9.73,
            "gross_profit": 176170,
            "gross_margin": 31.07,
            "gross_margin_4q_avg": 24.68,
            "net_income": 104081,
            "revenue": 566939,
            "common_shares": 1612212,
            "book_valuer_per_share": 13.85,
            "book_valuer_per_share_4q_avg": 13.3,
            "equity": 2233376,
            "current_ratio": 426.9,
            "debt_ratio": 29.71,
            "inventory_turnover_ratio": 20.53,
            "account_receivable_turnover_ratio": null,
            "reinvestment_rate": -14.38,
            "research_to_sale_ratio": null,
            "price_fair": 43.62,
            "eps_avg_yearly": 1.25,
            "eps_latest_yearly": 2.6,
            "eps_growth_yearly": 3052.05
        },
        "20052": {
            "year_quarter": 20052,
            "year": 2005,
            "quarter": 2,
            "eps": 0.46,
            "eps_growth_year": 6.98,
            "eps_4q": 1.36,
            "eps_4q_growth_year": -4.44,
            "roe": 3.34,
            "roe_4q": 9.919999999999998,
            "gross_profit": 144696,
            "gross_margin": 33.42,
            "gross_margin_4q_avg": 23.73,
            "net_income": 72751,
            "revenue": 432959,
            "common_shares": 1612212,
            "book_valuer_per_share": 13.14,
            "book_valuer_per_share_4q_avg": 13.35,
            "equity": 2119235,
            "current_ratio": 311.58,
            "debt_ratio": 34.54,
            "inventory_turnover_ratio": 15.72,
            "account_receivable_turnover_ratio": null,
            "reinvestment_rate": -15.99,
            "research_to_sale_ratio": null,
            "price_fair": 45.1,
            "eps_avg_yearly": 1.29,
            "eps_latest_yearly": 1.84,
            "eps_growth_yearly": 2825.7
        },
        "20053": {
            "year_quarter": 20053,
            "year": 2005,
            "quarter": 3,
            "eps": 0.14,
            "eps_growth_year": -39.13,
            "eps_4q": 1.27,
            "eps_4q_growth_year": -3.79,
            "roe": 1.03,
            "roe_4q": 9.18,
            "gross_profit": 88874,
            "gross_margin": 26.52,
            "gross_margin_4q_avg": 24.6,
            "net_income": 22047,
            "revenue": 335088,
            "common_shares": 1612212,
            "book_valuer_per_share": 13.3,
            "book_valuer_per_share_4q_avg": 13.38,
            "equity": 2143768,
            "current_ratio": 415.61,
            "debt_ratio": 30.37,
            "inventory_turnover_ratio": 13.26,
            "account_receivable_turnover_ratio": null,
            "reinvestment_rate": -16.42,
            "research_to_sale_ratio": null,
            "price_fair": 43.4,
            "eps_avg_yearly": 1.24,
            "eps_latest_yearly": 0.56,
            "eps_growth_yearly": 2618.77
        },
        "20054": {
            "year_quarter": 20054,
            "year": 2005,
            "quarter": 4,
            "eps": 0.03,
            "eps_growth_year": 200,
            "eps_4q": 1.11,
            "eps_4q_growth_year": -16.92,
            "roe": 0.26,
            "roe_4q": 9.399999999999999,
            "gross_profit": 33375,
            "gross_margin": 8.49,
            "gross_margin_4q_avg": 24.88,
            "net_income": 5550,
            "revenue": 393077,
            "common_shares": 1612212,
            "book_valuer_per_share": 13.33,
            "book_valuer_per_share_4q_avg": 13.41,
            "equity": 2149318,
            "current_ratio": 186.75,
            "debt_ratio": 32.44,
            "inventory_turnover_ratio": 19.52,
            "account_receivable_turnover_ratio": null,
            "reinvestment_rate": -22.61,
            "research_to_sale_ratio": null,
            "price_fair": 40.95,
            "eps_avg_yearly": 1.17,
            "eps_latest_yearly": 0.12,
            "eps_growth_yearly": 2435.45
        },
        "20061": {
            "year_quarter": 20061,
            "year": 2006,
            "quarter": 1,
            "eps": 0.89,
            "eps_growth_year": 36.92,
            "eps_4q": 1.52,
            "eps_4q_growth_year": 15.69,
            "roe": 6.41,
            "roe_4q": 11.04,
            "gross_profit": 177486,
            "gross_margin": 31.27,
            "gross_margin_4q_avg": 24.93,
            "net_income": 142252,
            "revenue": 567646,
            "common_shares": 1612212,
            "book_valuer_per_share": 14.21,
            "book_valuer_per_share_4q_avg": 13.5,
            "equity": 2291570,
            "current_ratio": 198.31,
            "debt_ratio": 29.21,
            "inventory_turnover_ratio": 20.69,
            "account_receivable_turnover_ratio": null,
            "reinvestment_rate": -17.22,
            "research_to_sale_ratio": null,
            "price_fair": 44.63,
            "eps_avg_yearly": 1.28,
            "eps_latest_yearly": 3.56,
            "eps_growth_yearly": 3141.51
        },
        "20062": {
            "year_quarter": 20062,
            "year": 2006,
            "quarter": 2,
            "eps": 0.35,
            "eps_growth_year": -23.91,
            "eps_4q": 1.43,
            "eps_4q_growth_year": 4.99,
            "roe": 2.43,
            "roe_4q": 10.129999999999999,
            "gross_profit": 144327,
            "gross_margin": 31.24,
            "gross_margin_4q_avg": 24.38,
            "net_income": 55165,
            "revenue": 461980,
            "common_shares": 1612212,
            "book_valuer_per_share": 13.96,
            "book_valuer_per_share_4q_avg": 13.7,
            "equity": 2251163,
            "current_ratio": 213.34,
            "debt_ratio": 26.52,
            "inventory_turnover_ratio": 16.49,
            "account_receivable_turnover_ratio": null,
            "reinvestment_rate": -17.02,
            "research_to_sale_ratio": null,
            "price_fair": 47.51,
            "eps_avg_yearly": 1.36,
            "eps_latest_yearly": 1.4,
            "eps_growth_yearly": 3150.28
        },
        "20063": {
            "year_quarter": 20063,
            "year": 2006,
            "quarter": 3,
            "eps": 0.35,
            "eps_growth_year": 150,
            "eps_4q": 1.56,
            "eps_4q_growth_year": 23.05,
            "roe": 2.57,
            "roe_4q": 11.67,
            "gross_profit": 125270,
            "gross_margin": 33.69,
            "gross_margin_4q_avg": 26.17,
            "net_income": 58664,
            "revenue": 371825,
            "common_shares": 1703184,
            "book_valuer_per_share": 13.57,
            "book_valuer_per_share_4q_avg": 13.77,
            "equity": 2311071,
            "current_ratio": 251.48,
            "debt_ratio": 22.27,
            "inventory_turnover_ratio": 11.89,
            "account_receivable_turnover_ratio": null,
            "reinvestment_rate": -17.05,
            "research_to_sale_ratio": null,
            "price_fair": 49.79,
            "eps_avg_yearly": 1.42,
            "eps_latest_yearly": 1.4,
            "eps_growth_yearly": 3062.78
        },
        "20064": {
            "year_quarter": 20064,
            "year": 2006,
            "quarter": 4,
            "eps": 0.14,
            "eps_growth_year": 366.67,
            "eps_4q": 1.61,
            "eps_4q_growth_year": 46.02,
            "roe": 1.05,
            "roe_4q": 12.46,
            "gross_profit": 41060,
            "gross_margin": 9.84,
            "gross_margin_4q_avg": 26.51,
            "net_income": 24329,
            "revenue": 417273,
            "common_shares": 1703184,
            "book_valuer_per_share": 13.71,
            "book_valuer_per_share_4q_avg": 13.86,
            "equity": 2335401,
            "current_ratio": 256.72,
            "debt_ratio": 24.76,
            "inventory_turnover_ratio": 15.43,
            "account_receivable_turnover_ratio": null,
            "reinvestment_rate": -22.32,
            "research_to_sale_ratio": null,
            "price_fair": 49.61,
            "eps_avg_yearly": 1.42,
            "eps_latest_yearly": 0.56,
            "eps_growth_yearly": 3028.33
        },
        "20071": {
            "year_quarter": 20071,
            "year": 2007,
            "quarter": 1,
            "eps": 0.67,
            "eps_growth_year": -24.72,
            "eps_4q": 1.5,
            "eps_4q_growth_year": -1.31,
            "roe": 4.68,
            "roe_4q": 10.729999999999999,
            "gross_profit": 188056,
            "gross_margin": 29.65,
            "gross_margin_4q_avg": 26.11,
            "net_income": 111808,
            "revenue": 634196,
            "common_shares": 1703184,
            "book_valuer_per_share": 14.37,
            "book_valuer_per_share_4q_avg": 13.9,
            "equity": 2447209,
            "current_ratio": 268.33,
            "debt_ratio": 22.25,
            "inventory_turnover_ratio": 20.36,
            "account_receivable_turnover_ratio": null,
            "reinvestment_rate": -13.14,
            "research_to_sale_ratio": null,
            "price_fair": 51.28,
            "eps_avg_yearly": 1.47,
            "eps_latest_yearly": 2.68,
            "eps_growth_yearly": 3072.98
        },
        "20072": {
            "year_quarter": 20072,
            "year": 2007,
            "quarter": 2,
            "eps": 0.72,
            "eps_growth_year": 105.71,
            "eps_4q": 1.88,
            "eps_4q_growth_year": 31.97,
            "roe": 5.04,
            "roe_4q": 13.34,
            "gross_profit": 204353,
            "gross_margin": 36.77,
            "gross_margin_4q_avg": 27.49,
            "net_income": 120489,
            "revenue": 555792,
            "common_shares": 1703184,
            "book_valuer_per_share": 13.7,
            "book_valuer_per_share_4q_avg": 13.84,
            "equity": 2333665,
            "current_ratio": 210.58,
            "debt_ratio": 28.47,
            "inventory_turnover_ratio": 19.99,
            "account_receivable_turnover_ratio": null,
            "reinvestment_rate": -13.05,
            "research_to_sale_ratio": null,
            "price_fair": 53.03,
            "eps_avg_yearly": 1.52,
            "eps_latest_yearly": 2.88,
            "eps_growth_yearly": 3072.76
        },
        "20073": {
            "year_quarter": 20073,
            "year": 2007,
            "quarter": 3,
            "eps": 0.36,
            "eps_growth_year": 2.86,
            "eps_4q": 1.9,
            "eps_4q_growth_year": 21.53,
            "roe": 2.54,
            "roe_4q": 13.31,
            "gross_profit": 70702,
            "gross_margin": 18.14,
            "gross_margin_4q_avg": 23.6,
            "net_income": 60106,
            "revenue": 389760,
            "common_shares": 1703184,
            "book_valuer_per_share": 14.07,
            "book_valuer_per_share_4q_avg": 13.96,
            "equity": 2396871,
            "current_ratio": 258.25,
            "debt_ratio": 22.73,
            "inventory_turnover_ratio": 16.26,
            "account_receivable_turnover_ratio": null,
            "reinvestment_rate": -12.81,
            "research_to_sale_ratio": null,
            "price_fair": 53.55,
            "eps_avg_yearly": 1.53,
            "eps_latest_yearly": 1.44,
            "eps_growth_yearly": 3070.84
        },
        "20074": {
            "year_quarter": 20074,
            "year": 2007,
            "quarter": 4,
            "eps": -0.17,
            "eps_growth_year": -221.43,
            "eps_4q": 1.57,
            "eps_4q_growth_year": -2.7,
            "roe": -1.21,
            "roe_4q": 11.05,
            "gross_profit": 48573,
            "gross_margin": 9.86,
            "gross_margin_4q_avg": 23.61,
            "net_income": -28857,
            "revenue": 492643,
            "common_shares": 1703184,
            "book_valuer_per_share": 13.89,
            "book_valuer_per_share_4q_avg": 14.01,
            "equity": 2366390,
            "current_ratio": 257.21,
            "debt_ratio": 25.26,
            "inventory_turnover_ratio": 19.45,
            "account_receivable_turnover_ratio": null,
            "reinvestment_rate": -15.89,
            "research_to_sale_ratio": null,
            "price_fair": 56.93,
            "eps_avg_yearly": 1.63,
            "eps_latest_yearly": 1.44,
            "eps_growth_yearly": 3300.45
        },
        "20081": {
            "year_quarter": 20081,
            "year": 2008,
            "quarter": 1,
            "eps": 0.48,
            "eps_growth_year": -28.36,
            "eps_4q": 1.38,
            "eps_4q_growth_year": -8.19,
            "roe": 3.38,
            "roe_4q": 9.75,
            "gross_profit": 210120,
            "gross_margin": 29.36,
            "gross_margin_4q_avg": 23.53,
            "net_income": 81365,
            "revenue": 715599,
            "common_shares": 1703184,
            "book_valuer_per_share": 14.37,
            "book_valuer_per_share_4q_avg": 14.01,
            "equity": 2447755,
            "current_ratio": 270.77,
            "debt_ratio": 24.42,
            "inventory_turnover_ratio": 20.22,
            "account_receivable_turnover_ratio": null,
            "reinvestment_rate": -15.6,
            "research_to_sale_ratio": null,
            "price_fair": 54.3,
            "eps_avg_yearly": 1.55,
            "eps_latest_yearly": 1.44,
            "eps_growth_yearly": 2607.62
        },
        "20082": {
            "year_quarter": 20082,
            "year": 2008,
            "quarter": 2,
            "eps": 0.58,
            "eps_growth_year": -19.44,
            "eps_4q": 1.25,
            "eps_4q_growth_year": -33.79,
            "roe": 4.11,
            "roe_4q": 8.82,
            "gross_profit": 239999,
            "gross_margin": 37.65,
            "gross_margin_4q_avg": 23.75,
            "net_income": 97859,
            "revenue": 637483,
            "common_shares": 1703184,
            "book_valuer_per_share": 13.59,
            "book_valuer_per_share_4q_avg": 13.98,
            "equity": 2315442,
            "current_ratio": 214.94,
            "debt_ratio": 30.73,
            "inventory_turnover_ratio": 12.9,
            "account_receivable_turnover_ratio": null,
            "reinvestment_rate": -12.92,
            "research_to_sale_ratio": null,
            "price_fair": 55.8,
            "eps_avg_yearly": 1.59,
            "eps_latest_yearly": 2.32,
            "eps_growth_yearly": 2623.81
        },
        "20083": {
            "year_quarter": 20083,
            "year": 2008,
            "quarter": 3,
            "eps": 0.37,
            "eps_growth_year": 2.78,
            "eps_4q": 1.27,
            "eps_4q_growth_year": -32.8,
            "roe": 2.66,
            "roe_4q": 8.940000000000001,
            "gross_profit": 99930,
            "gross_margin": 21.5,
            "gross_margin_4q_avg": 24.59,
            "net_income": 61493,
            "revenue": 464873,
            "common_shares": 1703184,
            "book_valuer_per_share": 13.53,
            "book_valuer_per_share_4q_avg": 13.85,
            "equity": 2304032,
            "current_ratio": 267.04,
            "debt_ratio": 23.94,
            "inventory_turnover_ratio": 8.94,
            "account_receivable_turnover_ratio": null,
            "reinvestment_rate": -10.31,
            "research_to_sale_ratio": null,
            "price_fair": 57.2,
            "eps_avg_yearly": 1.63,
            "eps_latest_yearly": 1.48,
            "eps_growth_yearly": 2626.75
        },
        "20084": {
            "year_quarter": 20084,
            "year": 2008,
            "quarter": 4,
            "eps": -0.08,
            "eps_growth_year": null,
            "eps_4q": 1.35,
            "eps_4q_growth_year": -14.01,
            "roe": -0.61,
            "roe_4q": 9.54,
            "gross_profit": 101370,
            "gross_margin": 16.92,
            "gross_margin_4q_avg": 26.36,
            "net_income": -14151,
            "revenue": 599218,
            "common_shares": 1703184,
            "book_valuer_per_share": 13.5,
            "book_valuer_per_share_4q_avg": 13.75,
            "equity": 2299157,
            "current_ratio": 245.85,
            "debt_ratio": 25.54,
            "inventory_turnover_ratio": 10.56,
            "account_receivable_turnover_ratio": 3.94,
            "reinvestment_rate": -9.31,
            "research_to_sale_ratio": null,
            "price_fair": 61.49,
            "eps_avg_yearly": 1.76,
            "eps_latest_yearly": 1.48,
            "eps_growth_yearly": 2858.24
        },
        "20091": {
            "year_quarter": 20091,
            "year": 2009,
            "quarter": 1,
            "eps": 0.75,
            "eps_growth_year": 56.25,
            "eps_4q": 1.62,
            "eps_4q_growth_year": 17.56,
            "roe": 5.32,
            "roe_4q": 11.48,
            "gross_profit": 215403,
            "gross_margin": 30.76,
            "gross_margin_4q_avg": 26.71,
            "net_income": 125664,
            "revenue": 700352,
            "common_shares": 1703184,
            "book_valuer_per_share": 14.22,
            "book_valuer_per_share_4q_avg": 13.71,
            "equity": 2421848,
            "current_ratio": 269.61,
            "debt_ratio": 23.79,
            "inventory_turnover_ratio": 9.69,
            "account_receivable_turnover_ratio": 2.18,
            "reinvestment_rate": -7.28,
            "research_to_sale_ratio": null,
            "price_fair": 59.03,
            "eps_avg_yearly": 1.69,
            "eps_latest_yearly": 1.48,
            "eps_growth_yearly": 963.1
        },
        "20092": {
            "year_quarter": 20092,
            "year": 2009,
            "quarter": 2,
            "eps": 0.33,
            "eps_growth_year": -43.1,
            "eps_4q": 1.36,
            "eps_4q_growth_year": 9.06,
            "roe": 2.33,
            "roe_4q": 9.7,
            "gross_profit": 127236,
            "gross_margin": 23.6,
            "gross_margin_4q_avg": 23.2,
            "net_income": 55405,
            "revenue": 539244,
            "common_shares": 1703184,
            "book_valuer_per_share": 13.71,
            "book_valuer_per_share_4q_avg": 13.74,
            "equity": 2334682,
            "current_ratio": 234.15,
            "debt_ratio": 27.56,
            "inventory_turnover_ratio": 9,
            "account_receivable_turnover_ratio": 1.65,
            "reinvestment_rate": -4.97,
            "research_to_sale_ratio": null,
            "price_fair": 57.52,
            "eps_avg_yearly": 1.64,
            "eps_latest_yearly": 1.32,
            "eps_growth_yearly": 954.17
        },
        "20093": {
            "year_quarter": 20093,
            "year": 2009,
            "quarter": 3,
            "eps": 0.26,
            "eps_growth_year": -29.73,
            "eps_4q": 1.25,
            "eps_4q_growth_year": -1.9,
            "roe": 1.85,
            "roe_4q": 8.89,
            "gross_profit": 86374,
            "gross_margin": 21.81,
            "gross_margin_4q_avg": 23.27,
            "net_income": 43813,
            "revenue": 396090,
            "common_shares": 1703184,
            "book_valuer_per_share": 14.14,
            "book_valuer_per_share_4q_avg": 13.89,
            "equity": 2407686,
            "current_ratio": 289.27,
            "debt_ratio": 22.14,
            "inventory_turnover_ratio": 7.92,
            "account_receivable_turnover_ratio": 1.52,
            "reinvestment_rate": -2.88,
            "research_to_sale_ratio": null,
            "price_fair": 58.92,
            "eps_avg_yearly": 1.68,
            "eps_latest_yearly": 1.04,
            "eps_growth_yearly": 970.29
        },
        "20094": {
            "year_quarter": 20094,
            "year": 2009,
            "quarter": 4,
            "eps": 0.25,
            "eps_growth_year": null,
            "eps_4q": 1.58,
            "eps_4q_growth_year": 17.35,
            "roe": 1.69,
            "roe_4q": 11.190000000000001,
            "gross_profit": 106195,
            "gross_margin": 18.82,
            "gross_margin_4q_avg": 23.75,
            "net_income": 41156,
            "revenue": 564373,
            "common_shares": 1703184,
            "book_valuer_per_share": 14.69,
            "book_valuer_per_share_4q_avg": 14.19,
            "equity": 2466991,
            "current_ratio": 282.78,
            "debt_ratio": 23.14,
            "inventory_turnover_ratio": 11.89,
            "account_receivable_turnover_ratio": 4.37,
            "reinvestment_rate": 19.91,
            "research_to_sale_ratio": null,
            "price_fair": 61.48,
            "eps_avg_yearly": 1.76,
            "eps_latest_yearly": 1,
            "eps_growth_yearly": 995.2
        },
        "20101": {
            "year_quarter": 20101,
            "year": 2010,
            "quarter": 1,
            "eps": 0.61,
            "eps_growth_year": -18.67,
            "eps_4q": 1.44,
            "eps_4q_growth_year": -10.82,
            "roe": 4.04,
            "roe_4q": 9.91,
            "gross_profit": 182170,
            "gross_margin": 24.11,
            "gross_margin_4q_avg": 22.09,
            "net_income": 101735,
            "revenue": 755660,
            "common_shares": 1703184,
            "book_valuer_per_share": 15.27,
            "book_valuer_per_share_4q_avg": 14.45,
            "equity": 2564029,
            "current_ratio": 289.33,
            "debt_ratio": 23.14,
            "inventory_turnover_ratio": 15.1,
            "account_receivable_turnover_ratio": 2.6,
            "reinvestment_rate": 19.05,
            "research_to_sale_ratio": 0,
            "price_fair": 58.22,
            "eps_avg_yearly": 1.66,
            "eps_latest_yearly": 2.44,
            "eps_growth_yearly": 87.64
        },
        "20102": {
            "year_quarter": 20102,
            "year": 2010,
            "quarter": 2,
            "eps": 0.31,
            "eps_growth_year": -4.77,
            "eps_4q": 1.36,
            "eps_4q_growth_year": 0.13,
            "roe": 2.22,
            "roe_4q": 9.799999999999999,
            "gross_profit": 145874,
            "gross_margin": 23.02,
            "gross_margin_4q_avg": 21.94,
            "net_income": 55985,
            "revenue": 633660,
            "common_shares": 1703184,
            "book_valuer_per_share": 14.82,
            "book_valuer_per_share_4q_avg": 14.73,
            "equity": 2488627,
            "current_ratio": 250.61,
            "debt_ratio": 26.45,
            "inventory_turnover_ratio": 17.94,
            "account_receivable_turnover_ratio": 2.04,
            "reinvestment_rate": 19.5,
            "research_to_sale_ratio": null,
            "price_fair": 57.75,
            "eps_avg_yearly": 1.65,
            "eps_latest_yearly": 1.24,
            "eps_growth_yearly": 91.47
        },
        "20103": {
            "year_quarter": 20103,
            "year": 2010,
            "quarter": 3,
            "eps": 0.28,
            "eps_growth_year": 8.34,
            "eps_4q": 1.4,
            "eps_4q_growth_year": 11.86,
            "roe": 1.98,
            "roe_4q": 9.93,
            "gross_profit": 87408,
            "gross_margin": 20.03,
            "gross_margin_4q_avg": 21.5,
            "net_income": 50144,
            "revenue": 436414,
            "common_shares": 1805375,
            "book_valuer_per_share": 14.43,
            "book_valuer_per_share_4q_avg": 14.8,
            "equity": 2568590,
            "current_ratio": 263.77,
            "debt_ratio": 25.25,
            "inventory_turnover_ratio": 19.51,
            "account_receivable_turnover_ratio": 1.73,
            "reinvestment_rate": 26.99,
            "research_to_sale_ratio": null,
            "price_fair": 56.93,
            "eps_avg_yearly": 1.63,
            "eps_latest_yearly": 1.12,
            "eps_growth_yearly": 88.25
        },
        "20104": {
            "year_quarter": 20104,
            "year": 2010,
            "quarter": 4,
            "eps": 0.48,
            "eps_growth_year": 90.85,
            "eps_4q": 1.64,
            "eps_4q_growth_year": 3.83,
            "roe": 3.25,
            "roe_4q": 11.490000000000002,
            "gross_profit": 133601,
            "gross_margin": 21.47,
            "gross_margin_4q_avg": 22.16,
            "net_income": 84935,
            "revenue": 622157,
            "common_shares": 1805375,
            "book_valuer_per_share": 14.93,
            "book_valuer_per_share_4q_avg": 14.86,
            "equity": 2657572,
            "current_ratio": 296.17,
            "debt_ratio": 22.57,
            "inventory_turnover_ratio": 24.89,
            "account_receivable_turnover_ratio": 2.58,
            "reinvestment_rate": 31.93,
            "research_to_sale_ratio": null,
            "price_fair": 60.9,
            "eps_avg_yearly": 1.74,
            "eps_latest_yearly": 1.92,
            "eps_growth_yearly": 132.06
        },
        "20111": {
            "year_quarter": 20111,
            "year": 2011,
            "quarter": 1,
            "eps": 0.49,
            "eps_growth_year": -19.67,
            "eps_4q": 1.57,
            "eps_4q_growth_year": 8.69,
            "roe": 3.25,
            "roe_4q": 10.700000000000001,
            "gross_profit": 179023,
            "gross_margin": 22.23,
            "gross_margin_4q_avg": 21.69,
            "net_income": 87870,
            "revenue": 805469,
            "common_shares": 1805375,
            "book_valuer_per_share": 15.41,
            "book_valuer_per_share_4q_avg": 14.9,
            "equity": 2742901,
            "current_ratio": 321.35,
            "debt_ratio": 21.06,
            "inventory_turnover_ratio": 30.68,
            "account_receivable_turnover_ratio": 2.58,
            "reinvestment_rate": 29.28,
            "research_to_sale_ratio": null,
            "price_fair": 27.82,
            "eps_avg_yearly": 1.68,
            "eps_latest_yearly": 1.96,
            "eps_growth_yearly": 6.56
        },
        "20112": {
            "year_quarter": 20112,
            "year": 2011,
            "quarter": 2,
            "eps": 0.45,
            "eps_growth_year": 43.56,
            "eps_4q": 1.7,
            "eps_4q_growth_year": 25.06,
            "roe": 3.02,
            "roe_4q": 11.5,
            "gross_profit": 157680,
            "gross_margin": 24.97,
            "gross_margin_4q_avg": 22.18,
            "net_income": 80306,
            "revenue": 631426,
            "common_shares": 1805375,
            "book_valuer_per_share": 14.45,
            "book_valuer_per_share_4q_avg": 14.81,
            "equity": 2572170,
            "current_ratio": 241.17,
            "debt_ratio": 27.81,
            "inventory_turnover_ratio": 24.75,
            "account_receivable_turnover_ratio": 1.91,
            "reinvestment_rate": 31.32,
            "research_to_sale_ratio": null,
            "price_fair": 18.05,
            "eps_avg_yearly": 1.59,
            "eps_latest_yearly": 1.8,
            "eps_growth_yearly": 1.35
        },
        "20113": {
            "year_quarter": 20113,
            "year": 2011,
            "quarter": 3,
            "eps": 0.15,
            "eps_growth_year": -45.57,
            "eps_4q": 1.58,
            "eps_4q_growth_year": 12.6,
            "roe": 1.06,
            "roe_4q": 10.58,
            "gross_profit": 136764,
            "gross_margin": 26.12,
            "gross_margin_4q_avg": 23.7,
            "net_income": 27293,
            "revenue": 523691,
            "common_shares": 1805375,
            "book_valuer_per_share": 14.53,
            "book_valuer_per_share_4q_avg": 14.83,
            "equity": 2585604,
            "current_ratio": 291.98,
            "debt_ratio": 22.56,
            "inventory_turnover_ratio": 22.71,
            "account_receivable_turnover_ratio": 1.82,
            "reinvestment_rate": 31.72,
            "research_to_sale_ratio": null,
            "price_fair": 4.56,
            "eps_avg_yearly": 1.52,
            "eps_latest_yearly": 0.6,
            "eps_growth_yearly": -4.2
        },
        "20114": {
            "year_quarter": 20114,
            "year": 2011,
            "quarter": 4,
            "eps": 0.34,
            "eps_growth_year": -28.95,
            "eps_4q": 1.44,
            "eps_4q_growth_year": -12.63,
            "roe": 2.24,
            "roe_4q": 9.57,
            "gross_profit": 118062,
            "gross_margin": 17.32,
            "gross_margin_4q_avg": 22.66,
            "net_income": 60344,
            "revenue": 681509,
            "common_shares": 1805375,
            "book_valuer_per_share": 15.71,
            "book_valuer_per_share_4q_avg": 15.03,
            "equity": 2796791,
            "current_ratio": 287.12,
            "debt_ratio": 23.99,
            "inventory_turnover_ratio": 39.21,
            "account_receivable_turnover_ratio": 2.28,
            "reinvestment_rate": 52.45,
            "research_to_sale_ratio": null,
            "price_fair": 52.77,
            "eps_avg_yearly": 1.51,
            "eps_latest_yearly": 1.36,
            "eps_growth_yearly": 35.1
        },
        "20121": {
            "year_quarter": 20121,
            "year": 2012,
            "quarter": 1,
            "eps": 0.54,
            "eps_growth_year": 10.2,
            "eps_4q": 1.48,
            "eps_4q_growth_year": -5.35,
            "roe": 3.37,
            "roe_4q": 9.69,
            "gross_profit": 145441,
            "gross_margin": 17.28,
            "gross_margin_4q_avg": 21.42,
            "net_income": 96070,
            "revenue": 841743,
            "common_shares": 1805375,
            "book_valuer_per_share": 16.35,
            "book_valuer_per_share_4q_avg": 15.26,
            "equity": 2910425,
            "current_ratio": 307.38,
            "debt_ratio": 22.89,
            "inventory_turnover_ratio": 48.32,
            "account_receivable_turnover_ratio": 2.28,
            "reinvestment_rate": 52.36,
            "research_to_sale_ratio": null,
            "price_fair": 54.4,
            "eps_avg_yearly": 1.55,
            "eps_latest_yearly": 2.16,
            "eps_growth_yearly": 49.4
        },
        "20122": {
            "year_quarter": 20122,
            "year": 2012,
            "quarter": 2,
            "eps": 0.43,
            "eps_growth_year": -5.15,
            "eps_4q": 1.46,
            "eps_4q_growth_year": -14.3,
            "roe": 2.68,
            "roe_4q": 9.350000000000001,
            "gross_profit": 169286,
            "gross_margin": 24.78,
            "gross_margin_4q_avg": 21.38,
            "net_income": 76171,
            "revenue": 683159,
            "common_shares": 1805375,
            "book_valuer_per_share": 15.54,
            "book_valuer_per_share_4q_avg": 15.53,
            "equity": 2767129,
            "current_ratio": 249.13,
            "debt_ratio": 27.41,
            "inventory_turnover_ratio": 33.87,
            "account_receivable_turnover_ratio": 1.76,
            "reinvestment_rate": 51.87,
            "research_to_sale_ratio": null,
            "price_fair": 52.9,
            "eps_avg_yearly": 1.51,
            "eps_latest_yearly": 1.72,
            "eps_growth_yearly": 37.62
        },
        "20123": {
            "year_quarter": 20123,
            "year": 2012,
            "quarter": 3,
            "eps": 0.25,
            "eps_growth_year": 65.91,
            "eps_4q": 1.56,
            "eps_4q_growth_year": -0.9,
            "roe": 1.62,
            "roe_4q": 9.91,
            "gross_profit": 67910,
            "gross_margin": 13.87,
            "gross_margin_4q_avg": 18.31,
            "net_income": 45282,
            "revenue": 489537,
            "common_shares": 1805375,
            "book_valuer_per_share": 15.88,
            "book_valuer_per_share_4q_avg": 15.87,
            "equity": 2826454,
            "current_ratio": 279.81,
            "debt_ratio": 24.5,
            "inventory_turnover_ratio": 25.87,
            "account_receivable_turnover_ratio": 1.53,
            "reinvestment_rate": 54.29,
            "research_to_sale_ratio": null,
            "price_fair": 51.7,
            "eps_avg_yearly": 1.48,
            "eps_latest_yearly": 1,
            "eps_growth_yearly": 36.01
        },
        "20124": {
            "year_quarter": 20124,
            "year": 2012,
            "quarter": 4,
            "eps": 0.51,
            "eps_growth_year": 50.49,
            "eps_4q": 1.73,
            "eps_4q_growth_year": 20.53,
            "roe": 3.17,
            "roe_4q": 10.84,
            "gross_profit": 157919,
            "gross_margin": 20.41,
            "gross_margin_4q_avg": 19.09,
            "net_income": 90812,
            "revenue": 773563,
            "common_shares": 1805375,
            "book_valuer_per_share": 16.34,
            "book_valuer_per_share_4q_avg": 16.03,
            "equity": 2909413,
            "current_ratio": 308.08,
            "debt_ratio": 22.89,
            "inventory_turnover_ratio": 37.13,
            "account_receivable_turnover_ratio": 2.59,
            "reinvestment_rate": 49.11,
            "research_to_sale_ratio": null,
            "price_fair": 53.01,
            "eps_avg_yearly": 1.51,
            "eps_latest_yearly": 2.04,
            "eps_growth_yearly": 61.34
        },
        "20131": {
            "year_quarter": 20131,
            "year": 2013,
            "quarter": 1,
            "eps": 0.5,
            "eps_growth_year": -7.41,
            "eps_4q": 1.7,
            "eps_4q_growth_year": 14.34,
            "roe": 3.06,
            "roe_4q": 10.530000000000001,
            "gross_profit": 150155,
            "gross_margin": 17.42,
            "gross_margin_4q_avg": 19.12,
            "net_income": 89545,
            "revenue": 862165,
            "common_shares": 1805375,
            "book_valuer_per_share": 16.49,
            "book_valuer_per_share_4q_avg": 16.06,
            "equity": 2933876,
            "current_ratio": 307.56,
            "debt_ratio": 25.49,
            "inventory_turnover_ratio": 47.15,
            "account_receivable_turnover_ratio": 2.39,
            "reinvestment_rate": 26.4,
            "research_to_sale_ratio": null,
            "price_fair": 54.08,
            "eps_avg_yearly": 1.55,
            "eps_latest_yearly": 2,
            "eps_growth_yearly": 57.02
        },
        "20132": {
            "year_quarter": 20132,
            "year": 2013,
            "quarter": 2,
            "eps": 0.48,
            "eps_growth_year": 12.17,
            "eps_4q": 1.74,
            "eps_4q_growth_year": 19.39,
            "roe": 2.96,
            "roe_4q": 10.809999999999999,
            "gross_profit": 156742,
            "gross_margin": 21.99,
            "gross_margin_4q_avg": 18.42,
            "net_income": 84619,
            "revenue": 712859,
            "common_shares": 1805375,
            "book_valuer_per_share": 15.69,
            "book_valuer_per_share_4q_avg": 16.1,
            "equity": 2792449,
            "current_ratio": 255.45,
            "debt_ratio": 30.09,
            "inventory_turnover_ratio": 36.55,
            "account_receivable_turnover_ratio": 1.87,
            "reinvestment_rate": 24.27,
            "research_to_sale_ratio": null,
            "price_fair": 55.39,
            "eps_avg_yearly": 1.58,
            "eps_latest_yearly": 1.92,
            "eps_growth_yearly": 70.02
        },
        "20133": {
            "year_quarter": 20133,
            "year": 2013,
            "quarter": 3,
            "eps": 0.04,
            "eps_growth_year": -84.28,
            "eps_4q": 1.53,
            "eps_4q_growth_year": -1.86,
            "roe": 0.28,
            "roe_4q": 9.47,
            "gross_profit": 26204,
            "gross_margin": 5.92,
            "gross_margin_4q_avg": 16.44,
            "net_income": 7731,
            "revenue": 442822,
            "common_shares": 1805375,
            "book_valuer_per_share": 15.74,
            "book_valuer_per_share_4q_avg": 16.07,
            "equity": 2801081,
            "current_ratio": 312.18,
            "debt_ratio": 26.06,
            "inventory_turnover_ratio": 25.67,
            "account_receivable_turnover_ratio": 1.42,
            "reinvestment_rate": 23.41,
            "research_to_sale_ratio": null,
            "price_fair": 53.46,
            "eps_avg_yearly": 1.53,
            "eps_latest_yearly": 0.16,
            "eps_growth_yearly": 52.4
        },
        "20134": {
            "year_quarter": 20134,
            "year": 2013,
            "quarter": 4,
            "eps": 0.18,
            "eps_growth_year": -63.93,
            "eps_4q": 1.21,
            "eps_4q_growth_year": -30.38,
            "roe": 1.16,
            "roe_4q": 7.460000000000001,
            "gross_profit": 67722,
            "gross_margin": 10.17,
            "gross_margin_4q_avg": 13.88,
            "net_income": 32754,
            "revenue": 665867,
            "common_shares": 1805375,
            "book_valuer_per_share": 16.01,
            "book_valuer_per_share_4q_avg": 15.98,
            "equity": 2849572,
            "current_ratio": 291.56,
            "debt_ratio": 28.38,
            "inventory_turnover_ratio": 29.78,
            "account_receivable_turnover_ratio": 2.35,
            "reinvestment_rate": 5.7,
            "research_to_sale_ratio": null,
            "price_fair": 52.85,
            "eps_avg_yearly": 1.51,
            "eps_latest_yearly": 0.72,
            "eps_growth_yearly": 140.86
        },
        "20141": {
            "year_quarter": 20141,
            "year": 2014,
            "quarter": 1,
            "eps": 0.58,
            "eps_growth_year": 16,
            "eps_4q": 1.28,
            "eps_4q_growth_year": -24.35,
            "roe": 3.55,
            "roe_4q": 7.95,
            "gross_profit": 182424,
            "gross_margin": 19.06,
            "gross_margin_4q_avg": 14.29,
            "net_income": 103258,
            "revenue": 957013,
            "common_shares": 1805375,
            "book_valuer_per_share": 16.64,
            "book_valuer_per_share_4q_avg": 16.02,
            "equity": 2961728,
            "current_ratio": 313.82,
            "debt_ratio": 27.81,
            "inventory_turnover_ratio": 34.5,
            "account_receivable_turnover_ratio": 2.55,
            "reinvestment_rate": 4,
            "research_to_sale_ratio": null,
            "price_fair": 52.59,
            "eps_avg_yearly": 1.5,
            "eps_latest_yearly": 2.32,
            "eps_growth_yearly": 160.42
        },
        "20142": {
            "year_quarter": 20142,
            "year": 2014,
            "quarter": 2,
            "eps": 0.44,
            "eps_growth_year": -8.33,
            "eps_4q": 1.25,
            "eps_4q_growth_year": -28.17,
            "roe": 2.74,
            "roe_4q": 7.73,
            "gross_profit": 149238,
            "gross_margin": 21.36,
            "gross_margin_4q_avg": 14.13,
            "net_income": 79122,
            "revenue": 698717,
            "common_shares": 1805375,
            "book_valuer_per_share": 15.86,
            "book_valuer_per_share_4q_avg": 16.06,
            "equity": 2823668,
            "current_ratio": 258.93,
            "debt_ratio": 32.04,
            "inventory_turnover_ratio": 24.22,
            "account_receivable_turnover_ratio": 1.73,
            "reinvestment_rate": 6.81,
            "research_to_sale_ratio": null,
            "price_fair": 53.73,
            "eps_avg_yearly": 1.54,
            "eps_latest_yearly": 1.76,
            "eps_growth_yearly": 166.68
        },
        "20143": {
            "year_quarter": 20143,
            "year": 2014,
            "quarter": 3,
            "eps": -0.09,
            "eps_growth_year": -325,
            "eps_4q": 1.11,
            "eps_4q_growth_year": -27.28,
            "roe": -0.6,
            "roe_4q": 6.85,
            "gross_profit": 83954,
            "gross_margin": 17.08,
            "gross_margin_4q_avg": 16.92,
            "net_income": -16826,
            "revenue": 491659,
            "common_shares": 1805375,
            "book_valuer_per_share": 15.8,
            "book_valuer_per_share_4q_avg": 16.08,
            "equity": 2812227,
            "current_ratio": 326.43,
            "debt_ratio": 27.78,
            "inventory_turnover_ratio": 17.97,
            "account_receivable_turnover_ratio": 1.57,
            "reinvestment_rate": 0.23,
            "research_to_sale_ratio": null,
            "price_fair": 54.69,
            "eps_avg_yearly": 1.56,
            "eps_latest_yearly": 1.76,
            "eps_growth_yearly": 180.37
        },
        "20144": {
            "year_quarter": 20144,
            "year": 2014,
            "quarter": 4,
            "eps": 0.1,
            "eps_growth_year": -47.09,
            "eps_4q": 1.03,
            "eps_4q_growth_year": -14.8,
            "roe": 0.61,
            "roe_4q": 6.3,
            "gross_profit": 52208,
            "gross_margin": 8.14,
            "gross_margin_4q_avg": 16.41,
            "net_income": 17331,
            "revenue": 641648,
            "common_shares": 1805375,
            "book_valuer_per_share": 15.88,
            "book_valuer_per_share_4q_avg": 16.05,
            "equity": 2827433,
            "current_ratio": 321.39,
            "debt_ratio": 29.43,
            "inventory_turnover_ratio": 26.32,
            "account_receivable_turnover_ratio": 2.33,
            "reinvestment_rate": -0.04,
            "research_to_sale_ratio": null,
            "price_fair": 53.8,
            "eps_avg_yearly": 1.54,
            "eps_latest_yearly": 1.76,
            "eps_growth_yearly": 172.85
        },
        "20151": {
            "year_quarter": 20151,
            "year": 2015,
            "quarter": 1,
            "eps": 0.59,
            "eps_growth_year": 1.72,
            "eps_4q": 1.04,
            "eps_4q_growth_year": -19.02,
            "roe": 3.65,
            "roe_4q": 6.4,
            "gross_profit": 191693,
            "gross_margin": 24.21,
            "gross_margin_4q_avg": 17.7,
            "net_income": 105299,
            "revenue": 791690,
            "common_shares": 1805375,
            "book_valuer_per_share": 16.5,
            "book_valuer_per_share_4q_avg": 16.01,
            "equity": 2936772,
            "current_ratio": 346.94,
            "debt_ratio": 28.5,
            "inventory_turnover_ratio": 26.42,
            "account_receivable_turnover_ratio": 2.5,
            "reinvestment_rate": 0.35,
            "research_to_sale_ratio": null,
            "price_fair": 54.8,
            "eps_avg_yearly": 1.57,
            "eps_latest_yearly": 2.36,
            "eps_growth_yearly": 312.25
        },
        "20152": {
            "year_quarter": 20152,
            "year": 2015,
            "quarter": 2,
            "eps": 0.49,
            "eps_growth_year": 11.36,
            "eps_4q": 1.09,
            "eps_4q_growth_year": -13.31,
            "roe": 3.05,
            "roe_4q": 6.71,
            "gross_profit": 126563,
            "gross_margin": 23.89,
            "gross_margin_4q_avg": 18.33,
            "net_income": 87401,
            "revenue": 529739,
            "common_shares": 1805375,
            "book_valuer_per_share": 15.73,
            "book_valuer_per_share_4q_avg": 15.98,
            "equity": 2799261,
            "current_ratio": 278.45,
            "debt_ratio": 33.21,
            "inventory_turnover_ratio": 18.07,
            "account_receivable_turnover_ratio": 1.72,
            "reinvestment_rate": 0.08,
            "research_to_sale_ratio": null,
            "price_fair": 55.2,
            "eps_avg_yearly": 1.58,
            "eps_latest_yearly": 1.96,
            "eps_growth_yearly": 309.74
        },
        "20153": {
            "year_quarter": 20153,
            "year": 2015,
            "quarter": 3,
            "eps": 0.06,
            "eps_growth_year": null,
            "eps_4q": 1.24,
            "eps_4q_growth_year": 11.37,
            "roe": 0.39,
            "roe_4q": 7.7,
            "gross_profit": 53936,
            "gross_margin": 15.3,
            "gross_margin_4q_avg": 17.89,
            "net_income": 10818,
            "revenue": 352509,
            "common_shares": 1805375,
            "book_valuer_per_share": 15.67,
            "book_valuer_per_share_4q_avg": 15.95,
            "equity": 2789211,
            "current_ratio": 335.09,
            "debt_ratio": 29.76,
            "inventory_turnover_ratio": 11.96,
            "account_receivable_turnover_ratio": 1.49,
            "reinvestment_rate": 0.19,
            "research_to_sale_ratio": null,
            "price_fair": 54.3,
            "eps_avg_yearly": 1.55,
            "eps_latest_yearly": 0.24,
            "eps_growth_yearly": 303.72
        },
        "20154": {
            "year_quarter": 20154,
            "year": 2015,
            "quarter": 4,
            "eps": 0.24,
            "eps_growth_year": 141.49,
            "eps_4q": 1.38,
            "eps_4q_growth_year": 34.17,
            "roe": 1.49,
            "roe_4q": 8.58,
            "gross_profit": 99551,
            "gross_margin": 22.5,
            "gross_margin_4q_avg": 21.48,
            "net_income": 41853,
            "revenue": 442399,
            "common_shares": 1805375,
            "book_valuer_per_share": 15.93,
            "book_valuer_per_share_4q_avg": 15.96,
            "equity": 2835607,
            "current_ratio": 311.33,
            "debt_ratio": 31.61,
            "inventory_turnover_ratio": 12.97,
            "account_receivable_turnover_ratio": 2.16,
            "reinvestment_rate": -24.44,
            "research_to_sale_ratio": null,
            "price_fair": 53.3,
            "eps_avg_yearly": 1.52,
            "eps_latest_yearly": 0.96,
            "eps_growth_yearly": 353.24
        },
        "20161": {
            "year_quarter": 20161,
            "year": 2016,
            "quarter": 1,
            "eps": 0.45,
            "eps_growth_year": -23.73,
            "eps_4q": 1.24,
            "eps_4q_growth_year": 19.34,
            "roe": 2.8,
            "roe_4q": 7.7299999999999995,
            "gross_profit": 145690,
            "gross_margin": 24.29,
            "gross_margin_4q_avg": 21.5,
            "net_income": 80626,
            "revenue": 599753,
            "common_shares": 1805375,
            "book_valuer_per_share": 16.39,
            "book_valuer_per_share_4q_avg": 15.93,
            "equity": 2916704,
            "current_ratio": 342.1,
            "debt_ratio": 30.99,
            "inventory_turnover_ratio": 17.44,
            "account_receivable_turnover_ratio": 2.49,
            "reinvestment_rate": -26.13,
            "research_to_sale_ratio": null,
            "price_fair": 52.4,
            "eps_avg_yearly": 1.5,
            "eps_latest_yearly": 1.8,
            "eps_growth_yearly": 361.43
        },
        "20162": {
            "year_quarter": 20162,
            "year": 2016,
            "quarter": 2,
            "eps": 0.38,
            "eps_growth_year": -22.45,
            "eps_4q": 1.12,
            "eps_4q_growth_year": 3.64,
            "roe": 2.36,
            "roe_4q": 7.04,
            "gross_profit": 138753,
            "gross_margin": 31.41,
            "gross_margin_4q_avg": 23.38,
            "net_income": 66944,
            "revenue": 441711,
            "common_shares": 1805375,
            "book_valuer_per_share": 15.54,
            "book_valuer_per_share_4q_avg": 15.88,
            "equity": 2766095,
            "current_ratio": 267.39,
            "debt_ratio": 36.27,
            "inventory_turnover_ratio": 11.42,
            "account_receivable_turnover_ratio": 1.79,
            "reinvestment_rate": -24.38,
            "research_to_sale_ratio": null,
            "price_fair": 51.9,
            "eps_avg_yearly": 1.48,
            "eps_latest_yearly": 1.52,
            "eps_growth_yearly": 362.81
        },
        "20163": {
            "year_quarter": 20163,
            "year": 2016,
            "quarter": 3,
            "eps": 0.12,
            "eps_growth_year": 100,
            "eps_4q": 1.18,
            "eps_4q_growth_year": -4.58,
            "roe": 0.77,
            "roe_4q": 7.42,
            "gross_profit": 44256,
            "gross_margin": 14.62,
            "gross_margin_4q_avg": 23.21,
            "net_income": 21310,
            "revenue": 302671,
            "common_shares": 1805375,
            "book_valuer_per_share": 15.68,
            "book_valuer_per_share_4q_avg": 15.89,
            "equity": 2791515,
            "current_ratio": 310.78,
            "debt_ratio": 33.46,
            "inventory_turnover_ratio": 8.96,
            "account_receivable_turnover_ratio": 1.48,
            "reinvestment_rate": -27.44,
            "research_to_sale_ratio": null,
            "price_fair": 50.6,
            "eps_avg_yearly": 1.45,
            "eps_latest_yearly": 0.48,
            "eps_growth_yearly": 355.22
        },
        "20164": {
            "year_quarter": 20164,
            "year": 2016,
            "quarter": 4,
            "eps": 0.3,
            "eps_growth_year": 26.41,
            "eps_4q": 1.25,
            "eps_4q_growth_year": -9.61,
            "roe": 1.88,
            "roe_4q": 7.81,
            "gross_profit": 122733,
            "gross_margin": 29.36,
            "gross_margin_4q_avg": 24.92,
            "net_income": 52907,
            "revenue": 417997,
            "common_shares": 1805375,
            "book_valuer_per_share": 16,
            "book_valuer_per_share_4q_avg": 15.9,
            "equity": 2847847,
            "current_ratio": 295.22,
            "debt_ratio": 34.35,
            "inventory_turnover_ratio": 10.19,
            "account_receivable_turnover_ratio": 2.27,
            "reinvestment_rate": -25.18,
            "research_to_sale_ratio": null,
            "price_fair": 48.5,
            "eps_avg_yearly": 1.39,
            "eps_latest_yearly": 1.2,
            "eps_growth_yearly": 368.36
        },
        "20171": {
            "year_quarter": 20171,
            "year": 2017,
            "quarter": 1,
            "eps": 0.47,
            "eps_growth_year": 4.44,
            "eps_4q": 1.26,
            "eps_4q_growth_year": 1.84,
            "roe": 2.89,
            "roe_4q": 7.899999999999999,
            "gross_profit": 146971,
            "gross_margin": 25.63,
            "gross_margin_4q_avg": 25.26,
            "net_income": 83606,
            "revenue": 573541,
            "common_shares": 1805375,
            "book_valuer_per_share": 16.48,
            "book_valuer_per_share_4q_avg": 15.93,
            "equity": 2932908,
            "current_ratio": 316.58,
            "debt_ratio": 33.81,
            "inventory_turnover_ratio": 15.16,
            "account_receivable_turnover_ratio": 2.67,
            "reinvestment_rate": 9.41,
            "research_to_sale_ratio": null,
            "price_fair": 48.2,
            "eps_avg_yearly": 1.38,
            "eps_latest_yearly": 1.88,
            "eps_growth_yearly": 385.12
        },
        "20172": {
            "year_quarter": 20172,
            "year": 2017,
            "quarter": 2,
            "eps": 0.4,
            "eps_growth_year": 5.26,
            "eps_4q": 1.29,
            "eps_4q_growth_year": 14.6,
            "roe": 2.5,
            "roe_4q": 8.040000000000001,
            "gross_profit": 153564,
            "gross_margin": 28.08,
            "gross_margin_4q_avg": 24.42,
            "net_income": 71662,
            "revenue": 546951,
            "common_shares": 1805375,
            "book_valuer_per_share": 15.72,
            "book_valuer_per_share_4q_avg": 15.97,
            "equity": 2799016,
            "current_ratio": 263.35,
            "debt_ratio": 38.37,
            "inventory_turnover_ratio": 13.79,
            "account_receivable_turnover_ratio": 2.17,
            "reinvestment_rate": 15.3,
            "research_to_sale_ratio": null,
            "price_fair": 47.4,
            "eps_avg_yearly": 1.35,
            "eps_latest_yearly": 1.6,
            "eps_growth_yearly": 382
        },
        "20173": {
            "year_quarter": 20173,
            "year": 2017,
            "quarter": 3,
            "eps": 0.29,
            "eps_growth_year": 141.67,
            "eps_4q": 1.46,
            "eps_4q_growth_year": 23.49,
            "roe": 1.84,
            "roe_4q": 9.11,
            "gross_profit": 76422,
            "gross_margin": 20.9,
            "gross_margin_4q_avg": 25.99,
            "net_income": 52049,
            "revenue": 365652,
            "common_shares": 1805375,
            "book_valuer_per_share": 16.03,
            "book_valuer_per_share_4q_avg": 16.06,
            "equity": 2853556,
            "current_ratio": 291.33,
            "debt_ratio": 35.81,
            "inventory_turnover_ratio": 10.19,
            "account_receivable_turnover_ratio": 1.65,
            "reinvestment_rate": 19.69,
            "research_to_sale_ratio": null,
            "price_fair": 49.9,
            "eps_avg_yearly": 1.43,
            "eps_latest_yearly": 1.16,
            "eps_growth_yearly": 400.34
        },
        "20174": {
            "year_quarter": 20174,
            "year": 2017,
            "quarter": 4,
            "eps": 0.24,
            "eps_growth_year": -18.17,
            "eps_4q": 1.41,
            "eps_4q_growth_year": 13,
            "roe": 1.51,
            "roe_4q": 8.74,
            "gross_profit": 74607,
            "gross_margin": 16.42,
            "gross_margin_4q_avg": 22.76,
            "net_income": 43295,
            "revenue": 454435,
            "common_shares": 1805375,
            "book_valuer_per_share": 16.26,
            "book_valuer_per_share_4q_avg": 16.12,
            "equity": 2894454,
            "current_ratio": 222.34,
            "debt_ratio": 36.63,
            "inventory_turnover_ratio": 12.17,
            "account_receivable_turnover_ratio": 2.29,
            "reinvestment_rate": 26.69,
            "research_to_sale_ratio": null,
            "price_fair": 50.5,
            "eps_avg_yearly": 1.44,
            "eps_latest_yearly": 0.96,
            "eps_growth_yearly": 295.41
        },
        "20181": {
            "year_quarter": 20181,
            "year": 2018,
            "quarter": 1,
            "eps": 0.51,
            "eps_growth_year": 8.51,
            "eps_4q": 1.45,
            "eps_4q_growth_year": 14.47,
            "roe": 3.07,
            "roe_4q": 8.92,
            "gross_profit": 178758,
            "gross_margin": 25.4,
            "gross_margin_4q_avg": 22.7,
            "net_income": 90291,
            "revenue": 703674,
            "common_shares": 1805375,
            "book_valuer_per_share": 16.78,
            "book_valuer_per_share_4q_avg": 16.2,
            "equity": 2987415,
            "current_ratio": 246.01,
            "debt_ratio": 35.68,
            "inventory_turnover_ratio": 14.87,
            "account_receivable_turnover_ratio": 2.73,
            "reinvestment_rate": 24.61,
            "research_to_sale_ratio": null,
            "price_fair": 49.8,
            "eps_avg_yearly": 1.42,
            "eps_latest_yearly": 2.04,
            "eps_growth_yearly": 264.06
        },
        "20182": {
            "year_quarter": 20182,
            "year": 2018,
            "quarter": 2,
            "eps": 0.54,
            "eps_growth_year": 35,
            "eps_4q": 1.58,
            "eps_4q_growth_year": 22.91,
            "roe": 3.29,
            "roe_4q": 9.709999999999999,
            "gross_profit": 148671,
            "gross_margin": 28.88,
            "gross_margin_4q_avg": 22.9,
            "net_income": 96420,
            "revenue": 514793,
            "common_shares": 1805375,
            "book_valuer_per_share": 16.11,
            "book_valuer_per_share_4q_avg": 16.3,
            "equity": 2867191,
            "current_ratio": 199.88,
            "debt_ratio": 40.22,
            "inventory_turnover_ratio": 10.17,
            "account_receivable_turnover_ratio": 1.8,
            "reinvestment_rate": 26.48,
            "research_to_sale_ratio": null,
            "price_fair": 50.8,
            "eps_avg_yearly": 1.45,
            "eps_latest_yearly": 2.16,
            "eps_growth_yearly": 272.64
        },
        "20183": {
            "year_quarter": 20183,
            "year": 2018,
            "quarter": 3,
            "eps": -0.03,
            "eps_growth_year": -110.34,
            "eps_4q": 1.26,
            "eps_4q_growth_year": -13.64,
            "roe": -0.18,
            "roe_4q": 7.6899999999999995,
            "gross_profit": 74830,
            "gross_margin": 18.78,
            "gross_margin_4q_avg": 22.37,
            "net_income": -5271,
            "revenue": 398396,
            "common_shares": 1805375,
            "book_valuer_per_share": 16.09,
            "book_valuer_per_share_4q_avg": 16.31,
            "equity": 2864953,
            "current_ratio": 225.33,
            "debt_ratio": 37.63,
            "inventory_turnover_ratio": 8.91,
            "account_receivable_turnover_ratio": 1.68,
            "reinvestment_rate": 31.74,
            "research_to_sale_ratio": null,
            "price_fair": 50.8,
            "eps_avg_yearly": 1.45,
            "eps_latest_yearly": 2.16,
            "eps_growth_yearly": 272.64
        },
        "20184": {
            "year_quarter": 20184,
            "year": 2018,
            "quarter": 4,
            "eps": 0.25,
            "eps_growth_year": 4.44,
            "eps_4q": 1.27,
            "eps_4q_growth_year": -9.56,
            "roe": 1.57,
            "roe_4q": 7.75,
            "gross_profit": 128785,
            "gross_margin": 23.57,
            "gross_margin_4q_avg": 24.16,
            "net_income": 45218,
            "revenue": 546298,
            "common_shares": 1805375,
            "book_valuer_per_share": 16.35,
            "book_valuer_per_share_4q_avg": 16.33,
            "equity": 2911178,
            "current_ratio": 222.34,
            "debt_ratio": 38.6,
            "inventory_turnover_ratio": 10.41,
            "account_receivable_turnover_ratio": 2.36,
            "reinvestment_rate": 34.72,
            "research_to_sale_ratio": null,
            "price_fair": 50.8,
            "eps_avg_yearly": 1.45,
            "eps_latest_yearly": 2.16,
            "eps_growth_yearly": 272.64
        },
        "20191": {
            "year_quarter": 20191,
            "year": 2019,
            "quarter": 1,
            "eps": 0.61,
            "eps_growth_year": 19.61,
            "eps_4q": 1.37,
            "eps_4q_growth_year": -5.11,
            "roe": 3.64,
            "roe_4q": 8.32,
            "gross_profit": 158674,
            "gross_margin": 22.66,
            "gross_margin_4q_avg": 23.47,
            "net_income": 107791,
            "revenue": 700136,
            "common_shares": 1805375,
            "book_valuer_per_share": 16.96,
            "book_valuer_per_share_4q_avg": 16.38,
            "equity": 3018969,
            "current_ratio": 230.93,
            "debt_ratio": 38.61,
            "inventory_turnover_ratio": 12.48,
            "account_receivable_turnover_ratio": 2.29,
            "reinvestment_rate": 41.14,
            "research_to_sale_ratio": null,
            "price_fair": 51,
            "eps_avg_yearly": 1.46,
            "eps_latest_yearly": 2.44,
            "eps_growth_yearly": 173.78
        },
        "20192": {
            "year_quarter": 20192,
            "year": 2019,
            "quarter": 2,
            "eps": 0.47,
            "eps_growth_year": -12.96,
            "eps_4q": 1.3,
            "eps_4q_growth_year": -18.19,
            "roe": 2.81,
            "roe_4q": 7.84,
            "gross_profit": 149635,
            "gross_margin": 26.57,
            "gross_margin_4q_avg": 22.9,
            "net_income": 83021,
            "revenue": 563074,
            "common_shares": 1805375,
            "book_valuer_per_share": 16.26,
            "book_valuer_per_share_4q_avg": 16.42,
            "equity": 2894372,
            "current_ratio": 195.5,
            "debt_ratio": 42.3,
            "inventory_turnover_ratio": 9.23,
            "account_receivable_turnover_ratio": 1.68,
            "reinvestment_rate": 48.18,
            "research_to_sale_ratio": null,
            "price_fair": 50.8,
            "eps_avg_yearly": 1.45,
            "eps_latest_yearly": 1.88,
            "eps_growth_yearly": 172.07
        },
        "20193": {
            "year_quarter": 20193,
            "year": 2019,
            "quarter": 3,
            "eps": 0.09,
            "eps_growth_year": null,
            "eps_4q": 1.42,
            "eps_4q_growth_year": 12.1,
            "roe": 0.55,
            "roe_4q": 8.57,
            "gross_profit": 57118,
            "gross_margin": 14.22,
            "gross_margin_4q_avg": 21.76,
            "net_income": 15908,
            "revenue": 401701,
            "common_shares": 1805375,
            "book_valuer_per_share": 16.37,
            "book_valuer_per_share_4q_avg": 16.49,
            "equity": 2913187,
            "current_ratio": 206.73,
            "debt_ratio": 40.5,
            "inventory_turnover_ratio": 8.42,
            "account_receivable_turnover_ratio": 1.54,
            "reinvestment_rate": 54.19,
            "research_to_sale_ratio": null,
            "price_fair": 51.1,
            "eps_avg_yearly": 1.46,
            "eps_latest_yearly": 0.36,
            "eps_growth_yearly": 174.04
        },
        "20194": {
            "year_quarter": 20194,
            "year": 2019,
            "quarter": 4,
            "eps": 0.31,
            "eps_growth_year": 20.35,
            "eps_4q": 1.47,
            "eps_4q_growth_year": 15.21,
            "roe": 1.85,
            "roe_4q": 8.850000000000001,
            "gross_profit": 99741,
            "gross_margin": 20.12,
            "gross_margin_4q_avg": 20.89,
            "net_income": 54422,
            "revenue": 495718,
            "common_shares": 1805375,
            "book_valuer_per_share": 16.77,
            "book_valuer_per_share_4q_avg": 16.59,
            "equity": 2985791,
            "current_ratio": 220.53,
            "debt_ratio": 40.74,
            "inventory_turnover_ratio": 9.34,
            "account_receivable_turnover_ratio": 2.27,
            "reinvestment_rate": 61.04,
            "research_to_sale_ratio": null,
            "price_fair": 51.8,
            "eps_avg_yearly": 1.48,
            "eps_latest_yearly": 1.24,
            "eps_growth_yearly": 158.17
        },
        "20201": {
            "year_quarter": 20201,
            "year": 2020,
            "quarter": 1,
            "eps": 0.32,
            "eps_growth_year": -47.54,
            "eps_4q": 1.18,
            "eps_4q_growth_year": -13.81,
            "roe": 1.89,
            "roe_4q": 7.1,
            "gross_profit": 205145,
            "gross_margin": 29.32,
            "gross_margin_4q_avg": 22.56,
            "net_income": 57091,
            "revenue": 699568,
            "common_shares": 1805375,
            "book_valuer_per_share": 17.09,
            "book_valuer_per_share_4q_avg": 16.62,
            "equity": 3042882,
            "current_ratio": 252.04,
            "debt_ratio": 40.02,
            "inventory_turnover_ratio": 10.73,
            "account_receivable_turnover_ratio": 2.55,
            "reinvestment_rate": 66.8,
            "research_to_sale_ratio": null,
            "price_fair": 50.5,
            "eps_avg_yearly": 1.44,
            "eps_latest_yearly": 1.28,
            "eps_growth_yearly": 134.09
        },
        "20202": {
            "year_quarter": 20202,
            "year": 2020,
            "quarter": 2,
            "eps": 0.66,
            "eps_growth_year": 40.43,
            "eps_4q": 1.38,
            "eps_4q_growth_year": 6.43,
            "roe": 3.97,
            "roe_4q": 8.260000000000002,
            "gross_profit": 155777,
            "gross_margin": 29.71,
            "gross_margin_4q_avg": 23.34,
            "net_income": 118169,
            "revenue": 524308,
            "common_shares": 1805375,
            "book_valuer_per_share": 16.39,
            "book_valuer_per_share_4q_avg": 16.66,
            "equity": 2917325,
            "current_ratio": 212.24,
            "debt_ratio": 43.32,
            "inventory_turnover_ratio": 8.64,
            "account_receivable_turnover_ratio": 1.91,
            "reinvestment_rate": 69.23,
            "research_to_sale_ratio": null,
            "price_fair": 53.3,
            "eps_avg_yearly": 1.52,
            "eps_latest_yearly": 2.64,
            "eps_growth_yearly": 168.89
        },
        "20203": {
            "year_quarter": 20203,
            "year": 2020,
            "quarter": 3,
            "eps": 0.27,
            "eps_growth_year": 200,
            "eps_4q": 1.56,
            "eps_4q_growth_year": 9.97,
            "roe": 1.61,
            "roe_4q": 9.32,
            "gross_profit": 60765,
            "gross_margin": 18.75,
            "gross_margin_4q_avg": 24.48,
            "net_income": 47364,
            "revenue": 324077,
            "common_shares": 1805375,
            "book_valuer_per_share": 16.67,
            "book_valuer_per_share_4q_avg": 16.73,
            "equity": 2968102,
            "current_ratio": 262.61,
            "debt_ratio": 40.61,
            "inventory_turnover_ratio": 6.43,
            "account_receivable_turnover_ratio": 1.73,
            "reinvestment_rate": 69.93,
            "research_to_sale_ratio": null,
            "price_fair": 54.8,
            "eps_avg_yearly": 1.57,
            "eps_latest_yearly": 1.08,
            "eps_growth_yearly": 171.55
        },
        "20204": {
            "year_quarter": 20204,
            "year": 2020,
            "quarter": 4,
            "eps": 0.58,
            "eps_growth_year": 91.32,
            "eps_4q": 1.84,
            "eps_4q_growth_year": 25.12,
            "roe": 3.45,
            "roe_4q": 10.920000000000002,
            "gross_profit": 119515,
            "gross_margin": 27.26,
            "gross_margin_4q_avg": 26.26,
            "net_income": 104121,
            "revenue": 438416,
            "common_shares": 1805375,
            "book_valuer_per_share": 17.27,
            "book_valuer_per_share_4q_avg": 16.86,
            "equity": 3073442,
            "current_ratio": 255.21,
            "debt_ratio": 40.9,
            "inventory_turnover_ratio": 7.48,
            "account_receivable_turnover_ratio": 2.65,
            "reinvestment_rate": 67.52,
            "research_to_sale_ratio": null,
            "price_fair": 57.6,
            "eps_avg_yearly": 1.65,
            "eps_latest_yearly": 2.32,
            "eps_growth_yearly": 161.5
        },
        "20211": {
            "year_quarter": 20211,
            "year": 2021,
            "quarter": 1,
            "eps": 0.76,
            "eps_growth_year": 137.5,
            "eps_4q": 2.28,
            "eps_4q_growth_year": 92.78,
            "roe": 4.33,
            "roe_4q": 13.360000000000001,
            "gross_profit": 175920,
            "gross_margin": 29.32,
            "gross_margin_4q_avg": 26.26,
            "net_income": 136027,
            "revenue": 599957,
            "common_shares": 1805375,
            "book_valuer_per_share": 18.03,
            "book_valuer_per_share_4q_avg": 17.09,
            "equity": 3209469,
            "current_ratio": 290.58,
            "debt_ratio": 39.95,
            "inventory_turnover_ratio": 10.75,
            "account_receivable_turnover_ratio": 3.01,
            "reinvestment_rate": 63.23,
            "research_to_sale_ratio": null,
            "price_fair": 60.5,
            "eps_avg_yearly": 1.73,
            "eps_latest_yearly": 3.04,
            "eps_growth_yearly": 154.18
        },
        "20212": {
            "year_quarter": 20212,
            "year": 2021,
            "quarter": 2,
            "eps": 0.47,
            "eps_growth_year": -28.79,
            "eps_4q": 2.09,
            "eps_4q_growth_year": 51.19,
            "roe": 2.58,
            "roe_4q": 11.969999999999999,
            "gross_profit": 131301,
            "gross_margin": 30.8,
            "gross_margin_4q_avg": 26.53,
            "net_income": 83797,
            "revenue": 426371,
            "common_shares": 1805375,
            "book_valuer_per_share": 18.5,
            "book_valuer_per_share_4q_avg": 17.62,
            "equity": 3293266,
            "current_ratio": 302.04,
            "debt_ratio": 39.01,
            "inventory_turnover_ratio": 8.58,
            "account_receivable_turnover_ratio": 2.18,
            "reinvestment_rate": 60.57,
            "research_to_sale_ratio": null,
            "price_fair": 61.2,
            "eps_avg_yearly": 1.75,
            "eps_latest_yearly": 1.88,
            "eps_growth_yearly": 147.53
        },
        "20213": {
            "year_quarter": 20213,
            "year": 2021,
            "quarter": 3,
            "eps": 0.06,
            "eps_growth_year": -77.78,
            "eps_4q": 1.88,
            "eps_4q_growth_year": 20.6,
            "roe": 0.32,
            "roe_4q": 10.68,
            "gross_profit": 76546,
            "gross_margin": 22.16,
            "gross_margin_4q_avg": 27.39,
            "net_income": 10185,
            "revenue": 345359,
            "common_shares": 1805375,
            "book_valuer_per_share": 16.93,
            "book_valuer_per_share_4q_avg": 17.68,
            "equity": 3014591,
            "current_ratio": 219.77,
            "debt_ratio": 44.75,
            "inventory_turnover_ratio": 7.69,
            "account_receivable_turnover_ratio": 2.04,
            "reinvestment_rate": 59.3,
            "research_to_sale_ratio": null,
            "price_fair": 58.9,
            "eps_avg_yearly": 1.68,
            "eps_latest_yearly": 0.24,
            "eps_growth_yearly": 130.46
        },
        "20214": {
            "year_quarter": 20214,
            "year": 2021,
            "quarter": 4,
            "eps": 0.63,
            "eps_growth_year": 7.94,
            "eps_4q": 1.92,
            "eps_4q_growth_year": 4.79,
            "roe": 3.66,
            "roe_4q": 10.89,
            "gross_profit": 111828,
            "gross_margin": 26.47,
            "gross_margin_4q_avg": 27.19,
            "net_income": 112386,
            "revenue": 422480,
            "common_shares": 1805375,
            "book_valuer_per_share": 17.6,
            "book_valuer_per_share_4q_avg": 17.77,
            "equity": 3133270,
            "current_ratio": 267.78,
            "debt_ratio": 41.27,
            "inventory_turnover_ratio": 8.97,
            "account_receivable_turnover_ratio": 2.58,
            "reinvestment_rate": 53.01,
            "research_to_sale_ratio": null,
            "price_fair": 62.8,
            "eps_avg_yearly": 1.79,
            "eps_latest_yearly": 2.52,
            "eps_growth_yearly": 406.82
        },
        "20221": {
            "year_quarter": 20221,
            "year": 2022,
            "quarter": 1,
            "eps": 0.56,
            "eps_growth_year": -26.32,
            "eps_4q": 1.72,
            "eps_4q_growth_year": -24.73,
            "roe": 3.11,
            "roe_4q": 9.67,
            "gross_profit": 221759,
            "gross_margin": 34.55,
            "gross_margin_4q_avg": 28.5,
            "net_income": 98968,
            "revenue": 641908,
            "common_shares": 1805375,
            "book_valuer_per_share": 18.16,
            "book_valuer_per_share_4q_avg": 17.8,
            "equity": 3232238,
            "current_ratio": 296.5,
            "debt_ratio": 40.59,
            "inventory_turnover_ratio": 12.14,
            "account_receivable_turnover_ratio": 3.19,
            "reinvestment_rate": 57.55,
            "research_to_sale_ratio": null,
            "price_fair": 63.3,
            "eps_avg_yearly": 1.81,
            "eps_latest_yearly": 2.24,
            "eps_growth_yearly": 371.5
        },
        "20222": {
            "year_quarter": 20222,
            "year": 2022,
            "quarter": 2,
            "eps": -0.06,
            "eps_growth_year": -112.77,
            "eps_4q": 1.19,
            "eps_4q_growth_year": -42.96,
            "roe": -0.32,
            "roe_4q": 6.7700000000000005,
            "gross_profit": 142679,
            "gross_margin": 30.69,
            "gross_margin_4q_avg": 28.47,
            "net_income": -9759,
            "revenue": 464914,
            "common_shares": 1805375,
            "book_valuer_per_share": 16.38,
            "book_valuer_per_share_4q_avg": 17.27,
            "equity": 2915565,
            "current_ratio": 217.21,
            "debt_ratio": 46.08,
            "inventory_turnover_ratio": 8.02,
            "account_receivable_turnover_ratio": 2.14,
            "reinvestment_rate": 60.17,
            "research_to_sale_ratio": null,
            "price_fair": 62.35,
            "eps_avg_yearly": 1.78,
            "eps_latest_yearly": 2.24,
            "eps_growth_yearly": 398.27
        },
        "20223": {
            "year_quarter": 20223,
            "year": 2022,
            "quarter": 3,
            "eps": 0.08,
            "eps_growth_year": 33.33,
            "eps_4q": 1.21,
            "eps_4q_growth_year": -35.59,
            "roe": 0.47,
            "roe_4q": 6.92,
            "gross_profit": 88673,
            "gross_margin": 23.94,
            "gross_margin_4q_avg": 28.91,
            "net_income": 13614,
            "revenue": 370355,
            "common_shares": 1805375,
            "book_valuer_per_share": 16.48,
            "book_valuer_per_share_4q_avg": 17.16,
            "equity": 2933477,
            "current_ratio": 253.58,
            "debt_ratio": 42.61,
            "inventory_turnover_ratio": 6.39,
            "account_receivable_turnover_ratio": 2.06,
            "reinvestment_rate": 56.78,
            "research_to_sale_ratio": null,
            "price_fair": 62.35,
            "eps_avg_yearly": 1.78,
            "eps_latest_yearly": 2.24,
            "eps_growth_yearly": 398.27
        },
        "20224": {
            "year_quarter": 20224,
            "year": 2022,
            "quarter": 4,
            "eps": 0.23,
            "eps_growth_year": -63.49,
            "eps_4q": 0.81,
            "eps_4q_growth_year": -57.98,
            "roe": 1.39,
            "roe_4q": 4.6499999999999995,
            "gross_profit": 118713,
            "gross_margin": 25.3,
            "gross_margin_4q_avg": 28.62,
            "net_income": 41037,
            "revenue": 469133,
            "common_shares": 1805375,
            "book_valuer_per_share": 16.78,
            "book_valuer_per_share_4q_avg": 16.95,
            "equity": 2986740,
            "current_ratio": 233.33,
            "debt_ratio": 43.94,
            "inventory_turnover_ratio": 7.98,
            "account_receivable_turnover_ratio": 2.53,
            "reinvestment_rate": 57.95,
            "research_to_sale_ratio": null,
            "price_fair": 60.2,
            "eps_avg_yearly": 1.72,
            "eps_latest_yearly": 0.92,
            "eps_growth_yearly": 423.39
        },
        "20231": {
            "year_quarter": 20231,
            "year": 2023,
            "quarter": 1,
            "eps": 0.84,
            "eps_growth_year": 50,
            "eps_4q": 1.09,
            "eps_4q_growth_year": -36.42,
            "roe": 5.02,
            "roe_4q": 6.559999999999999,
            "gross_profit": 203337,
            "gross_margin": 32.78,
            "gross_margin_4q_avg": 28.18,
            "net_income": 149242,
            "revenue": 620374,
            "common_shares": 1805375,
            "book_valuer_per_share": 16.6,
            "book_valuer_per_share_4q_avg": 16.56,
            "equity": 2955444,
            "current_ratio": 219.53,
            "debt_ratio": 46.56,
            "inventory_turnover_ratio": 9.65,
            "account_receivable_turnover_ratio": 2.75,
            "reinvestment_rate": 53.99,
            "research_to_sale_ratio": null,
            "price_fair": 62.5,
            "eps_avg_yearly": 1.79,
            "eps_latest_yearly": 3.36,
            "eps_growth_yearly": 458.03
        }
    },
    "months": {
        "2001-06": {
            "month": "2001-06",
            "price": "13.67",
            "revenue": 105985
        },
        "2001-07": {
            "month": "2001-07",
            "price": "12.29",
            "revenue": 95030
        },
        "2001-08": {
            "month": "2001-08",
            "price": "12.17",
            "revenue": 95939
        },
        "2001-09": {
            "month": "2001-09",
            "price": "12.05",
            "revenue": 62183
        },
        "2001-10": {
            "month": "2001-10",
            "price": "11.55",
            "revenue": 90118
        },
        "2001-11": {
            "month": "2001-11",
            "price": "11.57",
            "revenue": 105816
        },
        "2001-12": {
            "month": "2001-12",
            "price": "11.96",
            "revenue": 107813
        },
        "2002-01": {
            "month": "2002-01",
            "price": "11.91",
            "revenue": 139607
        },
        "2002-02": {
            "month": "2002-02",
            "price": "11.83",
            "revenue": 106289
        },
        "2002-03": {
            "month": "2002-03",
            "price": "12.19",
            "revenue": 159852
        },
        "2002-04": {
            "month": "2002-04",
            "price": "12.88",
            "revenue": 124723
        },
        "2002-05": {
            "month": "2002-05",
            "price": "13.15",
            "revenue": 112475
        },
        "2002-06": {
            "month": "2002-06",
            "price": "13.28",
            "revenue": 81662
        },
        "2002-07": {
            "month": "2002-07",
            "price": "13.20",
            "revenue": 109993
        },
        "2002-08": {
            "month": "2002-08",
            "price": "12.68",
            "revenue": 94345
        },
        "2002-09": {
            "month": "2002-09",
            "price": "12.41",
            "revenue": 58072
        },
        "2002-10": {
            "month": "2002-10",
            "price": "12.35",
            "revenue": 85385
        },
        "2002-11": {
            "month": "2002-11",
            "price": "12.44",
            "revenue": 104643
        },
        "2002-12": {
            "month": "2002-12",
            "price": "12.45",
            "revenue": 115632
        },
        "2003-01": {
            "month": "2003-01",
            "price": "12.86",
            "revenue": 120195
        },
        "2003-02": {
            "month": "2003-02",
            "price": "13.22",
            "revenue": 143819
        },
        "2003-03": {
            "month": "2003-03",
            "price": "14.48",
            "revenue": 181009
        },
        "2003-04": {
            "month": "2003-04",
            "price": "14.56",
            "revenue": 135632
        },
        "2003-05": {
            "month": "2003-05",
            "price": "13.89",
            "revenue": 129749
        },
        "2003-06": {
            "month": "2003-06",
            "price": "14.41",
            "revenue": 110656
        },
        "2003-07": {
            "month": "2003-07",
            "price": "14.27",
            "revenue": 132746
        },
        "2003-08": {
            "month": "2003-08",
            "price": "14.14",
            "revenue": 92409
        },
        "2003-09": {
            "month": "2003-09",
            "price": "14.37",
            "revenue": 68560
        },
        "2003-10": {
            "month": "2003-10",
            "price": "15.14",
            "revenue": 97546
        },
        "2003-11": {
            "month": "2003-11",
            "price": "15.12",
            "revenue": 98569
        },
        "2003-12": {
            "month": "2003-12",
            "price": "15.06",
            "revenue": 115854
        },
        "2004-01": {
            "month": "2004-01",
            "price": "15.95",
            "revenue": 144756
        },
        "2004-02": {
            "month": "2004-02",
            "price": "17.04",
            "revenue": 153445
        },
        "2004-03": {
            "month": "2004-03",
            "price": "17.45",
            "revenue": 234762
        },
        "2004-04": {
            "month": "2004-04",
            "price": "17.08",
            "revenue": 127772
        },
        "2004-05": {
            "month": "2004-05",
            "price": "16.22",
            "revenue": 149295
        },
        "2004-06": {
            "month": "2004-06",
            "price": "16.64",
            "revenue": 98495
        },
        "2004-07": {
            "month": "2004-07",
            "price": "16.49",
            "revenue": 119872
        },
        "2004-08": {
            "month": "2004-08",
            "price": "16.56",
            "revenue": 98870
        },
        "2004-09": {
            "month": "2004-09",
            "price": "17.41",
            "revenue": 73687
        },
        "2004-10": {
            "month": "2004-10",
            "price": "17.65",
            "revenue": 93798
        },
        "2004-11": {
            "month": "2004-11",
            "price": "17.19",
            "revenue": 121413
        },
        "2004-12": {
            "month": "2004-12",
            "price": "17.24",
            "revenue": 128988
        },
        "2005-01": {
            "month": "2005-01",
            "price": "17.46",
            "revenue": 186241
        },
        "2005-02": {
            "month": "2005-02",
            "price": "17.71",
            "revenue": 127336
        },
        "2005-03": {
            "month": "2005-03",
            "price": "18.52",
            "revenue": 253361
        },
        "2005-04": {
            "month": "2005-04",
            "price": "17.88",
            "revenue": 170513
        },
        "2005-05": {
            "month": "2005-05",
            "price": "18.29",
            "revenue": 164626
        },
        "2005-06": {
            "month": "2005-06",
            "price": "18.85",
            "revenue": 97820
        },
        "2005-07": {
            "month": "2005-07",
            "price": "18.36",
            "revenue": 126420
        },
        "2005-08": {
            "month": "2005-08",
            "price": "18.45",
            "revenue": 101821
        },
        "2005-09": {
            "month": "2005-09",
            "price": "18.45",
            "revenue": 106846
        },
        "2005-10": {
            "month": "2005-10",
            "price": "18.55",
            "revenue": 110893
        },
        "2005-11": {
            "month": "2005-11",
            "price": "18.77",
            "revenue": 127358
        },
        "2005-12": {
            "month": "2005-12",
            "price": "18.72",
            "revenue": 154847
        },
        "2006-01": {
            "month": "2006-01",
            "price": "18.63",
            "revenue": 189909
        },
        "2006-02": {
            "month": "2006-02",
            "price": "18.71",
            "revenue": 175993
        },
        "2006-03": {
            "month": "2006-03",
            "price": "18.86",
            "revenue": 201744
        },
        "2006-04": {
            "month": "2006-04",
            "price": "19.02",
            "revenue": 165621
        },
        "2006-05": {
            "month": "2006-05",
            "price": "20.04",
            "revenue": 173093
        },
        "2006-06": {
            "month": "2006-06",
            "price": "19.06",
            "revenue": 123266
        },
        "2006-07": {
            "month": "2006-07",
            "price": "19.31",
            "revenue": 150257
        },
        "2006-08": {
            "month": "2006-08",
            "price": "19.60",
            "revenue": 117792
        },
        "2006-09": {
            "month": "2006-09",
            "price": "18.69",
            "revenue": 103777
        },
        "2006-10": {
            "month": "2006-10",
            "price": "18.52",
            "revenue": 124789
        },
        "2006-11": {
            "month": "2006-11",
            "price": "18.61",
            "revenue": 137601
        },
        "2006-12": {
            "month": "2006-12",
            "price": "18.94",
            "revenue": 154848
        },
        "2007-01": {
            "month": "2007-01",
            "price": "19.16",
            "revenue": 201150
        },
        "2007-02": {
            "month": "2007-02",
            "price": "19.36",
            "revenue": 198926
        },
        "2007-03": {
            "month": "2007-03",
            "price": "19.64",
            "revenue": 234120
        },
        "2007-04": {
            "month": "2007-04",
            "price": "20.79",
            "revenue": 190487
        },
        "2007-05": {
            "month": "2007-05",
            "price": "21.40",
            "revenue": 184689
        },
        "2007-06": {
            "month": "2007-06",
            "price": "22.65",
            "revenue": 180615
        },
        "2007-07": {
            "month": "2007-07",
            "price": "24.79",
            "revenue": 158580
        },
        "2007-08": {
            "month": "2007-08",
            "price": "23.19",
            "revenue": 138352
        },
        "2007-09": {
            "month": "2007-09",
            "price": "23.34",
            "revenue": 88219
        },
        "2007-10": {
            "month": "2007-10",
            "price": "24.18",
            "revenue": 137935
        },
        "2007-11": {
            "month": "2007-11",
            "price": "23.51",
            "revenue": 155209
        },
        "2007-12": {
            "month": "2007-12",
            "price": "22.78",
            "revenue": 193075
        },
        "2008-01": {
            "month": "2008-01",
            "price": "22.46",
            "revenue": 243740
        },
        "2008-02": {
            "month": "2008-02",
            "price": "22.99",
            "revenue": 200542
        },
        "2008-03": {
            "month": "2008-03",
            "price": "24.97",
            "revenue": 268686
        },
        "2008-04": {
            "month": "2008-04",
            "price": "25.71",
            "revenue": 201045
        },
        "2008-05": {
            "month": "2008-05",
            "price": "27.50",
            "revenue": 223564
        },
        "2008-06": {
            "month": "2008-06",
            "price": "25.47",
            "revenue": 210935
        },
        "2008-07": {
            "month": "2008-07",
            "price": "24.01",
            "revenue": 190215
        },
        "2008-08": {
            "month": "2008-08",
            "price": "23.13",
            "revenue": 159555
        },
        "2008-09": {
            "month": "2008-09",
            "price": "21.84",
            "revenue": 112843
        },
        "2008-10": {
            "month": "2008-10",
            "price": "20.94",
            "revenue": 171715
        },
        "2008-11": {
            "month": "2008-11",
            "price": "20.40",
            "revenue": 196773
        },
        "2008-12": {
            "month": "2008-12",
            "price": "21.24",
            "revenue": 224395
        },
        "2009-01": {
            "month": "2009-01",
            "price": "21.94",
            "revenue": 265396
        },
        "2009-02": {
            "month": "2009-02",
            "price": "21.46",
            "revenue": 203271
        },
        "2009-03": {
            "month": "2009-03",
            "price": "23.10",
            "revenue": 230248
        },
        "2009-04": {
            "month": "2009-04",
            "price": "24.35",
            "revenue": 192815
        },
        "2009-05": {
            "month": "2009-05",
            "price": "25.31",
            "revenue": 196679
        },
        "2009-06": {
            "month": "2009-06",
            "price": "25.18",
            "revenue": 147681
        },
        "2009-07": {
            "month": "2009-07",
            "price": "25.17",
            "revenue": 155847
        },
        "2009-08": {
            "month": "2009-08",
            "price": "24.25",
            "revenue": 143455
        },
        "2009-09": {
            "month": "2009-09",
            "price": "24.96",
            "revenue": 94751
        },
        "2009-10": {
            "month": "2009-10",
            "price": "25.71",
            "revenue": 149424
        },
        "2009-11": {
            "month": "2009-11",
            "price": "25.48",
            "revenue": 166614
        },
        "2009-12": {
            "month": "2009-12",
            "price": "25.56",
            "revenue": 246528
        },
        "2010-01": {
            "month": "2010-01",
            "price": "26.33",
            "revenue": 238170
        },
        "2010-02": {
            "month": "2010-02",
            "price": "27.06",
            "revenue": 205021
        },
        "2010-03": {
            "month": "2010-03",
            "price": "28.22",
            "revenue": 311706
        },
        "2010-04": {
            "month": "2010-04",
            "price": "28.77",
            "revenue": 224549
        },
        "2010-05": {
            "month": "2010-05",
            "price": "27.09",
            "revenue": 222575
        },
        "2010-06": {
            "month": "2010-06",
            "price": "26.63",
            "revenue": 191687
        },
        "2010-07": {
            "month": "2010-07",
            "price": "28.17",
            "revenue": 170387
        },
        "2010-08": {
            "month": "2010-08",
            "price": "28.57",
            "revenue": 150079
        },
        "2010-09": {
            "month": "2010-09",
            "price": "28.18",
            "revenue": 107373
        },
        "2010-10": {
            "month": "2010-10",
            "price": "27.22",
            "revenue": 168725
        },
        "2010-11": {
            "month": "2010-11",
            "price": "27.18",
            "revenue": 194489
        },
        "2010-12": {
            "month": "2010-12",
            "price": "26.96",
            "revenue": 253845
        },
        "2011-01": {
            "month": "2011-01",
            "price": "27.21",
            "revenue": 236086
        },
        "2011-02": {
            "month": "2011-02",
            "price": "26.79",
            "revenue": 232083
        },
        "2011-03": {
            "month": "2011-03",
            "price": "26.67",
            "revenue": 335109
        },
        "2011-04": {
            "month": "2011-04",
            "price": "27.44",
            "revenue": 216983
        },
        "2011-05": {
            "month": "2011-05",
            "price": "27.86",
            "revenue": 229703
        },
        "2011-06": {
            "month": "2011-06",
            "price": "28.43",
            "revenue": 180135
        },
        "2011-07": {
            "month": "2011-07",
            "price": "27.78",
            "revenue": 183781
        },
        "2011-08": {
            "month": "2011-08",
            "price": "27.54",
            "revenue": 166496
        },
        "2011-09": {
            "month": "2011-09",
            "price": "27.19",
            "revenue": 169647
        },
        "2011-10": {
            "month": "2011-10",
            "price": "27.60",
            "revenue": 174342
        },
        "2011-11": {
            "month": "2011-11",
            "price": "28.93",
            "revenue": 209275
        },
        "2011-12": {
            "month": "2011-12",
            "price": "29.53",
            "revenue": 291215
        },
        "2012-01": {
            "month": "2012-01",
            "price": "29.25",
            "revenue": 243740
        },
        "2012-02": {
            "month": "2012-02",
            "price": "29.14",
            "revenue": 245830
        },
        "2012-03": {
            "month": "2012-03",
            "price": "29.80",
            "revenue": 350703
        },
        "2012-04": {
            "month": "2012-04",
            "price": "28.85",
            "revenue": 242467
        },
        "2012-05": {
            "month": "2012-05",
            "price": "28.05",
            "revenue": 252219
        },
        "2012-06": {
            "month": "2012-06",
            "price": "27.81",
            "revenue": 182584
        },
        "2012-07": {
            "month": "2012-07",
            "price": "27.88",
            "revenue": 187320
        },
        "2012-08": {
            "month": "2012-08",
            "price": "28.79",
            "revenue": 178278
        },
        "2012-09": {
            "month": "2012-09",
            "price": "30.68",
            "revenue": 119799
        },
        "2012-10": {
            "month": "2012-10",
            "price": "30.87",
            "revenue": 196012
        },
        "2012-11": {
            "month": "2012-11",
            "price": "29.56",
            "revenue": 241927
        },
        "2012-12": {
            "month": "2012-12",
            "price": "30.29",
            "revenue": 332633
        },
        "2013-01": {
            "month": "2013-01",
            "price": "31.45",
            "revenue": 293303
        },
        "2013-02": {
            "month": "2013-02",
            "price": "32.12",
            "revenue": 262791
        },
        "2013-03": {
            "month": "2013-03",
            "price": "31.96",
            "revenue": 302923
        },
        "2013-04": {
            "month": "2013-04",
            "price": "32.08",
            "revenue": 274890
        },
        "2013-05": {
            "month": "2013-05",
            "price": "32.50",
            "revenue": 239470
        },
        "2013-06": {
            "month": "2013-06",
            "price": "32.42",
            "revenue": 201252
        },
        "2013-07": {
            "month": "2013-07",
            "price": "32.55",
            "revenue": 158534
        },
        "2013-08": {
            "month": "2013-08",
            "price": "32.76",
            "revenue": 141484
        },
        "2013-09": {
            "month": "2013-09",
            "price": "33.43",
            "revenue": 143136
        },
        "2013-10": {
            "month": "2013-10",
            "price": "33.74",
            "revenue": 177802
        },
        "2013-11": {
            "month": "2013-11",
            "price": "33.73",
            "revenue": 213757
        },
        "2013-12": {
            "month": "2013-12",
            "price": "33.36",
            "revenue": 270300
        },
        "2014-01": {
            "month": "2014-01",
            "price": "33.63",
            "revenue": 340041
        },
        "2014-02": {
            "month": "2014-02",
            "price": "33.01",
            "revenue": 275898
        },
        "2014-03": {
            "month": "2014-03",
            "price": "32.99",
            "revenue": 341073
        },
        "2014-04": {
            "month": "2014-04",
            "price": "33.13",
            "revenue": 281080
        },
        "2014-05": {
            "month": "2014-05",
            "price": "33.10",
            "revenue": 233063
        },
        "2014-06": {
            "month": "2014-06",
            "price": "33.90",
            "revenue": 184854
        },
        "2014-07": {
            "month": "2014-07",
            "price": "34.31",
            "revenue": 172503
        },
        "2014-08": {
            "month": "2014-08",
            "price": "34.58",
            "revenue": 155978
        },
        "2014-09": {
            "month": "2014-09",
            "price": "35.64",
            "revenue": 162899
        },
        "2014-10": {
            "month": "2014-10",
            "price": "34.01",
            "revenue": 177395
        },
        "2014-11": {
            "month": "2014-11",
            "price": "32.86",
            "revenue": 195166
        },
        "2014-12": {
            "month": "2014-12",
            "price": "32.89",
            "revenue": 268965
        },
        "2015-01": {
            "month": "2015-01",
            "price": "32.86",
            "revenue": 285456
        },
        "2015-02": {
            "month": "2015-02",
            "price": "33.26",
            "revenue": 244449
        },
        "2015-03": {
            "month": "2015-03",
            "price": "33.42",
            "revenue": 261784
        },
        "2015-04": {
            "month": "2015-04",
            "price": "33.85",
            "revenue": 210599
        },
        "2015-05": {
            "month": "2015-05",
            "price": "35.24",
            "revenue": 177845
        },
        "2015-06": {
            "month": "2015-06",
            "price": "32.76",
            "revenue": 141240
        },
        "2015-07": {
            "month": "2015-07",
            "price": "32.05",
            "revenue": 118902
        },
        "2015-08": {
            "month": "2015-08",
            "price": "30.94",
            "revenue": 113129
        },
        "2015-09": {
            "month": "2015-09",
            "price": "30.52",
            "revenue": 120598
        },
        "2015-10": {
            "month": "2015-10",
            "price": "30.88",
            "revenue": 135718
        },
        "2015-11": {
            "month": "2015-11",
            "price": "31.04",
            "revenue": 140345
        },
        "2015-12": {
            "month": "2015-12",
            "price": "31.26",
            "revenue": 165392
        },
        "2016-01": {
            "month": "2016-01",
            "price": "31.02",
            "revenue": 196658
        },
        "2016-02": {
            "month": "2016-02",
            "price": "31.10",
            "revenue": 190647
        },
        "2016-03": {
            "month": "2016-03",
            "price": "31.45",
            "revenue": 212448
        },
        "2016-04": {
            "month": "2016-04",
            "price": "31.62",
            "revenue": 181729
        },
        "2016-05": {
            "month": "2016-05",
            "price": "31.13",
            "revenue": 148501
        },
        "2016-06": {
            "month": "2016-06",
            "price": "31.48",
            "revenue": 120826
        },
        "2016-07": {
            "month": "2016-07",
            "price": "31.94",
            "revenue": 95941
        },
        "2016-08": {
            "month": "2016-08",
            "price": "31.60",
            "revenue": 98234
        },
        "2016-09": {
            "month": "2016-09",
            "price": "31.77",
            "revenue": 99815
        },
        "2016-10": {
            "month": "2016-10",
            "price": "31.81",
            "revenue": 115163
        },
        "2016-11": {
            "month": "2016-11",
            "price": "31.49",
            "revenue": 138192
        },
        "2016-12": {
            "month": "2016-12",
            "price": "31.75",
            "revenue": 163978
        },
        "2017-01": {
            "month": "2017-01",
            "price": "31.68",
            "revenue": 183672
        },
        "2017-02": {
            "month": "2017-02",
            "price": "32.02",
            "revenue": 178491
        },
        "2017-03": {
            "month": "2017-03",
            "price": "32.41",
            "revenue": 211377
        },
        "2017-04": {
            "month": "2017-04",
            "price": "31.84",
            "revenue": 195201
        },
        "2017-05": {
            "month": "2017-05",
            "price": "31.65",
            "revenue": 199301
        },
        "2017-06": {
            "month": "2017-06",
            "price": "31.93",
            "revenue": 152449
        },
        "2017-07": {
            "month": "2017-07",
            "price": "31.98",
            "revenue": 135139
        },
        "2017-08": {
            "month": "2017-08",
            "price": "31.50",
            "revenue": 124085
        },
        "2017-09": {
            "month": "2017-09",
            "price": "31.64",
            "revenue": 106958
        },
        "2017-10": {
            "month": "2017-10",
            "price": "32.08",
            "revenue": 120044
        },
        "2017-11": {
            "month": "2017-11",
            "price": "32.06",
            "revenue": 148354
        },
        "2017-12": {
            "month": "2017-12",
            "price": "32.06",
            "revenue": 185502
        },
        "2018-01": {
            "month": "2018-01",
            "price": "32.53",
            "revenue": 240923
        },
        "2018-02": {
            "month": "2018-02",
            "price": "32.52",
            "revenue": 223933
        },
        "2018-03": {
            "month": "2018-03",
            "price": "33.03",
            "revenue": 234536
        },
        "2018-04": {
            "month": "2018-04",
            "price": "33.28",
            "revenue": 210985
        },
        "2018-05": {
            "month": "2018-05",
            "price": "33.07",
            "revenue": 168650
        },
        "2018-06": {
            "month": "2018-06",
            "price": "33.55",
            "revenue": 139439
        },
        "2018-07": {
            "month": "2018-07",
            "price": "33.39",
            "revenue": 138059
        },
        "2018-08": {
            "month": "2018-08",
            "price": "32.92",
            "revenue": 128911
        },
        "2018-09": {
            "month": "2018-09",
            "price": "33.24",
            "revenue": 131426
        },
        "2018-10": {
            "month": "2018-10",
            "price": "32.28",
            "revenue": 148329
        },
        "2018-11": {
            "month": "2018-11",
            "price": "32.36",
            "revenue": 195117
        },
        "2018-12": {
            "month": "2018-12",
            "price": "32.90",
            "revenue": 203026
        },
        "2019-01": {
            "month": "2019-01",
            "price": "33.31",
            "revenue": 240763
        },
        "2019-02": {
            "month": "2019-02",
            "price": "33.59",
            "revenue": 216566
        },
        "2019-03": {
            "month": "2019-03",
            "price": "33.61",
            "revenue": 242806
        },
        "2019-04": {
            "month": "2019-04",
            "price": "33.47",
            "revenue": 212750
        },
        "2019-05": {
            "month": "2019-05",
            "price": "33.46",
            "revenue": 186052
        },
        "2019-06": {
            "month": "2019-06",
            "price": "33.85",
            "revenue": 164272
        },
        "2019-07": {
            "month": "2019-07",
            "price": "33.98",
            "revenue": 146238
        },
        "2019-08": {
            "month": "2019-08",
            "price": "33.43",
            "revenue": 134561
        },
        "2019-09": {
            "month": "2019-09",
            "price": "34.21",
            "revenue": 120902
        },
        "2019-10": {
            "month": "2019-10",
            "price": "34.53",
            "revenue": 144354
        },
        "2019-11": {
            "month": "2019-11",
            "price": "34.27",
            "revenue": 166556
        },
        "2019-12": {
            "month": "2019-12",
            "price": "34.20",
            "revenue": 184808
        },
        "2020-01": {
            "month": "2020-01",
            "price": "34.09",
            "revenue": 246744
        },
        "2020-02": {
            "month": "2020-02",
            "price": "33.81",
            "revenue": 216593
        },
        "2020-03": {
            "month": "2020-03",
            "price": "32.24",
            "revenue": 236231
        },
        "2020-04": {
            "month": "2020-04",
            "price": "33.20",
            "revenue": 200485
        },
        "2020-05": {
            "month": "2020-05",
            "price": "34.32",
            "revenue": 167009
        },
        "2020-06": {
            "month": "2020-06",
            "price": "34.78",
            "revenue": 156812
        },
        "2020-07": {
            "month": "2020-07",
            "price": "35.41",
            "revenue": 111592
        },
        "2020-08": {
            "month": "2020-08",
            "price": "34.75",
            "revenue": 108915
        },
        "2020-09": {
            "month": "2020-09",
            "price": "35.06",
            "revenue": 103582
        },
        "2020-10": {
            "month": "2020-10",
            "price": "35.86",
            "revenue": 128697
        },
        "2020-11": {
            "month": "2020-11",
            "price": "36.14",
            "revenue": 143199
        },
        "2020-12": {
            "month": "2020-12",
            "price": "37.05",
            "revenue": 165183
        },
        "2021-01": {
            "month": "2021-01",
            "price": "36.84",
            "revenue": 216531
        },
        "2021-02": {
            "month": "2021-02",
            "price": "36.18",
            "revenue": 195971
        },
        "2021-03": {
            "month": "2021-03",
            "price": "37.05",
            "revenue": 187454
        },
        "2021-04": {
            "month": "2021-04",
            "price": "38.27",
            "revenue": 169418
        },
        "2021-05": {
            "month": "2021-05",
            "price": "38.84",
            "revenue": 140543
        },
        "2021-06": {
            "month": "2021-06",
            "price": "40.03",
            "revenue": 116828
        },
        "2021-07": {
            "month": "2021-07",
            "price": "40.24",
            "revenue": 104273
        },
        "2021-08": {
            "month": "2021-08",
            "price": "40.82",
            "revenue": 122779
        },
        "2021-09": {
            "month": "2021-09",
            "price": "43.26",
            "revenue": 117913
        },
        "2021-10": {
            "month": "2021-10",
            "price": "43.18",
            "revenue": 126346
        },
        "2021-11": {
            "month": "2021-11",
            "price": "43.15",
            "revenue": 136458
        },
        "2021-12": {
            "month": "2021-12",
            "price": "42.62",
            "revenue": 159653
        },
        "2022-01": {
            "month": "2022-01",
            "price": "42.24",
            "revenue": 233473
        },
        "2022-02": {
            "month": "2022-02",
            "price": "42.31",
            "revenue": 181731
        },
        "2022-03": {
            "month": "2022-03",
            "price": "42.58",
            "revenue": 226703
        },
        "2022-04": {
            "month": "2022-04",
            "price": "43.12",
            "revenue": 174607
        },
        "2022-05": {
            "month": "2022-05",
            "price": "43.25",
            "revenue": 147585
        },
        "2022-06": {
            "month": "2022-06",
            "price": "44.97",
            "revenue": 142723
        },
        "2022-07": {
            "month": "2022-07",
            "price": "44.29",
            "revenue": 144160
        },
        "2022-08": {
            "month": "2022-08",
            "price": "43.13",
            "revenue": 115715
        },
        "2022-09": {
            "month": "2022-09",
            "price": "42.26",
            "revenue": 110479
        },
        "2022-10": {
            "month": "2022-10",
            "price": "42.06",
            "revenue": 125580
        },
        "2022-11": {
            "month": "2022-11",
            "price": "42.31",
            "revenue": 154604
        },
        "2022-12": {
            "month": "2022-12",
            "price": "42.29",
            "revenue": 188950
        },
        "2023-01": {
            "month": "2023-01",
            "price": "42.30",
            "revenue": 223453
        },
        "2023-02": {
            "month": "2023-02",
            "price": "42.22",
            "revenue": 190327
        },
        "2023-03": {
            "month": "2023-03",
            "price": "41.88",
            "revenue": 206590
        },
        "2023-04": {
            "month": "2023-04",
            "price": "41.41",
            "revenue": 176811
        }
    }
}
