{
    "summary": {
        "stock_name": "康那香",
        "stock_id": "9919",
        "category": "其他",
        "main_business": "各類紙製品及棉料化學纖維加工製品之製造買賣業務<br>衛生棉、紙尿褲、濕紙巾及化妝棉等生產銷售及代理經銷業務<br>各種不織布製品之生產銷售及代理經銷業務",
        "website_url": "https://www.knh.com.tw/homepage.html",
        "ceo": "戴秀玲",
        "pe_ratio": 6,
        "report_year_from": 2001,
        "report_year_to": 2023,
        "age": 23,
        "eps_negative_percentage": 13,
        "eps_growth_avg": {
            "last_all": -13.85,
            "last_2y": -94.33,
            "last_4y": -29.56,
            "last_8y": -53.11,
            "last_12y": -36.74,
            "last_16y": -17.44,
            "last_20y": -15.2,
            "at_2006_last_3y": -7.35,
            "at_2007_last_3y": 4.12,
            "at_2008_last_3y": 1.04,
            "at_2009_last_3y": 29.58,
            "at_2010_last_3y": 30.81,
            "at_2011_last_3y": 3.09,
            "at_2012_last_3y": -9.52,
            "at_2013_last_3y": -46.18,
            "at_2014_last_3y": -12.19,
            "at_2015_last_3y": -10.19,
            "at_2016_last_3y": -22.29,
            "at_2017_last_3y": -14.17,
            "at_2018_last_3y": -76.67,
            "at_2019_last_3y": -100,
            "at_2020_last_3y": 0,
            "at_2021_last_3y": -29.56,
            "at_2022_last_3y": -29.56,
            "at_2023_last_3y": -29.56,
            "at_2024_last_3y": -29.56,
            "at_2006_last_all": -3.8,
            "at_2007_last_all": 8.99,
            "at_2008_last_all": 7.53,
            "at_2009_last_all": 19.09,
            "at_2010_last_all": 11.58,
            "at_2011_last_all": 6.63,
            "at_2012_last_all": 1.33,
            "at_2013_last_all": -2.67,
            "at_2014_last_all": 4.27,
            "at_2015_last_all": 1.82,
            "at_2016_last_all": -4.97,
            "at_2017_last_all": -4.97,
            "at_2018_last_all": -10.91,
            "at_2019_last_all": -10.91,
            "at_2020_last_all": -4.38,
            "at_2021_last_all": -9.07,
            "at_2022_last_all": -13.85,
            "at_2023_last_all": -13.85,
            "at_2024_last_all": -13.85
        },
        "latest_eps": 3.37,
        "latest_price": 21.4,
        "latest_roe": 24.9,
        "latest_gross_margin": -4.35,
        "latest_equity": 2932660,
        "latest_revenue": 671088,
        "latest_gross_profit": -29179,
        "latest_net_income": -112598,
        "latest_debt_ratio": 62.78,
        "latest_current_ratio": 253.87,
        "latest_account_receivable_turnover_ratio": 0.78,
        "latest_inventory_turnover_ratio": 0.86,
        "latest_reinvestment_rate": 74.36,
        "latest_research_to_sale_ratio": 2.22
    },
    "eps_dividends": {
        "1993": {
            "cash": 0,
            "stock": 2.14,
            "eps": 0
        },
        "1994": {
            "cash": 0,
            "stock": 1.81,
            "eps": 0
        },
        "1995": {
            "cash": 0,
            "stock": 1.5,
            "eps": 0
        },
        "1996": {
            "cash": 0,
            "stock": 1.5,
            "eps": 0
        },
        "1997": {
            "cash": 0,
            "stock": 1.8,
            "eps": 0
        },
        "1998": {
            "cash": 0,
            "stock": 2.5,
            "eps": 0
        },
        "1999": {
            "cash": 0,
            "stock": 2,
            "eps": 0
        },
        "2000": {
            "cash": 0.4,
            "stock": 1.2,
            "eps": 0
        },
        "2001": {
            "cash": 0.4,
            "stock": 0.55,
            "eps": 0.77
        },
        "2002": {
            "cash": 0.35,
            "stock": 0.6,
            "eps": 0.85
        },
        "2003": {
            "cash": 0.35,
            "stock": 0.35,
            "eps": 1.08
        },
        "2004": {
            "cash": 0.5,
            "stock": 0.4,
            "eps": 1.2
        },
        "2005": {
            "cash": 0.65,
            "stock": 0.25,
            "eps": 1.03
        },
        "2006": {
            "cash": 0.65,
            "stock": 0,
            "eps": 0.48
        },
        "2007": {
            "cash": 0.5,
            "stock": 0,
            "eps": 0.83
        },
        "2008": {
            "cash": 0.65,
            "stock": 0,
            "eps": 0.82
        },
        "2009": {
            "cash": 0.45,
            "stock": 0.1,
            "eps": 1.94
        },
        "2010": {
            "cash": 0.85,
            "stock": 0,
            "eps": 1
        },
        "2011": {
            "cash": 0.8999999999999999,
            "stock": 0,
            "eps": 0.62
        },
        "2012": {
            "cash": 0,
            "stock": 0,
            "eps": 0.3
        },
        "2013": {
            "cash": 0.3,
            "stock": 0,
            "eps": 0.16
        },
        "2014": {
            "cash": 0.3,
            "stock": 0,
            "eps": 0.3
        },
        "2015": {
            "cash": 0.35,
            "stock": 0,
            "eps": 0.21
        },
        "2016": {
            "cash": 0.3,
            "stock": 0,
            "eps": -2.26
        },
        "2017": {
            "cash": 0.2,
            "stock": 0,
            "eps": 0.59
        },
        "2018": {
            "cash": 0.35,
            "stock": 0,
            "eps": -0.08
        },
        "2019": {
            "cash": 0.2,
            "stock": 0,
            "eps": 0.06
        },
        "2020": {
            "cash": 0.2,
            "stock": 0,
            "eps": 4.5
        },
        "2021": {
            "cash": 3,
            "stock": 0,
            "eps": 0.51
        },
        "2022": {
            "cash": 0.3,
            "stock": 0,
            "eps": -1.34
        },
        "2023": {
            "cash": 0.15,
            "stock": 0,
            "eps": 3.37
        },
        "2024": {
            "cash": 0.3,
            "stock": 0,
            "eps": 0
        }
    },
    "dividends": {
        "1993-03-27": {
            "cash": 0,
            "stock": 2.14
        },
        "1994-04-01": {
            "cash": 0,
            "stock": 1.81
        },
        "1995-04-08": {
            "cash": 0,
            "stock": 1.5
        },
        "1996-04-02": {
            "cash": 0,
            "stock": 1.5
        },
        "1997-05-14": {
            "cash": 0,
            "stock": 1.8
        },
        "1998-05-05": {
            "cash": 0,
            "stock": 2.5
        },
        "1999-05-20": {
            "cash": 0,
            "stock": 2
        },
        "2000-05-09": {
            "cash": 0.4,
            "stock": 1.2
        },
        "2001-05-09": {
            "cash": 0.4,
            "stock": 0.55
        },
        "2002-05-28": {
            "cash": 0.35,
            "stock": 0.6
        },
        "2003-03-11": {
            "cash": 0.35,
            "stock": 0.35
        },
        "2004-03-02": {
            "cash": 0.5,
            "stock": 0.4
        },
        "2005-03-07": {
            "cash": 0.65,
            "stock": 0.25
        },
        "2006-03-08": {
            "cash": 0.65,
            "stock": 0
        },
        "2007-03-27": {
            "cash": 0.5,
            "stock": 0
        },
        "2008-03-20": {
            "cash": 0.65,
            "stock": 0
        },
        "2009-03-18": {
            "cash": 0.45,
            "stock": 0.1
        },
        "2010-03-17": {
            "cash": 0.85,
            "stock": 0
        },
        "2011-01-01": {
            "cash": 0.3,
            "stock": 0
        },
        "2011-03-15": {
            "cash": 0.6,
            "stock": 0
        },
        "2013-03-13": {
            "cash": 0.3,
            "stock": 0
        },
        "2014-06-11": {
            "cash": 0.3,
            "stock": 0
        },
        "2015-08-10": {
            "cash": 0.35,
            "stock": 0
        },
        "2016-08-10": {
            "cash": 0.3,
            "stock": 0
        },
        "2017-08-10": {
            "cash": 0.2,
            "stock": 0
        },
        "2018-08-10": {
            "cash": 0.35,
            "stock": 0
        },
        "2019-08-12": {
            "cash": 0.2,
            "stock": 0
        },
        "2020-08-12": {
            "cash": 0.2,
            "stock": 0
        },
        "2021-08-18": {
            "cash": 3,
            "stock": 0
        },
        "2022-08-10": {
            "cash": 0.3,
            "stock": 0
        },
        "2023-08-10": {
            "cash": 0.15,
            "stock": 0
        },
        "2024-02-27": {
            "cash": 0.3,
            "stock": 0
        }
    },
    "prices": {
        "200101": "10.32",
        "200102": "10.88",
        "200103": "13.35",
        "200104": "12.28",
        "200105": "10.62",
        "200106": "11.20",
        "200107": "10.88",
        "200108": "10.63",
        "200109": "10.69",
        "200110": "10.77",
        "200111": "11.17",
        "200112": "11.62",
        "200201": "11.39",
        "200202": "11.28",
        "200203": "12.68",
        "200204": "13.80",
        "200205": "15.49",
        "200206": "14.55",
        "200207": "13.49",
        "200208": "12.74",
        "200209": "12.45",
        "200210": "11.50",
        "200211": "13.09",
        "200212": "13.92",
        "200301": "14.42",
        "200302": "14.00",
        "200303": "13.19",
        "200304": "13.85",
        "200305": "15.24",
        "200306": "13.46",
        "200307": "13.01",
        "200308": "14.06",
        "200309": "13.99",
        "200310": "14.43",
        "200311": "15.48",
        "200312": "15.63",
        "200401": "15.52",
        "200402": "16.56",
        "200403": "18.88",
        "200404": "18.63",
        "200405": "17.21",
        "200406": "16.88",
        "200407": "16.35",
        "200408": "15.94",
        "200409": "16.01",
        "200410": "16.00",
        "200411": "15.40",
        "200412": "14.38",
        "200501": "14.51",
        "200502": "14.41",
        "200503": "14.28",
        "200504": "13.66",
        "200505": "13.12",
        "200506": "13.22",
        "200507": "12.70",
        "200508": "12.76",
        "200509": "12.75",
        "200510": "13.87",
        "200511": "14.45",
        "200512": "13.40",
        "200601": "13.22",
        "200602": "13.57",
        "200603": "13.37",
        "200604": "13.61",
        "200605": "14.63",
        "200606": "14.15",
        "200607": "14.20",
        "200608": "13.77",
        "200609": "13.63",
        "200610": "14.64",
        "200611": "14.97",
        "200612": "16.46",
        "200701": "16.72",
        "200702": "16.80",
        "200703": "15.74",
        "200704": "16.59",
        "200705": "19.61",
        "200706": "21.40",
        "200707": "23.72",
        "200708": "21.89",
        "200709": "21.86",
        "200710": "22.16",
        "200711": "19.20",
        "200712": "17.51",
        "200801": "16.52",
        "200802": "16.84",
        "200803": "18.92",
        "200804": "18.89",
        "200805": "20.85",
        "200806": "18.47",
        "200807": "16.46",
        "200808": "15.85",
        "200809": "13.02",
        "200810": "11.41",
        "200811": "12.12",
        "200812": "13.33",
        "200901": "13.05",
        "200902": "12.91",
        "200903": "14.04",
        "200904": "15.66",
        "200905": "19.06",
        "200906": "17.23",
        "200907": "17.88",
        "200908": "21.32",
        "200909": "23.14",
        "200910": "22.49",
        "200911": "23.31",
        "200912": "22.67",
        "201001": "22.39",
        "201002": "20.82",
        "201003": "21.95",
        "201004": "21.85",
        "201005": "19.58",
        "201006": "18.95",
        "201007": "19.30",
        "201008": "21.42",
        "201009": "21.88",
        "201010": "21.22",
        "201011": "19.91",
        "201012": "19.93",
        "201101": "20.02",
        "201102": "19.90",
        "201103": "19.70",
        "201104": "19.13",
        "201105": "19.22",
        "201106": "18.45",
        "201107": "18.07",
        "201108": "16.82",
        "201109": "16.09",
        "201110": "15.57",
        "201111": "14.79",
        "201112": "14.21",
        "201201": "14.27",
        "201202": "15.46",
        "201203": "16.25",
        "201204": "13.80",
        "201205": "13.17",
        "201206": "12.73",
        "201207": "13.05",
        "201208": "13.38",
        "201209": "13.28",
        "201210": "13.25",
        "201211": "12.54",
        "201212": "13.05",
        "201301": "13.45",
        "201302": "13.38",
        "201303": "14.28",
        "201304": "15.00",
        "201305": "14.15",
        "201306": "14.10",
        "201307": "15.34",
        "201308": "15.42",
        "201309": "14.61",
        "201310": "15.71",
        "201311": "16.58",
        "201312": "16.63",
        "201401": "16.88",
        "201402": "16.50",
        "201403": "15.25",
        "201404": "14.97",
        "201405": "14.69",
        "201406": "14.38",
        "201407": "14.03",
        "201408": "14.16",
        "201409": "13.99",
        "201410": "14.40",
        "201411": "13.52",
        "201412": "13.30",
        "201501": "13.64",
        "201502": "13.33",
        "201503": "13.44",
        "201504": "13.48",
        "201505": "13.52",
        "201506": "14.76",
        "201507": "12.19",
        "201508": "10.71",
        "201509": "10.88",
        "201510": "11.52",
        "201511": "11.98",
        "201512": "11.39",
        "201601": "11.37",
        "201602": "11.74",
        "201603": "11.92",
        "201604": "11.49",
        "201605": "10.64",
        "201606": "10.56",
        "201607": "10.54",
        "201608": "10.60",
        "201609": "10.69",
        "201610": "10.70",
        "201611": "10.59",
        "201612": "10.82",
        "201701": "10.91",
        "201702": "11.50",
        "201703": "11.22",
        "201704": "10.87",
        "201705": "11.10",
        "201706": "11.08",
        "201707": "10.92",
        "201708": "11.11",
        "201709": "11.31",
        "201710": "11.17",
        "201711": "11.67",
        "201712": "11.95",
        "201801": "12.54",
        "201802": "11.84",
        "201803": "12.10",
        "201804": "12.00",
        "201805": "11.98",
        "201806": "12.29",
        "201807": "12.13",
        "201808": "11.90",
        "201809": "11.51",
        "201810": "10.85",
        "201811": "10.44",
        "201812": "10.40",
        "201901": "10.25",
        "201902": "10.58",
        "201903": "11.30",
        "201904": "11.14",
        "201905": "10.85",
        "201906": "10.70",
        "201907": "10.67",
        "201908": "10.54",
        "201909": "10.40",
        "201910": "10.50",
        "201911": "10.42",
        "201912": "10.26",
        "202001": "11.95",
        "202002": "18.14",
        "202003": "19.03",
        "202004": "20.81",
        "202005": "36.36",
        "202006": "44.54",
        "202007": "40.28",
        "202008": "44.35",
        "202009": "42.03",
        "202010": "41.38",
        "202011": "37.84",
        "202012": "32.80",
        "202101": "32.04",
        "202102": "30.30",
        "202103": "34.27",
        "202104": "34.01",
        "202105": "37.06",
        "202106": "35.03",
        "202107": "33.59",
        "202108": "24.94",
        "202109": "24.53",
        "202110": "22.24",
        "202111": "22.92",
        "202112": "25.58",
        "202201": "29.42",
        "202202": "25.36",
        "202203": "23.22",
        "202204": "25.21",
        "202205": "21.54",
        "202206": "19.55",
        "202207": "17.00",
        "202208": "17.26",
        "202209": "17.80",
        "202210": "15.46",
        "202211": "17.01",
        "202212": "17.84",
        "202301": "17.62",
        "202302": "17.41",
        "202303": "17.30",
        "202304": "17.82",
        "202305": "17.84",
        "202306": "19.13",
        "202307": "18.79",
        "202308": "18.60",
        "202309": "19.74",
        "202310": "18.90",
        "202311": "19.82",
        "202312": "27.71"
    },
    "quarters": {
        "20011": {
            "year_quarter": 20011,
            "year": 2001,
            "quarter": 1,
            "eps": 0.28,
            "eps_growth_year": 3.7,
            "eps_4q": 0.81,
            "eps_4q_growth_year": -21.62,
            "roe": 2.05,
            "roe_4q": 2.05,
            "gross_profit": 179839,
            "gross_margin": 29.21,
            "gross_margin_4q_avg": 29.21,
            "net_income": 44218,
            "net_income_4q": null,
            "revenue": 615768,
            "revenue_4q": null,
            "common_shares": 1570280,
            "book_valuer_per_share": 13.89,
            "book_valuer_per_share_4q_avg": 13.89,
            "equity": 2181625,
            "current_ratio": 102.3,
            "debt_ratio": 42.6,
            "inventory_turnover_ratio": 1.2,
            "account_receivable_turnover_ratio": null,
            "reinvestment_rate": null,
            "research_to_sale_ratio": null,
            "price_fair": 0,
            "eps_avg_yearly": 0,
            "eps_latest_yearly": 0,
            "eps_growth_yearly": 0
        },
        "20012": {
            "year_quarter": 20012,
            "year": 2001,
            "quarter": 2,
            "eps": 0.16,
            "eps_growth_year": -33.33,
            "eps_4q": 0.71,
            "eps_4q_growth_year": -24.65,
            "roe": 1.2,
            "roe_4q": 3.25,
            "gross_profit": 158866,
            "gross_margin": 28.1,
            "gross_margin_4q_avg": 28.66,
            "net_income": 25996,
            "net_income_4q": null,
            "revenue": 565281,
            "revenue_4q": null,
            "common_shares": 1570280,
            "book_valuer_per_share": 13.73,
            "book_valuer_per_share_4q_avg": 13.81,
            "equity": 2156285,
            "current_ratio": 127.68,
            "debt_ratio": 44.78,
            "inventory_turnover_ratio": 1.32,
            "account_receivable_turnover_ratio": null,
            "reinvestment_rate": null,
            "research_to_sale_ratio": null,
            "price_fair": 0,
            "eps_avg_yearly": 0,
            "eps_latest_yearly": 0,
            "eps_growth_yearly": 0
        },
        "20013": {
            "year_quarter": 20013,
            "year": 2001,
            "quarter": 3,
            "eps": 0.04,
            "eps_growth_year": -60,
            "eps_4q": 0.59,
            "eps_4q_growth_year": -27.07,
            "roe": 0.33,
            "roe_4q": 3.58,
            "gross_profit": 164124,
            "gross_margin": 30.3,
            "gross_margin_4q_avg": 29.2,
            "net_income": 7233,
            "net_income_4q": null,
            "revenue": 541591,
            "revenue_4q": null,
            "common_shares": 1658500,
            "book_valuer_per_share": 13.05,
            "book_valuer_per_share_4q_avg": 13.56,
            "equity": 2164589,
            "current_ratio": 138.53,
            "debt_ratio": 41.11,
            "inventory_turnover_ratio": 1.21,
            "account_receivable_turnover_ratio": null,
            "reinvestment_rate": null,
            "research_to_sale_ratio": null,
            "price_fair": 0,
            "eps_avg_yearly": 0,
            "eps_latest_yearly": 0,
            "eps_growth_yearly": 0
        },
        "20014": {
            "year_quarter": 20014,
            "year": 2001,
            "quarter": 4,
            "eps": 0.29,
            "eps_growth_year": 61.11,
            "eps_4q": 0.75,
            "eps_4q_growth_year": 0.16,
            "roe": 2.21,
            "roe_4q": 5.79,
            "gross_profit": 203632,
            "gross_margin": 32.63,
            "gross_margin_4q_avg": 30.06,
            "net_income": 48451,
            "net_income_4q": null,
            "revenue": 624085,
            "revenue_4q": null,
            "common_shares": 1658500,
            "book_valuer_per_share": 13.36,
            "book_valuer_per_share_4q_avg": 13.51,
            "equity": 2215996,
            "current_ratio": 126.44,
            "debt_ratio": 47.12,
            "inventory_turnover_ratio": 1.3,
            "account_receivable_turnover_ratio": null,
            "reinvestment_rate": null,
            "research_to_sale_ratio": null,
            "price_fair": 0,
            "eps_avg_yearly": 0,
            "eps_latest_yearly": 0,
            "eps_growth_yearly": 0
        },
        "20021": {
            "year_quarter": 20021,
            "year": 2002,
            "quarter": 1,
            "eps": 0.26,
            "eps_growth_year": -7.14,
            "eps_4q": 0.76,
            "eps_4q_growth_year": -6.89,
            "roe": 1.91,
            "roe_4q": 5.65,
            "gross_profit": 177625,
            "gross_margin": 32.38,
            "gross_margin_4q_avg": 30.85,
            "net_income": 42729,
            "net_income_4q": null,
            "revenue": 548604,
            "revenue_4q": null,
            "common_shares": 1658500,
            "book_valuer_per_share": 13.63,
            "book_valuer_per_share_4q_avg": 13.44,
            "equity": 2260654,
            "current_ratio": 147.65,
            "debt_ratio": 39.17,
            "inventory_turnover_ratio": 1.2,
            "account_receivable_turnover_ratio": null,
            "reinvestment_rate": null,
            "research_to_sale_ratio": null,
            "price_fair": 3.12,
            "eps_avg_yearly": 1.04,
            "eps_latest_yearly": 1.04,
            "eps_growth_yearly": -41.38
        },
        "20022": {
            "year_quarter": 20022,
            "year": 2002,
            "quarter": 2,
            "eps": 0.22,
            "eps_growth_year": 37.5,
            "eps_4q": 0.77,
            "eps_4q_growth_year": 8.6,
            "roe": 1.75,
            "roe_4q": 6.2,
            "gross_profit": 204196,
            "gross_margin": 34.03,
            "gross_margin_4q_avg": 32.34,
            "net_income": 39196,
            "net_income_4q": null,
            "revenue": 600088,
            "revenue_4q": null,
            "common_shares": 1658500,
            "book_valuer_per_share": 13.39,
            "book_valuer_per_share_4q_avg": 13.36,
            "equity": 2220286,
            "current_ratio": 137.13,
            "debt_ratio": 42.54,
            "inventory_turnover_ratio": 1.27,
            "account_receivable_turnover_ratio": null,
            "reinvestment_rate": null,
            "research_to_sale_ratio": null,
            "price_fair": 2.88,
            "eps_avg_yearly": 0.96,
            "eps_latest_yearly": 0.88,
            "eps_growth_yearly": -51.46
        },
        "20023": {
            "year_quarter": 20023,
            "year": 2002,
            "quarter": 3,
            "eps": 0.17,
            "eps_growth_year": 325,
            "eps_4q": 0.9,
            "eps_4q_growth_year": 51.67,
            "roe": 1.36,
            "roe_4q": 7.23,
            "gross_profit": 181936,
            "gross_margin": 32.52,
            "gross_margin_4q_avg": 32.89,
            "net_income": 30469,
            "net_income_4q": null,
            "revenue": 559469,
            "revenue_4q": null,
            "common_shares": 1760500,
            "book_valuer_per_share": 12.87,
            "book_valuer_per_share_4q_avg": 13.31,
            "equity": 2264986,
            "current_ratio": 153.3,
            "debt_ratio": 36.79,
            "inventory_turnover_ratio": 1.15,
            "account_receivable_turnover_ratio": null,
            "reinvestment_rate": null,
            "research_to_sale_ratio": null,
            "price_fair": 2.6,
            "eps_avg_yearly": 0.87,
            "eps_latest_yearly": 0.68,
            "eps_growth_yearly": -64.61
        },
        "20024": {
            "year_quarter": 20024,
            "year": 2002,
            "quarter": 4,
            "eps": 0.2,
            "eps_growth_year": -31.03,
            "eps_4q": 0.85,
            "eps_4q_growth_year": 13.34,
            "roe": 1.51,
            "roe_4q": 6.53,
            "gross_profit": 185807,
            "gross_margin": 36.25,
            "gross_margin_4q_avg": 33.8,
            "net_income": 34367,
            "net_income_4q": null,
            "revenue": 512590,
            "revenue_4q": null,
            "common_shares": 1760500,
            "book_valuer_per_share": 13.05,
            "book_valuer_per_share_4q_avg": 13.24,
            "equity": 2296811,
            "current_ratio": 121.53,
            "debt_ratio": 47.17,
            "inventory_turnover_ratio": 0.86,
            "account_receivable_turnover_ratio": null,
            "reinvestment_rate": 125.15,
            "research_to_sale_ratio": null,
            "price_fair": 2.55,
            "eps_avg_yearly": 0.85,
            "eps_latest_yearly": 0.8,
            "eps_growth_yearly": -30.81
        },
        "20031": {
            "year_quarter": 20031,
            "year": 2003,
            "quarter": 1,
            "eps": 0.17,
            "eps_growth_year": -34.62,
            "eps_4q": 0.75,
            "eps_4q_growth_year": -0.96,
            "roe": 1.32,
            "roe_4q": 5.94,
            "gross_profit": 174790,
            "gross_margin": 32.33,
            "gross_margin_4q_avg": 33.78,
            "net_income": 30505,
            "net_income_4q": null,
            "revenue": 540625,
            "revenue_4q": null,
            "common_shares": 1760500,
            "book_valuer_per_share": 13.23,
            "book_valuer_per_share_4q_avg": 13.14,
            "equity": 2329718,
            "current_ratio": 141.06,
            "debt_ratio": 36.19,
            "inventory_turnover_ratio": 0.99,
            "account_receivable_turnover_ratio": null,
            "reinvestment_rate": 16.49,
            "research_to_sale_ratio": null,
            "price_fair": 2.45,
            "eps_avg_yearly": 0.82,
            "eps_latest_yearly": 0.68,
            "eps_growth_yearly": -36.65
        },
        "20032": {
            "year_quarter": 20032,
            "year": 2003,
            "quarter": 2,
            "eps": 0.31,
            "eps_growth_year": 40.91,
            "eps_4q": 0.83,
            "eps_4q_growth_year": 6.9,
            "roe": 2.47,
            "roe_4q": 6.66,
            "gross_profit": 196944,
            "gross_margin": 32.11,
            "gross_margin_4q_avg": 33.3,
            "net_income": 57319,
            "net_income_4q": null,
            "revenue": 613255,
            "revenue_4q": null,
            "common_shares": 1760500,
            "book_valuer_per_share": 13.16,
            "book_valuer_per_share_4q_avg": 13.08,
            "equity": 2316945,
            "current_ratio": 124.28,
            "debt_ratio": 39.47,
            "inventory_turnover_ratio": 1.27,
            "account_receivable_turnover_ratio": null,
            "reinvestment_rate": 19.93,
            "research_to_sale_ratio": null,
            "price_fair": 30.47,
            "eps_avg_yearly": 0.89,
            "eps_latest_yearly": 1.24,
            "eps_growth_yearly": 24.36
        },
        "20033": {
            "year_quarter": 20033,
            "year": 2003,
            "quarter": 3,
            "eps": 0.29,
            "eps_growth_year": 70.59,
            "eps_4q": 0.95,
            "eps_4q_growth_year": 6.29,
            "roe": 2.28,
            "roe_4q": 7.58,
            "gross_profit": 192787,
            "gross_margin": 28.12,
            "gross_margin_4q_avg": 32.2,
            "net_income": 53379,
            "net_income_4q": null,
            "revenue": 685486,
            "revenue_4q": null,
            "common_shares": 1825440,
            "book_valuer_per_share": 12.93,
            "book_valuer_per_share_4q_avg": 13.09,
            "equity": 2359781,
            "current_ratio": 126,
            "debt_ratio": 39.97,
            "inventory_turnover_ratio": 1.27,
            "account_receivable_turnover_ratio": null,
            "reinvestment_rate": 15.86,
            "research_to_sale_ratio": null,
            "price_fair": 25.18,
            "eps_avg_yearly": 0.93,
            "eps_latest_yearly": 1.16,
            "eps_growth_yearly": 17.2
        },
        "20034": {
            "year_quarter": 20034,
            "year": 2003,
            "quarter": 4,
            "eps": 0.31,
            "eps_growth_year": 55,
            "eps_4q": 1.08,
            "eps_4q_growth_year": 26.99,
            "roe": 2.36,
            "roe_4q": 8.43,
            "gross_profit": 207187,
            "gross_margin": 27.88,
            "gross_margin_4q_avg": 30.11,
            "net_income": 56511,
            "net_income_4q": null,
            "revenue": 743173,
            "revenue_4q": null,
            "common_shares": 1825440,
            "book_valuer_per_share": 13.25,
            "book_valuer_per_share_4q_avg": 13.14,
            "equity": 2419069,
            "current_ratio": 123.85,
            "debt_ratio": 49.64,
            "inventory_turnover_ratio": 1.07,
            "account_receivable_turnover_ratio": null,
            "reinvestment_rate": 83.72,
            "research_to_sale_ratio": null,
            "price_fair": 27.5,
            "eps_avg_yearly": 0.97,
            "eps_latest_yearly": 1.24,
            "eps_growth_yearly": 18.49
        },
        "20041": {
            "year_quarter": 20041,
            "year": 2004,
            "quarter": 1,
            "eps": 0.45,
            "eps_growth_year": 164.71,
            "eps_4q": 1.36,
            "eps_4q_growth_year": 80.9,
            "roe": 3.38,
            "roe_4q": 10.49,
            "gross_profit": 229528,
            "gross_margin": 31.12,
            "gross_margin_4q_avg": 29.81,
            "net_income": 83025,
            "net_income_4q": null,
            "revenue": 737658,
            "revenue_4q": null,
            "common_shares": 1825440,
            "book_valuer_per_share": 13.63,
            "book_valuer_per_share_4q_avg": 13.24,
            "equity": 2487937,
            "current_ratio": 118.07,
            "debt_ratio": 39.53,
            "inventory_turnover_ratio": 1.01,
            "account_receivable_turnover_ratio": null,
            "reinvestment_rate": 9.96,
            "research_to_sale_ratio": null,
            "price_fair": 37.02,
            "eps_avg_yearly": 1.06,
            "eps_latest_yearly": 1.8,
            "eps_growth_yearly": 36.51
        },
        "20042": {
            "year_quarter": 20042,
            "year": 2004,
            "quarter": 2,
            "eps": 0.29,
            "eps_growth_year": -6.45,
            "eps_4q": 1.31,
            "eps_4q_growth_year": 59.21,
            "roe": 2.21,
            "roe_4q": 10.229999999999999,
            "gross_profit": 206031,
            "gross_margin": 28.73,
            "gross_margin_4q_avg": 28.96,
            "net_income": 54609,
            "net_income_4q": null,
            "revenue": 717114,
            "revenue_4q": null,
            "common_shares": 1825440,
            "book_valuer_per_share": 13.45,
            "book_valuer_per_share_4q_avg": 13.32,
            "equity": 2456067,
            "current_ratio": 122.06,
            "debt_ratio": 41.62,
            "inventory_turnover_ratio": 1.21,
            "account_receivable_turnover_ratio": null,
            "reinvestment_rate": 26,
            "research_to_sale_ratio": null,
            "price_fair": 30.58,
            "eps_avg_yearly": 1.07,
            "eps_latest_yearly": 1.16,
            "eps_growth_yearly": 18.64
        },
        "20043": {
            "year_quarter": 20043,
            "year": 2004,
            "quarter": 3,
            "eps": 0.28,
            "eps_growth_year": -3.45,
            "eps_4q": 1.31,
            "eps_4q_growth_year": 36.89,
            "roe": 2.13,
            "roe_4q": 10.08,
            "gross_profit": 203144,
            "gross_margin": 28,
            "gross_margin_4q_avg": 28.93,
            "net_income": 52997,
            "net_income_4q": null,
            "revenue": 725559,
            "revenue_4q": null,
            "common_shares": 1902890,
            "book_valuer_per_share": 13.21,
            "book_valuer_per_share_4q_avg": 13.39,
            "equity": 2513897,
            "current_ratio": 118.89,
            "debt_ratio": 39.19,
            "inventory_turnover_ratio": 1.25,
            "account_receivable_turnover_ratio": null,
            "reinvestment_rate": 28.72,
            "research_to_sale_ratio": null,
            "price_fair": 27.56,
            "eps_avg_yearly": 1.07,
            "eps_latest_yearly": 1.12,
            "eps_growth_yearly": 15.69
        },
        "20044": {
            "year_quarter": 20044,
            "year": 2004,
            "quarter": 4,
            "eps": 0.18,
            "eps_growth_year": -41.94,
            "eps_4q": 1.17,
            "eps_4q_growth_year": 8.2,
            "roe": 1.32,
            "roe_4q": 9.04,
            "gross_profit": 184740,
            "gross_margin": 27.53,
            "gross_margin_4q_avg": 28.85,
            "net_income": 34536,
            "net_income_4q": null,
            "revenue": 670959,
            "revenue_4q": null,
            "common_shares": 1902890,
            "book_valuer_per_share": 13.18,
            "book_valuer_per_share_4q_avg": 13.37,
            "equity": 2737840,
            "current_ratio": 126.4,
            "debt_ratio": 44.7,
            "inventory_turnover_ratio": 0.98,
            "account_receivable_turnover_ratio": null,
            "reinvestment_rate": 71.14,
            "research_to_sale_ratio": null,
            "price_fair": 13.02,
            "eps_avg_yearly": 1.04,
            "eps_latest_yearly": 0.72,
            "eps_growth_yearly": 2.48
        },
        "20051": {
            "year_quarter": 20051,
            "year": 2005,
            "quarter": 1,
            "eps": 0.21,
            "eps_growth_year": -53.33,
            "eps_4q": 0.97,
            "eps_4q_growth_year": -28.35,
            "roe": 1.48,
            "roe_4q": 7.14,
            "gross_profit": 142742,
            "gross_margin": 22.95,
            "gross_margin_4q_avg": 26.8,
            "net_income": 39183,
            "net_income_4q": null,
            "revenue": 621898,
            "revenue_4q": null,
            "common_shares": 1902890,
            "book_valuer_per_share": 13.42,
            "book_valuer_per_share_4q_avg": 13.32,
            "equity": 2553395,
            "current_ratio": 111.15,
            "debt_ratio": 38.6,
            "inventory_turnover_ratio": 0.91,
            "account_receivable_turnover_ratio": null,
            "reinvestment_rate": 41.04,
            "research_to_sale_ratio": null,
            "price_fair": 17.9,
            "eps_avg_yearly": 1.03,
            "eps_latest_yearly": 0.84,
            "eps_growth_yearly": 7.41
        },
        "20052": {
            "year_quarter": 20052,
            "year": 2005,
            "quarter": 2,
            "eps": 0.25,
            "eps_growth_year": -13.79,
            "eps_4q": 0.91,
            "eps_4q_growth_year": -30.59,
            "roe": 1.91,
            "roe_4q": 6.84,
            "gross_profit": 170994,
            "gross_margin": 23.74,
            "gross_margin_4q_avg": 25.56,
            "net_income": 47822,
            "net_income_4q": null,
            "revenue": 720275,
            "revenue_4q": null,
            "common_shares": 1902890,
            "book_valuer_per_share": 12.96,
            "book_valuer_per_share_4q_avg": 13.19,
            "equity": 2466254,
            "current_ratio": 98.73,
            "debt_ratio": 41.44,
            "inventory_turnover_ratio": 1.17,
            "account_receivable_turnover_ratio": null,
            "reinvestment_rate": 40.31,
            "research_to_sale_ratio": null,
            "price_fair": 22.9,
            "eps_avg_yearly": 1.03,
            "eps_latest_yearly": 1,
            "eps_growth_yearly": 12.33
        },
        "20053": {
            "year_quarter": 20053,
            "year": 2005,
            "quarter": 3,
            "eps": 0.31,
            "eps_growth_year": 10.71,
            "eps_4q": 0.93,
            "eps_4q_growth_year": -28.41,
            "roe": 2.4,
            "roe_4q": 7.109999999999999,
            "gross_profit": 212069,
            "gross_margin": 26.71,
            "gross_margin_4q_avg": 25.23,
            "net_income": 60312,
            "net_income_4q": null,
            "revenue": 793959,
            "revenue_4q": null,
            "common_shares": 1951750,
            "book_valuer_per_share": 13.15,
            "book_valuer_per_share_4q_avg": 13.18,
            "equity": 2566210,
            "current_ratio": 101.09,
            "debt_ratio": 40.8,
            "inventory_turnover_ratio": 1.27,
            "account_receivable_turnover_ratio": null,
            "reinvestment_rate": 39.13,
            "research_to_sale_ratio": null,
            "price_fair": 29.02,
            "eps_avg_yearly": 1.04,
            "eps_latest_yearly": 1.24,
            "eps_growth_yearly": 17.91
        },
        "20054": {
            "year_quarter": 20054,
            "year": 2005,
            "quarter": 4,
            "eps": 0.26,
            "eps_growth_year": 44.44,
            "eps_4q": 1.02,
            "eps_4q_growth_year": -12.8,
            "roe": 1.84,
            "roe_4q": 7.630000000000001,
            "gross_profit": 190209,
            "gross_margin": 24.73,
            "gross_margin_4q_avg": 24.53,
            "net_income": 50174,
            "net_income_4q": null,
            "revenue": 769058,
            "revenue_4q": null,
            "common_shares": 1951750,
            "book_valuer_per_share": 13.38,
            "book_valuer_per_share_4q_avg": 13.23,
            "equity": 2886759,
            "current_ratio": 120.03,
            "debt_ratio": 44.34,
            "inventory_turnover_ratio": 1.12,
            "account_receivable_turnover_ratio": null,
            "reinvestment_rate": 55.19,
            "research_to_sale_ratio": null,
            "price_fair": 23.66,
            "eps_avg_yearly": 1.04,
            "eps_latest_yearly": 1.04,
            "eps_growth_yearly": 12.75
        },
        "20061": {
            "year_quarter": 20061,
            "year": 2006,
            "quarter": 1,
            "eps": 0.18,
            "eps_growth_year": -14.29,
            "eps_4q": 0.97,
            "eps_4q_growth_year": 0.16,
            "roe": 1.3,
            "roe_4q": 7.45,
            "gross_profit": 163524,
            "gross_margin": 23.32,
            "gross_margin_4q_avg": 24.63,
            "net_income": 35919,
            "net_income_4q": null,
            "revenue": 701263,
            "revenue_4q": null,
            "common_shares": 1951750,
            "book_valuer_per_share": 13.55,
            "book_valuer_per_share_4q_avg": 13.26,
            "equity": 2644267,
            "current_ratio": 100.51,
            "debt_ratio": 40.06,
            "inventory_turnover_ratio": 1.09,
            "account_receivable_turnover_ratio": null,
            "reinvestment_rate": 41.67,
            "research_to_sale_ratio": null,
            "price_fair": 18,
            "eps_avg_yearly": 1.02,
            "eps_latest_yearly": 0.72,
            "eps_growth_yearly": 7.65
        },
        "20062": {
            "year_quarter": 20062,
            "year": 2006,
            "quarter": 2,
            "eps": 0.05,
            "eps_growth_year": -80,
            "eps_4q": 0.85,
            "eps_4q_growth_year": -7.09,
            "roe": 0.36,
            "roe_4q": 5.9,
            "gross_profit": 147713,
            "gross_margin": 21.6,
            "gross_margin_4q_avg": 24.09,
            "net_income": 9176,
            "net_income_4q": null,
            "revenue": 683825,
            "revenue_4q": null,
            "common_shares": 1951750,
            "book_valuer_per_share": 12.89,
            "book_valuer_per_share_4q_avg": 13.24,
            "equity": 2516396,
            "current_ratio": 124.47,
            "debt_ratio": 42.61,
            "inventory_turnover_ratio": 1.28,
            "account_receivable_turnover_ratio": null,
            "reinvestment_rate": 50.93,
            "research_to_sale_ratio": null,
            "price_fair": 2.93,
            "eps_avg_yearly": 0.98,
            "eps_latest_yearly": 0.2,
            "eps_growth_yearly": -6.56
        },
        "20063": {
            "year_quarter": 20063,
            "year": 2006,
            "quarter": 3,
            "eps": 0.15,
            "eps_growth_year": -51.61,
            "eps_4q": 0.63,
            "eps_4q_growth_year": -32.09,
            "roe": 1.16,
            "roe_4q": 4.66,
            "gross_profit": 178023,
            "gross_margin": 24.36,
            "gross_margin_4q_avg": 23.5,
            "net_income": 29480,
            "net_income_4q": null,
            "revenue": 730918,
            "revenue_4q": null,
            "common_shares": 1951750,
            "book_valuer_per_share": 13.15,
            "book_valuer_per_share_4q_avg": 13.24,
            "equity": 2567231,
            "current_ratio": 138.49,
            "debt_ratio": 41.49,
            "inventory_turnover_ratio": 1.41,
            "account_receivable_turnover_ratio": null,
            "reinvestment_rate": 51.44,
            "research_to_sale_ratio": null,
            "price_fair": 34.04,
            "eps_avg_yearly": 0.97,
            "eps_latest_yearly": 0.6,
            "eps_growth_yearly": 49.12
        },
        "20064": {
            "year_quarter": 20064,
            "year": 2006,
            "quarter": 4,
            "eps": 0.1,
            "eps_growth_year": -61.54,
            "eps_4q": 0.49,
            "eps_4q_growth_year": -52.09,
            "roe": 0.7,
            "roe_4q": 3.5199999999999996,
            "gross_profit": 140850,
            "gross_margin": 21.76,
            "gross_margin_4q_avg": 22.76,
            "net_income": 19106,
            "net_income_4q": null,
            "revenue": 647156,
            "revenue_4q": null,
            "common_shares": 1951750,
            "book_valuer_per_share": 13.24,
            "book_valuer_per_share_4q_avg": 13.21,
            "equity": 2893861,
            "current_ratio": 140.45,
            "debt_ratio": 44.82,
            "inventory_turnover_ratio": 1.13,
            "account_receivable_turnover_ratio": null,
            "reinvestment_rate": 105.33,
            "research_to_sale_ratio": null,
            "price_fair": 33.16,
            "eps_avg_yearly": 0.95,
            "eps_latest_yearly": 0.4,
            "eps_growth_yearly": 36.38
        },
        "20071": {
            "year_quarter": 20071,
            "year": 2007,
            "quarter": 1,
            "eps": 0.15,
            "eps_growth_year": -16.67,
            "eps_4q": 0.44,
            "eps_4q_growth_year": -54.95,
            "roe": 1.09,
            "roe_4q": 3.31,
            "gross_profit": 134621,
            "gross_margin": 21.26,
            "gross_margin_4q_avg": 22.25,
            "net_income": 30030,
            "net_income_4q": null,
            "revenue": 633146,
            "revenue_4q": null,
            "common_shares": 1951750,
            "book_valuer_per_share": 13.48,
            "book_valuer_per_share_4q_avg": 13.19,
            "equity": 2631700,
            "current_ratio": 105.9,
            "debt_ratio": 43.77,
            "inventory_turnover_ratio": 1.09,
            "account_receivable_turnover_ratio": null,
            "reinvestment_rate": 99.71,
            "research_to_sale_ratio": null,
            "price_fair": 32.99,
            "eps_avg_yearly": 0.94,
            "eps_latest_yearly": 0.6,
            "eps_growth_yearly": 52.63
        },
        "20072": {
            "year_quarter": 20072,
            "year": 2007,
            "quarter": 2,
            "eps": 0.24,
            "eps_growth_year": 380,
            "eps_4q": 0.64,
            "eps_4q_growth_year": -25.04,
            "roe": 1.83,
            "roe_4q": 4.78,
            "gross_profit": 172299,
            "gross_margin": 23.97,
            "gross_margin_4q_avg": 22.84,
            "net_income": 47705,
            "net_income_4q": null,
            "revenue": 718949,
            "revenue_4q": null,
            "common_shares": 1951750,
            "book_valuer_per_share": 13.22,
            "book_valuer_per_share_4q_avg": 13.27,
            "equity": 2579510,
            "current_ratio": 103.3,
            "debt_ratio": 48.98,
            "inventory_turnover_ratio": 1.4,
            "account_receivable_turnover_ratio": null,
            "reinvestment_rate": 111.35,
            "research_to_sale_ratio": null,
            "price_fair": 32.38,
            "eps_avg_yearly": 0.93,
            "eps_latest_yearly": 0.96,
            "eps_growth_yearly": 47.04
        },
        "20073": {
            "year_quarter": 20073,
            "year": 2007,
            "quarter": 3,
            "eps": 0.24,
            "eps_growth_year": 60,
            "eps_4q": 0.74,
            "eps_4q_growth_year": 16.94,
            "roe": 1.78,
            "roe_4q": 5.4,
            "gross_profit": 194848,
            "gross_margin": 26.01,
            "gross_margin_4q_avg": 23.25,
            "net_income": 46273,
            "net_income_4q": null,
            "revenue": 749049,
            "revenue_4q": null,
            "common_shares": 1951750,
            "book_valuer_per_share": 13.48,
            "book_valuer_per_share_4q_avg": 13.36,
            "equity": 2630408,
            "current_ratio": 125.63,
            "debt_ratio": 50.07,
            "inventory_turnover_ratio": 1.34,
            "account_receivable_turnover_ratio": null,
            "reinvestment_rate": 115.92,
            "research_to_sale_ratio": null,
            "price_fair": 31.94,
            "eps_avg_yearly": 0.91,
            "eps_latest_yearly": 0.96,
            "eps_growth_yearly": 48.65
        },
        "20074": {
            "year_quarter": 20074,
            "year": 2007,
            "quarter": 4,
            "eps": 0.2,
            "eps_growth_year": 100,
            "eps_4q": 0.85,
            "eps_4q_growth_year": 72.83,
            "roe": 1.35,
            "roe_4q": 6.05,
            "gross_profit": 161738,
            "gross_margin": 23.08,
            "gross_margin_4q_avg": 23.58,
            "net_income": 38307,
            "net_income_4q": null,
            "revenue": 700655,
            "revenue_4q": null,
            "common_shares": 1951750,
            "book_valuer_per_share": 13.74,
            "book_valuer_per_share_4q_avg": 13.48,
            "equity": 3061960,
            "current_ratio": 147.44,
            "debt_ratio": 51.43,
            "inventory_turnover_ratio": 0.96,
            "account_receivable_turnover_ratio": null,
            "reinvestment_rate": 119.86,
            "research_to_sale_ratio": null,
            "price_fair": 30.98,
            "eps_avg_yearly": 0.89,
            "eps_latest_yearly": 0.8,
            "eps_growth_yearly": 42.76
        },
        "20081": {
            "year_quarter": 20081,
            "year": 2008,
            "quarter": 1,
            "eps": 0.25,
            "eps_growth_year": 66.67,
            "eps_4q": 0.69,
            "eps_4q_growth_year": 58.36,
            "roe": 2.12,
            "roe_4q": 7.08,
            "gross_profit": 283410,
            "gross_margin": 21.87,
            "gross_margin_4q_avg": 23.73,
            "net_income": 65306,
            "net_income_4q": null,
            "revenue": 1295882,
            "revenue_4q": null,
            "common_shares": 1951750,
            "book_valuer_per_share": 13.87,
            "book_valuer_per_share_4q_avg": 13.58,
            "equity": 3091557,
            "current_ratio": 142.78,
            "debt_ratio": 51.99,
            "inventory_turnover_ratio": 1.34,
            "account_receivable_turnover_ratio": null,
            "reinvestment_rate": 224.49,
            "research_to_sale_ratio": null,
            "price_fair": 29.23,
            "eps_avg_yearly": 0.84,
            "eps_latest_yearly": 1,
            "eps_growth_yearly": 37.72
        },
        "20082": {
            "year_quarter": 20082,
            "year": 2008,
            "quarter": 2,
            "eps": 0.21,
            "eps_growth_year": -12.5,
            "eps_4q": 0.68,
            "eps_4q_growth_year": 6.91,
            "roe": 1.76,
            "roe_4q": 7.010000000000001,
            "gross_profit": 273616,
            "gross_margin": 20.72,
            "gross_margin_4q_avg": 22.92,
            "net_income": 53903,
            "net_income_4q": null,
            "revenue": 1320775,
            "revenue_4q": null,
            "common_shares": 1951750,
            "book_valuer_per_share": 13.46,
            "book_valuer_per_share_4q_avg": 13.64,
            "equity": 3033913,
            "current_ratio": 130.47,
            "debt_ratio": 54.77,
            "inventory_turnover_ratio": 1.19,
            "account_receivable_turnover_ratio": null,
            "reinvestment_rate": 236.73,
            "research_to_sale_ratio": null,
            "price_fair": 28.53,
            "eps_avg_yearly": 0.82,
            "eps_latest_yearly": 0.84,
            "eps_growth_yearly": 42.61
        },
        "20083": {
            "year_quarter": 20083,
            "year": 2008,
            "quarter": 3,
            "eps": 0.23,
            "eps_growth_year": -4.17,
            "eps_4q": 0.68,
            "eps_4q_growth_year": -8.18,
            "roe": 1.87,
            "roe_4q": 7.1,
            "gross_profit": 259149,
            "gross_margin": 19.37,
            "gross_margin_4q_avg": 21.26,
            "net_income": 58258,
            "net_income_4q": null,
            "revenue": 1337658,
            "revenue_4q": null,
            "common_shares": 1951750,
            "book_valuer_per_share": 14,
            "book_valuer_per_share_4q_avg": 13.77,
            "equity": 3180637,
            "current_ratio": 138.27,
            "debt_ratio": 52.94,
            "inventory_turnover_ratio": 1.18,
            "account_receivable_turnover_ratio": null,
            "reinvestment_rate": 232.46,
            "research_to_sale_ratio": null,
            "price_fair": 28.09,
            "eps_avg_yearly": 0.8,
            "eps_latest_yearly": 0.92,
            "eps_growth_yearly": 45.85
        },
        "20084": {
            "year_quarter": 20084,
            "year": 2008,
            "quarter": 4,
            "eps": 0.13,
            "eps_growth_year": -35,
            "eps_4q": 0.46,
            "eps_4q_growth_year": -45.86,
            "roe": 1.42,
            "roe_4q": 7.17,
            "gross_profit": 218610,
            "gross_margin": 18.33,
            "gross_margin_4q_avg": 20.07,
            "net_income": 45405,
            "net_income_4q": null,
            "revenue": 1192622,
            "revenue_4q": null,
            "common_shares": 1951750,
            "book_valuer_per_share": 14.11,
            "book_valuer_per_share_4q_avg": 13.86,
            "equity": 3217846,
            "current_ratio": 133.95,
            "debt_ratio": 51.9,
            "inventory_turnover_ratio": 1.13,
            "account_receivable_turnover_ratio": 2.52,
            "reinvestment_rate": 110.97,
            "research_to_sale_ratio": null,
            "price_fair": 27.65,
            "eps_avg_yearly": 0.79,
            "eps_latest_yearly": 0.52,
            "eps_growth_yearly": 43.91
        },
        "20091": {
            "year_quarter": 20091,
            "year": 2009,
            "quarter": 1,
            "eps": 0.35,
            "eps_growth_year": 40,
            "eps_4q": 0.74,
            "eps_4q_growth_year": 6.56,
            "roe": 2.59,
            "roe_4q": 7.64,
            "gross_profit": 305492,
            "gross_margin": 23.31,
            "gross_margin_4q_avg": 20.43,
            "net_income": 85270,
            "net_income_4q": null,
            "revenue": 1310666,
            "revenue_4q": null,
            "common_shares": 1951750,
            "book_valuer_per_share": 14.74,
            "book_valuer_per_share_4q_avg": 14.08,
            "equity": 3372760,
            "current_ratio": 139.6,
            "debt_ratio": 50.97,
            "inventory_turnover_ratio": 1.23,
            "account_receivable_turnover_ratio": 1.31,
            "reinvestment_rate": 212.28,
            "research_to_sale_ratio": null,
            "price_fair": 28.88,
            "eps_avg_yearly": 0.83,
            "eps_latest_yearly": 1.4,
            "eps_growth_yearly": 82.05
        },
        "20092": {
            "year_quarter": 20092,
            "year": 2009,
            "quarter": 2,
            "eps": 0.49,
            "eps_growth_year": 133.33,
            "eps_4q": 1.14,
            "eps_4q_growth_year": 67.11,
            "roe": 3.04,
            "roe_4q": 8.92,
            "gross_profit": 289262,
            "gross_margin": 24.32,
            "gross_margin_4q_avg": 21.33,
            "net_income": 102002,
            "net_income_4q": null,
            "revenue": 1189522,
            "revenue_4q": null,
            "common_shares": 1951750,
            "book_valuer_per_share": 14.6,
            "book_valuer_per_share_4q_avg": 14.36,
            "equity": 3334761,
            "current_ratio": 136.15,
            "debt_ratio": 51.35,
            "inventory_turnover_ratio": 1.15,
            "account_receivable_turnover_ratio": 1.18,
            "reinvestment_rate": 194.7,
            "research_to_sale_ratio": null,
            "price_fair": 30.98,
            "eps_avg_yearly": 0.89,
            "eps_latest_yearly": 1.96,
            "eps_growth_yearly": 87.29
        },
        "20093": {
            "year_quarter": 20093,
            "year": 2009,
            "quarter": 3,
            "eps": 0.65,
            "eps_growth_year": 182.61,
            "eps_4q": 1.57,
            "eps_4q_growth_year": 130.01,
            "roe": 3.91,
            "roe_4q": 10.959999999999999,
            "gross_profit": 326356,
            "gross_margin": 27.6,
            "gross_margin_4q_avg": 23.39,
            "net_income": 132388,
            "net_income_4q": null,
            "revenue": 1182443,
            "revenue_4q": null,
            "common_shares": 1971268,
            "book_valuer_per_share": 14.99,
            "book_valuer_per_share_4q_avg": 14.61,
            "equity": 3435604,
            "current_ratio": 159.07,
            "debt_ratio": 49.56,
            "inventory_turnover_ratio": 1.07,
            "account_receivable_turnover_ratio": 1.21,
            "reinvestment_rate": 176.83,
            "research_to_sale_ratio": null,
            "price_fair": 33.95,
            "eps_avg_yearly": 0.97,
            "eps_latest_yearly": 2.6,
            "eps_growth_yearly": 89.45
        },
        "20094": {
            "year_quarter": 20094,
            "year": 2009,
            "quarter": 4,
            "eps": 0.45,
            "eps_growth_year": 246.15,
            "eps_4q": 1.94,
            "eps_4q_growth_year": 323.35,
            "roe": 2.67,
            "roe_4q": 12.21,
            "gross_profit": 287918,
            "gross_margin": 21.83,
            "gross_margin_4q_avg": 24.27,
            "net_income": 92648,
            "net_income_4q": null,
            "revenue": 1319099,
            "revenue_4q": null,
            "common_shares": 1971268,
            "book_valuer_per_share": 15.38,
            "book_valuer_per_share_4q_avg": 14.93,
            "equity": 3513115,
            "current_ratio": 156.86,
            "debt_ratio": 49.66,
            "inventory_turnover_ratio": 1.34,
            "account_receivable_turnover_ratio": 2.33,
            "reinvestment_rate": 255.78,
            "research_to_sale_ratio": null,
            "price_fair": 35.61,
            "eps_avg_yearly": 1.02,
            "eps_latest_yearly": 1.8,
            "eps_growth_yearly": 85.79
        },
        "20101": {
            "year_quarter": 20101,
            "year": 2010,
            "quarter": 1,
            "eps": 0.2,
            "eps_growth_year": -42.86,
            "eps_4q": 1.79,
            "eps_4q_growth_year": 141.85,
            "roe": 1.21,
            "roe_4q": 10.83,
            "gross_profit": 273283,
            "gross_margin": 22.12,
            "gross_margin_4q_avg": 23.97,
            "net_income": 42641,
            "net_income_4q": null,
            "revenue": 1235412,
            "revenue_4q": null,
            "common_shares": 1971268,
            "book_valuer_per_share": 15.55,
            "book_valuer_per_share_4q_avg": 15.13,
            "equity": 3546204,
            "current_ratio": 153.09,
            "debt_ratio": 49.54,
            "inventory_turnover_ratio": 1.18,
            "account_receivable_turnover_ratio": 1.14,
            "reinvestment_rate": 354.63,
            "research_to_sale_ratio": 0.7,
            "price_fair": 35.79,
            "eps_avg_yearly": 1.02,
            "eps_latest_yearly": 0.8,
            "eps_growth_yearly": 79.6
        },
        "20102": {
            "year_quarter": 20102,
            "year": 2010,
            "quarter": 2,
            "eps": 0.56,
            "eps_growth_year": 13.61,
            "eps_4q": 1.86,
            "eps_4q_growth_year": 63.43,
            "roe": 3.08,
            "roe_4q": 10.870000000000001,
            "gross_profit": 253832,
            "gross_margin": 19.53,
            "gross_margin_4q_avg": 22.77,
            "net_income": 108683,
            "net_income_4q": null,
            "revenue": 1299458,
            "revenue_4q": null,
            "common_shares": 1971268,
            "book_valuer_per_share": 15.36,
            "book_valuer_per_share_4q_avg": 15.32,
            "equity": 3516287,
            "current_ratio": 134.36,
            "debt_ratio": 50.8,
            "inventory_turnover_ratio": 1.1,
            "account_receivable_turnover_ratio": 1.21,
            "reinvestment_rate": 335.13,
            "research_to_sale_ratio": 0.59,
            "price_fair": 40.25,
            "eps_avg_yearly": 1.15,
            "eps_latest_yearly": 2.24,
            "eps_growth_yearly": 142.65
        },
        "20103": {
            "year_quarter": 20103,
            "year": 2010,
            "quarter": 3,
            "eps": 0.07,
            "eps_growth_year": -89.01,
            "eps_4q": 1.28,
            "eps_4q_growth_year": -18.33,
            "roe": 0.57,
            "roe_4q": 7.529999999999999,
            "gross_profit": 247132,
            "gross_margin": 19.35,
            "gross_margin_4q_avg": 20.71,
            "net_income": 19917,
            "net_income_4q": null,
            "revenue": 1277394,
            "revenue_4q": null,
            "common_shares": 1971268,
            "book_valuer_per_share": 15.33,
            "book_valuer_per_share_4q_avg": 15.41,
            "equity": 3509913,
            "current_ratio": 135.79,
            "debt_ratio": 50.35,
            "inventory_turnover_ratio": 1.1,
            "account_receivable_turnover_ratio": 1.18,
            "reinvestment_rate": 349.34,
            "research_to_sale_ratio": 0.65,
            "price_fair": 39.55,
            "eps_avg_yearly": 1.13,
            "eps_latest_yearly": 0.28,
            "eps_growth_yearly": 70.78
        },
        "20104": {
            "year_quarter": 20104,
            "year": 2010,
            "quarter": 4,
            "eps": 0.17,
            "eps_growth_year": -61.52,
            "eps_4q": 1,
            "eps_4q_growth_year": -48.55,
            "roe": 0.93,
            "roe_4q": 5.79,
            "gross_profit": 203616,
            "gross_margin": 16.43,
            "gross_margin_4q_avg": 19.36,
            "net_income": 32351,
            "net_income_4q": null,
            "revenue": 1239578,
            "revenue_4q": null,
            "common_shares": 1971268,
            "book_valuer_per_share": 15.14,
            "book_valuer_per_share_4q_avg": 15.35,
            "equity": 3443606,
            "current_ratio": 138.36,
            "debt_ratio": 51.94,
            "inventory_turnover_ratio": 1.2,
            "account_receivable_turnover_ratio": 1.16,
            "reinvestment_rate": 241.65,
            "research_to_sale_ratio": 0.35,
            "price_fair": 40.16,
            "eps_avg_yearly": 1.15,
            "eps_latest_yearly": 0.68,
            "eps_growth_yearly": 114.82
        },
        "20111": {
            "year_quarter": 20111,
            "year": 2011,
            "quarter": 1,
            "eps": 0.19,
            "eps_growth_year": -5,
            "eps_4q": 0.99,
            "eps_4q_growth_year": -44.5,
            "roe": 1.19,
            "roe_4q": 5.77,
            "gross_profit": 275942,
            "gross_margin": 20.49,
            "gross_margin_4q_avg": 18.95,
            "net_income": 41337,
            "net_income_4q": null,
            "revenue": 1346597,
            "revenue_4q": null,
            "common_shares": 1971268,
            "book_valuer_per_share": 15.41,
            "book_valuer_per_share_4q_avg": 15.31,
            "equity": 3506745,
            "current_ratio": 134.38,
            "debt_ratio": 51.96,
            "inventory_turnover_ratio": 1.24,
            "account_receivable_turnover_ratio": 1.17,
            "reinvestment_rate": 324.19,
            "research_to_sale_ratio": 0.6,
            "price_fair": 40.51,
            "eps_avg_yearly": 1.16,
            "eps_latest_yearly": 0.76,
            "eps_growth_yearly": 105.26
        },
        "20112": {
            "year_quarter": 20112,
            "year": 2011,
            "quarter": 2,
            "eps": 0.24,
            "eps_growth_year": -56.6,
            "eps_4q": 0.68,
            "eps_4q_growth_year": -63.45,
            "roe": 1.46,
            "roe_4q": 4.15,
            "gross_profit": 281729,
            "gross_margin": 19.59,
            "gross_margin_4q_avg": 18.97,
            "net_income": 50612,
            "net_income_4q": null,
            "revenue": 1438072,
            "revenue_4q": null,
            "common_shares": 1971268,
            "book_valuer_per_share": 14.95,
            "book_valuer_per_share_4q_avg": 15.21,
            "equity": 3410347,
            "current_ratio": 119.83,
            "debt_ratio": 55.8,
            "inventory_turnover_ratio": 1.2,
            "account_receivable_turnover_ratio": 1.14,
            "reinvestment_rate": 315.17,
            "research_to_sale_ratio": 0.38,
            "price_fair": 40.51,
            "eps_avg_yearly": 1.16,
            "eps_latest_yearly": 0.96,
            "eps_growth_yearly": 96.84
        },
        "20113": {
            "year_quarter": 20113,
            "year": 2011,
            "quarter": 3,
            "eps": 0.13,
            "eps_growth_year": 85.06,
            "eps_4q": 0.74,
            "eps_4q_growth_year": -42.29,
            "roe": 0.82,
            "roe_4q": 4.3999999999999995,
            "gross_profit": 258189,
            "gross_margin": 17.6,
            "gross_margin_4q_avg": 18.53,
            "net_income": 28717,
            "net_income_4q": null,
            "revenue": 1467160,
            "revenue_4q": null,
            "common_shares": 1971268,
            "book_valuer_per_share": 15.55,
            "book_valuer_per_share_4q_avg": 15.26,
            "equity": 3569494,
            "current_ratio": 108.49,
            "debt_ratio": 55.56,
            "inventory_turnover_ratio": 1.21,
            "account_receivable_turnover_ratio": 1.12,
            "reinvestment_rate": 353.35,
            "research_to_sale_ratio": 1.09,
            "price_fair": 39.55,
            "eps_avg_yearly": 1.13,
            "eps_latest_yearly": 0.52,
            "eps_growth_yearly": 85.39
        },
        "20114": {
            "year_quarter": 20114,
            "year": 2011,
            "quarter": 4,
            "eps": 0.06,
            "eps_growth_year": -66.28,
            "eps_4q": 0.62,
            "eps_4q_growth_year": -37.54,
            "roe": 0.15,
            "roe_4q": 3.6199999999999997,
            "gross_profit": 284060,
            "gross_margin": 19.58,
            "gross_margin_4q_avg": 19.32,
            "net_income": 5320,
            "net_income_4q": null,
            "revenue": 1450558,
            "revenue_4q": null,
            "common_shares": 1971268,
            "book_valuer_per_share": 15.63,
            "book_valuer_per_share_4q_avg": 15.39,
            "equity": 3578747,
            "current_ratio": 126.94,
            "debt_ratio": 54.64,
            "inventory_turnover_ratio": 1.25,
            "account_receivable_turnover_ratio": 1.14,
            "reinvestment_rate": 261.07,
            "research_to_sale_ratio": 0.44,
            "price_fair": 38.33,
            "eps_avg_yearly": 1.1,
            "eps_latest_yearly": 0.24,
            "eps_growth_yearly": 76.09
        },
        "20121": {
            "year_quarter": 20121,
            "year": 2012,
            "quarter": 1,
            "eps": 0.16,
            "eps_growth_year": -15.79,
            "eps_4q": 0.59,
            "eps_4q_growth_year": -40.14,
            "roe": 0.92,
            "roe_4q": 3.35,
            "gross_profit": 277072,
            "gross_margin": 20.27,
            "gross_margin_4q_avg": 19.26,
            "net_income": 32718,
            "net_income_4q": null,
            "revenue": 1366931,
            "revenue_4q": null,
            "common_shares": 1971268,
            "book_valuer_per_share": 15.62,
            "book_valuer_per_share_4q_avg": 15.44,
            "equity": 3565873,
            "current_ratio": 132.83,
            "debt_ratio": 52.73,
            "inventory_turnover_ratio": 1.19,
            "account_receivable_turnover_ratio": 1.1,
            "reinvestment_rate": 263.88,
            "research_to_sale_ratio": 0.88,
            "price_fair": 37.54,
            "eps_avg_yearly": 1.07,
            "eps_latest_yearly": 0.64,
            "eps_growth_yearly": 111.51
        },
        "20122": {
            "year_quarter": 20122,
            "year": 2012,
            "quarter": 2,
            "eps": 0.03,
            "eps_growth_year": -87.17,
            "eps_4q": 0.38,
            "eps_4q_growth_year": -43.39,
            "roe": -0.12,
            "roe_4q": 1.77,
            "gross_profit": 228786,
            "gross_margin": 17.68,
            "gross_margin_4q_avg": 18.78,
            "net_income": -4188,
            "net_income_4q": null,
            "revenue": 1294052,
            "revenue_4q": null,
            "common_shares": 1971268,
            "book_valuer_per_share": 15.41,
            "book_valuer_per_share_4q_avg": 15.55,
            "equity": 3518057,
            "current_ratio": 128.55,
            "debt_ratio": 52.89,
            "inventory_turnover_ratio": 1.18,
            "account_receivable_turnover_ratio": 1.14,
            "reinvestment_rate": 273.7,
            "research_to_sale_ratio": 1.24,
            "price_fair": 35.96,
            "eps_avg_yearly": 1.03,
            "eps_latest_yearly": 0.12,
            "eps_growth_yearly": 95.19
        },
        "20123": {
            "year_quarter": 20123,
            "year": 2012,
            "quarter": 3,
            "eps": 0.18,
            "eps_growth_year": 35.81,
            "eps_4q": 0.43,
            "eps_4q_growth_year": -41.64,
            "roe": 0.88,
            "roe_4q": 1.83,
            "gross_profit": 256403,
            "gross_margin": 21.06,
            "gross_margin_4q_avg": 19.65,
            "net_income": 30903,
            "net_income_4q": null,
            "revenue": 1217780,
            "revenue_4q": null,
            "common_shares": 1971268,
            "book_valuer_per_share": 15.5,
            "book_valuer_per_share_4q_avg": 15.54,
            "equity": 3524861,
            "current_ratio": 157.21,
            "debt_ratio": 50.7,
            "inventory_turnover_ratio": 1.07,
            "account_receivable_turnover_ratio": 1.23,
            "reinvestment_rate": 89.45,
            "research_to_sale_ratio": 1.38,
            "price_fair": 35.53,
            "eps_avg_yearly": 1.02,
            "eps_latest_yearly": 0.72,
            "eps_growth_yearly": 217.81
        },
        "20124": {
            "year_quarter": 20124,
            "year": 2012,
            "quarter": 4,
            "eps": -0.07,
            "eps_growth_year": -227.05,
            "eps_4q": 0.3,
            "eps_4q_growth_year": -52.15,
            "roe": -0.77,
            "roe_4q": 0.91,
            "gross_profit": 163702,
            "gross_margin": 17.43,
            "gross_margin_4q_avg": 19.11,
            "net_income": -27065,
            "net_income_4q": null,
            "revenue": 939208,
            "revenue_4q": null,
            "common_shares": 1971268,
            "book_valuer_per_share": 15.43,
            "book_valuer_per_share_4q_avg": 15.49,
            "equity": 3498036,
            "current_ratio": 163.08,
            "debt_ratio": 49.52,
            "inventory_turnover_ratio": 0.86,
            "account_receivable_turnover_ratio": 1.06,
            "reinvestment_rate": 87.45,
            "research_to_sale_ratio": 2.53,
            "price_fair": 36.68,
            "eps_avg_yearly": 1.05,
            "eps_latest_yearly": 0.72,
            "eps_growth_yearly": 243.93
        },
        "20131": {
            "year_quarter": 20131,
            "year": 2013,
            "quarter": 1,
            "eps": 0.13,
            "eps_growth_year": -18.75,
            "eps_4q": 0.27,
            "eps_4q_growth_year": -55.21,
            "roe": 0.67,
            "roe_4q": 0.66,
            "gross_profit": 165761,
            "gross_margin": 15.53,
            "gross_margin_4q_avg": 17.93,
            "net_income": 23300,
            "net_income_4q": null,
            "revenue": 1067334,
            "revenue_4q": null,
            "common_shares": 1971268,
            "book_valuer_per_share": 15.37,
            "book_valuer_per_share_4q_avg": 15.43,
            "equity": 3497839,
            "current_ratio": 159.34,
            "debt_ratio": 50.76,
            "inventory_turnover_ratio": 1,
            "account_receivable_turnover_ratio": 1.2,
            "reinvestment_rate": 83.23,
            "research_to_sale_ratio": 1.32,
            "price_fair": 35.8,
            "eps_avg_yearly": 1.02,
            "eps_latest_yearly": 0.72,
            "eps_growth_yearly": 213
        },
        "20132": {
            "year_quarter": 20132,
            "year": 2013,
            "quarter": 2,
            "eps": -0.03,
            "eps_growth_year": -196.77,
            "eps_4q": 0.21,
            "eps_4q_growth_year": -45.71,
            "roe": -0.51,
            "roe_4q": 0.27,
            "gross_profit": 155517,
            "gross_margin": 15.03,
            "gross_margin_4q_avg": 17.26,
            "net_income": -17637,
            "net_income_4q": null,
            "revenue": 1034400,
            "revenue_4q": null,
            "common_shares": 1971268,
            "book_valuer_per_share": 15.15,
            "book_valuer_per_share_4q_avg": 15.36,
            "equity": 3450000,
            "current_ratio": 157.38,
            "debt_ratio": 50.69,
            "inventory_turnover_ratio": 0.98,
            "account_receivable_turnover_ratio": 1.14,
            "reinvestment_rate": 96.59,
            "research_to_sale_ratio": 1.6,
            "price_fair": 33.28,
            "eps_avg_yearly": 0.95,
            "eps_latest_yearly": 0.72,
            "eps_growth_yearly": 217.08
        },
        "20133": {
            "year_quarter": 20133,
            "year": 2013,
            "quarter": 3,
            "eps": -0.03,
            "eps_growth_year": -116.71,
            "eps_4q": -0.01,
            "eps_4q_growth_year": -101.5,
            "roe": -0.78,
            "roe_4q": -1.3900000000000001,
            "gross_profit": 130179,
            "gross_margin": 11.42,
            "gross_margin_4q_avg": 14.85,
            "net_income": -26717,
            "net_income_4q": null,
            "revenue": 1139587,
            "revenue_4q": null,
            "common_shares": 1971268,
            "book_valuer_per_share": 15.04,
            "book_valuer_per_share_4q_avg": 15.25,
            "equity": 3404093,
            "current_ratio": 151.53,
            "debt_ratio": 51.65,
            "inventory_turnover_ratio": 1.11,
            "account_receivable_turnover_ratio": 1.26,
            "reinvestment_rate": 111.81,
            "research_to_sale_ratio": 1.41,
            "price_fair": 28.47,
            "eps_avg_yearly": 0.81,
            "eps_latest_yearly": 0.72,
            "eps_growth_yearly": 224.28
        },
        "20134": {
            "year_quarter": 20134,
            "year": 2013,
            "quarter": 4,
            "eps": 0.09,
            "eps_growth_year": null,
            "eps_4q": 0.16,
            "eps_4q_growth_year": -45.91,
            "roe": 0.08,
            "roe_4q": -0.5399999999999999,
            "gross_profit": 155317,
            "gross_margin": 13.03,
            "gross_margin_4q_avg": 13.75,
            "net_income": 2594,
            "net_income_4q": null,
            "revenue": 1191922,
            "revenue_4q": null,
            "common_shares": 1971268,
            "book_valuer_per_share": 15.25,
            "book_valuer_per_share_4q_avg": 15.2,
            "equity": 3436211,
            "current_ratio": 153.08,
            "debt_ratio": 51.09,
            "inventory_turnover_ratio": 1.13,
            "account_receivable_turnover_ratio": 1.17,
            "reinvestment_rate": -249.66,
            "research_to_sale_ratio": 0.77,
            "price_fair": 25.33,
            "eps_avg_yearly": 0.72,
            "eps_latest_yearly": 0.72,
            "eps_growth_yearly": 255.86
        },
        "20141": {
            "year_quarter": 20141,
            "year": 2014,
            "quarter": 1,
            "eps": 0.08,
            "eps_growth_year": -38.46,
            "eps_4q": 0.11,
            "eps_4q_growth_year": -57.61,
            "roe": 0.05,
            "roe_4q": -1.1600000000000001,
            "gross_profit": 151494,
            "gross_margin": 12.91,
            "gross_margin_4q_avg": 13.1,
            "net_income": 1733,
            "net_income_4q": null,
            "revenue": 1173161,
            "revenue_4q": null,
            "common_shares": 1971268,
            "book_valuer_per_share": 15.3,
            "book_valuer_per_share_4q_avg": 15.19,
            "equity": 3431544,
            "current_ratio": 151.5,
            "debt_ratio": 51.27,
            "inventory_turnover_ratio": 1.1,
            "account_receivable_turnover_ratio": 1.11,
            "reinvestment_rate": -311.15,
            "research_to_sale_ratio": 0.84,
            "price_fair": 23.8,
            "eps_avg_yearly": 0.68,
            "eps_latest_yearly": 0.32,
            "eps_growth_yearly": 272.02
        },
        "20142": {
            "year_quarter": 20142,
            "year": 2014,
            "quarter": 2,
            "eps": 0.02,
            "eps_growth_year": null,
            "eps_4q": 0.16,
            "eps_4q_growth_year": -23.78,
            "roe": -0.29,
            "roe_4q": -0.94,
            "gross_profit": 163082,
            "gross_margin": 14.88,
            "gross_margin_4q_avg": 13.06,
            "net_income": -9654,
            "net_income_4q": null,
            "revenue": 1095649,
            "revenue_4q": null,
            "common_shares": 1971268,
            "book_valuer_per_share": 14.89,
            "book_valuer_per_share_4q_avg": 15.12,
            "equity": 3328166,
            "current_ratio": 156.09,
            "debt_ratio": 50.87,
            "inventory_turnover_ratio": 1.02,
            "account_receivable_turnover_ratio": 1.15,
            "reinvestment_rate": -529.52,
            "research_to_sale_ratio": 1.41,
            "price_fair": 16.93,
            "eps_avg_yearly": 0.48,
            "eps_latest_yearly": 0.08,
            "eps_growth_yearly": 179.3
        },
        "20143": {
            "year_quarter": 20143,
            "year": 2014,
            "quarter": 3,
            "eps": 0.07,
            "eps_growth_year": null,
            "eps_4q": 0.27,
            "eps_4q_growth_year": null,
            "roe": -0.09,
            "roe_4q": -0.25,
            "gross_profit": 143438,
            "gross_margin": 13.18,
            "gross_margin_4q_avg": 13.5,
            "net_income": -3058,
            "net_income_4q": null,
            "revenue": 1088036,
            "revenue_4q": null,
            "common_shares": 1971268,
            "book_valuer_per_share": 15.16,
            "book_valuer_per_share_4q_avg": 15.15,
            "equity": 3376212,
            "current_ratio": 176.35,
            "debt_ratio": 50.33,
            "inventory_turnover_ratio": 1.01,
            "account_receivable_turnover_ratio": 1.16,
            "reinvestment_rate": -575.9,
            "research_to_sale_ratio": 1.44,
            "price_fair": 16.93,
            "eps_avg_yearly": 0.48,
            "eps_latest_yearly": 0.28,
            "eps_growth_yearly": 302.02
        },
        "20144": {
            "year_quarter": 20144,
            "year": 2014,
            "quarter": 4,
            "eps": 0.13,
            "eps_growth_year": 36.57,
            "eps_4q": 0.3,
            "eps_4q_growth_year": 87.06,
            "roe": 0.18,
            "roe_4q": -0.14999999999999997,
            "gross_profit": 126830,
            "gross_margin": 12.63,
            "gross_margin_4q_avg": 13.4,
            "net_income": 6184,
            "net_income_4q": null,
            "revenue": 1004104,
            "revenue_4q": null,
            "common_shares": 1971268,
            "book_valuer_per_share": 15.45,
            "book_valuer_per_share_4q_avg": 15.2,
            "equity": 3425222,
            "current_ratio": 175.29,
            "debt_ratio": 51.11,
            "inventory_turnover_ratio": 0.91,
            "account_receivable_turnover_ratio": 1.08,
            "reinvestment_rate": -647.1,
            "research_to_sale_ratio": 0.8,
            "price_fair": 16.42,
            "eps_avg_yearly": 0.47,
            "eps_latest_yearly": 0.52,
            "eps_growth_yearly": 281.24
        },
        "20151": {
            "year_quarter": 20151,
            "year": 2015,
            "quarter": 1,
            "eps": 0.03,
            "eps_growth_year": -62.5,
            "eps_4q": 0.25,
            "eps_4q_growth_year": 120.36,
            "roe": -0.24,
            "roe_4q": -0.43999999999999995,
            "gross_profit": 148449,
            "gross_margin": 14.09,
            "gross_margin_4q_avg": 13.7,
            "net_income": -8239,
            "net_income_4q": null,
            "revenue": 1053539,
            "revenue_4q": null,
            "common_shares": 1971268,
            "book_valuer_per_share": 15.59,
            "book_valuer_per_share_4q_avg": 15.27,
            "equity": 3390253,
            "current_ratio": 174.81,
            "debt_ratio": 51.03,
            "inventory_turnover_ratio": 0.94,
            "account_receivable_turnover_ratio": 1.12,
            "reinvestment_rate": -802.33,
            "research_to_sale_ratio": 1.14,
            "price_fair": 14.38,
            "eps_avg_yearly": 0.41,
            "eps_latest_yearly": 0.12,
            "eps_growth_yearly": 248.99
        },
        "20152": {
            "year_quarter": 20152,
            "year": 2015,
            "quarter": 2,
            "eps": 0.07,
            "eps_growth_year": 250,
            "eps_4q": 0.3,
            "eps_4q_growth_year": 88.58,
            "roe": 0.08,
            "roe_4q": -0.06999999999999998,
            "gross_profit": 180674,
            "gross_margin": 15.57,
            "gross_margin_4q_avg": 13.87,
            "net_income": 2675,
            "net_income_4q": null,
            "revenue": 1160592,
            "revenue_4q": null,
            "common_shares": 1971268,
            "book_valuer_per_share": 15.2,
            "book_valuer_per_share_4q_avg": 15.35,
            "equity": 3298005,
            "current_ratio": 169.8,
            "debt_ratio": 52.42,
            "inventory_turnover_ratio": 1.04,
            "account_receivable_turnover_ratio": 1.1,
            "reinvestment_rate": -1007.88,
            "research_to_sale_ratio": 1.03,
            "price_fair": 12.22,
            "eps_avg_yearly": 0.35,
            "eps_latest_yearly": 0.28,
            "eps_growth_yearly": 287.91
        },
        "20153": {
            "year_quarter": 20153,
            "year": 2015,
            "quarter": 3,
            "eps": 0.03,
            "eps_growth_year": -57.14,
            "eps_4q": 0.26,
            "eps_4q_growth_year": -3.61,
            "roe": -0.36,
            "roe_4q": -0.34,
            "gross_profit": 107384,
            "gross_margin": 10.07,
            "gross_margin_4q_avg": 13.09,
            "net_income": -11766,
            "net_income_4q": null,
            "revenue": 1065868,
            "revenue_4q": null,
            "common_shares": 1971268,
            "book_valuer_per_share": 15.53,
            "book_valuer_per_share_4q_avg": 15.44,
            "equity": 3330564,
            "current_ratio": 165.25,
            "debt_ratio": 52.79,
            "inventory_turnover_ratio": 1,
            "account_receivable_turnover_ratio": 0.99,
            "reinvestment_rate": -1314.26,
            "research_to_sale_ratio": 0.74,
            "price_fair": 10.95,
            "eps_avg_yearly": 0.31,
            "eps_latest_yearly": 0.12,
            "eps_growth_yearly": 283.8
        },
        "20154": {
            "year_quarter": 20154,
            "year": 2015,
            "quarter": 4,
            "eps": 0.08,
            "eps_growth_year": -35.23,
            "eps_4q": 0.21,
            "eps_4q_growth_year": -29.88,
            "roe": 0.14,
            "roe_4q": -0.37999999999999995,
            "gross_profit": 185300,
            "gross_margin": 15.5,
            "gross_margin_4q_avg": 13.81,
            "net_income": 4709,
            "net_income_4q": null,
            "revenue": 1195155,
            "revenue_4q": null,
            "common_shares": 1971268,
            "book_valuer_per_share": 15.44,
            "book_valuer_per_share_4q_avg": 15.44,
            "equity": 3293571,
            "current_ratio": 206.08,
            "debt_ratio": 50.4,
            "inventory_turnover_ratio": 1.04,
            "account_receivable_turnover_ratio": 1.15,
            "reinvestment_rate": -1292.17,
            "research_to_sale_ratio": 0.87,
            "price_fair": 11.2,
            "eps_avg_yearly": 0.32,
            "eps_latest_yearly": 0.32,
            "eps_growth_yearly": 363.98
        },
        "20161": {
            "year_quarter": 20161,
            "year": 2016,
            "quarter": 1,
            "eps": -0.03,
            "eps_growth_year": -200,
            "eps_4q": 0.15,
            "eps_4q_growth_year": -38.67,
            "roe": -0.45,
            "roe_4q": -0.59,
            "gross_profit": 141702,
            "gross_margin": 13.23,
            "gross_margin_4q_avg": 13.59,
            "net_income": -14654,
            "net_income_4q": null,
            "revenue": 1070797,
            "revenue_4q": null,
            "common_shares": 1971268,
            "book_valuer_per_share": 15.31,
            "book_valuer_per_share_4q_avg": 15.37,
            "equity": 3256137,
            "current_ratio": 211.54,
            "debt_ratio": 49.4,
            "inventory_turnover_ratio": 0.99,
            "account_receivable_turnover_ratio": 1,
            "reinvestment_rate": -1635.97,
            "research_to_sale_ratio": 0.94,
            "price_fair": 10.08,
            "eps_avg_yearly": 0.29,
            "eps_latest_yearly": 0.32,
            "eps_growth_yearly": 333.71
        },
        "20162": {
            "year_quarter": 20162,
            "year": 2016,
            "quarter": 2,
            "eps": 0.12,
            "eps_growth_year": 71.43,
            "eps_4q": 0.21,
            "eps_4q_growth_year": -31.2,
            "roe": 0.61,
            "roe_4q": -0.06,
            "gross_profit": 156166,
            "gross_margin": 15.71,
            "gross_margin_4q_avg": 13.63,
            "net_income": 19727,
            "net_income_4q": null,
            "revenue": 994236,
            "revenue_4q": null,
            "common_shares": 1971268,
            "book_valuer_per_share": 15,
            "book_valuer_per_share_4q_avg": 15.32,
            "equity": 3183711,
            "current_ratio": 220.76,
            "debt_ratio": 49.13,
            "inventory_turnover_ratio": 0.91,
            "account_receivable_turnover_ratio": 0.96,
            "reinvestment_rate": -1533.04,
            "research_to_sale_ratio": 0.81,
            "price_fair": 10.73,
            "eps_avg_yearly": 0.31,
            "eps_latest_yearly": 0.32,
            "eps_growth_yearly": 406.91
        },
        "20163": {
            "year_quarter": 20163,
            "year": 2016,
            "quarter": 3,
            "eps": 0.04,
            "eps_growth_year": 33.33,
            "eps_4q": 0.21,
            "eps_4q_growth_year": -18.6,
            "roe": 0.07,
            "roe_4q": 0.36999999999999994,
            "gross_profit": 166892,
            "gross_margin": 15.97,
            "gross_margin_4q_avg": 15.1,
            "net_income": 2176,
            "net_income_4q": null,
            "revenue": 1045184,
            "revenue_4q": null,
            "common_shares": 1971268,
            "book_valuer_per_share": 14.87,
            "book_valuer_per_share_4q_avg": 15.16,
            "equity": 3146668,
            "current_ratio": 187.11,
            "debt_ratio": 48.91,
            "inventory_turnover_ratio": 0.99,
            "account_receivable_turnover_ratio": 1.05,
            "reinvestment_rate": -825.51,
            "research_to_sale_ratio": 1.03,
            "price_fair": 8.56,
            "eps_avg_yearly": 0.24,
            "eps_latest_yearly": 0.16,
            "eps_growth_yearly": 155.05
        },
        "20164": {
            "year_quarter": 20164,
            "year": 2016,
            "quarter": 4,
            "eps": -2.39,
            "eps_growth_year": -2982.13,
            "eps_4q": -2.26,
            "eps_4q_growth_year": -1168.8,
            "roe": -19.68,
            "roe_4q": -19.45,
            "gross_profit": 117359,
            "gross_margin": 11.85,
            "gross_margin_4q_avg": 14.19,
            "net_income": -563677,
            "net_income_4q": null,
            "revenue": 990465,
            "revenue_4q": null,
            "common_shares": 1971268,
            "book_valuer_per_share": 12.47,
            "book_valuer_per_share_4q_avg": 14.41,
            "equity": 2581455,
            "current_ratio": 200.97,
            "debt_ratio": 54.16,
            "inventory_turnover_ratio": 1.09,
            "account_receivable_turnover_ratio": 0.96,
            "reinvestment_rate": null,
            "research_to_sale_ratio": 0.82,
            "price_fair": 8.56,
            "eps_avg_yearly": 0.24,
            "eps_latest_yearly": 0.16,
            "eps_growth_yearly": 155.05
        },
        "20171": {
            "year_quarter": 20171,
            "year": 2017,
            "quarter": 1,
            "eps": 0.03,
            "eps_growth_year": null,
            "eps_4q": -2.2,
            "eps_4q_growth_year": -1544.49,
            "roe": 0.07,
            "roe_4q": -18.93,
            "gross_profit": 158315,
            "gross_margin": 16.53,
            "gross_margin_4q_avg": 15.02,
            "net_income": 1767,
            "net_income_4q": null,
            "revenue": 957878,
            "revenue_4q": null,
            "common_shares": 1971268,
            "book_valuer_per_share": 12.32,
            "book_valuer_per_share_4q_avg": 13.67,
            "equity": 2541368,
            "current_ratio": 198.73,
            "debt_ratio": 54.24,
            "inventory_turnover_ratio": 1.06,
            "account_receivable_turnover_ratio": 0.95,
            "reinvestment_rate": null,
            "research_to_sale_ratio": 1.04,
            "price_fair": 8.56,
            "eps_avg_yearly": 0.24,
            "eps_latest_yearly": 0.16,
            "eps_growth_yearly": 155.05
        },
        "20172": {
            "year_quarter": 20172,
            "year": 2017,
            "quarter": 2,
            "eps": 0.14,
            "eps_growth_year": 16.67,
            "eps_4q": -2.19,
            "eps_4q_growth_year": -1160.29,
            "roe": 1,
            "roe_4q": -18.54,
            "gross_profit": 160609,
            "gross_margin": 16.67,
            "gross_margin_4q_avg": 15.26,
            "net_income": 25332,
            "net_income_4q": null,
            "revenue": 963723,
            "revenue_4q": null,
            "common_shares": 1971268,
            "book_valuer_per_share": 12.32,
            "book_valuer_per_share_4q_avg": 13,
            "equity": 2541808,
            "current_ratio": 187.32,
            "debt_ratio": 54.84,
            "inventory_turnover_ratio": 1.04,
            "account_receivable_turnover_ratio": 1.02,
            "reinvestment_rate": null,
            "research_to_sale_ratio": 0.81,
            "price_fair": 9.66,
            "eps_avg_yearly": 0.28,
            "eps_latest_yearly": 0.56,
            "eps_growth_yearly": 286.21
        },
        "20173": {
            "year_quarter": 20173,
            "year": 2017,
            "quarter": 3,
            "eps": 0.4,
            "eps_growth_year": 900,
            "eps_4q": -1.83,
            "eps_4q_growth_year": -968.97,
            "roe": 2.75,
            "roe_4q": -15.86,
            "gross_profit": 172636,
            "gross_margin": 18.28,
            "gross_margin_4q_avg": 15.83,
            "net_income": 71057,
            "net_income_4q": null,
            "revenue": 944375,
            "revenue_4q": null,
            "common_shares": 1971268,
            "book_valuer_per_share": 12.71,
            "book_valuer_per_share_4q_avg": 12.46,
            "equity": 2623070,
            "current_ratio": 197.52,
            "debt_ratio": 53.58,
            "inventory_turnover_ratio": 0.97,
            "account_receivable_turnover_ratio": 0.99,
            "reinvestment_rate": null,
            "research_to_sale_ratio": 1.27,
            "price_fair": 13.87,
            "eps_avg_yearly": 0.4,
            "eps_latest_yearly": 1.6,
            "eps_growth_yearly": 327.73
        },
        "20174": {
            "year_quarter": 20174,
            "year": 2017,
            "quarter": 4,
            "eps": 0.02,
            "eps_growth_year": null,
            "eps_4q": 0.58,
            "eps_4q_growth_year": null,
            "roe": -0.04,
            "roe_4q": 3.78,
            "gross_profit": 148123,
            "gross_margin": 17.26,
            "gross_margin_4q_avg": 17.19,
            "net_income": -1090,
            "net_income_4q": null,
            "revenue": 858380,
            "revenue_4q": null,
            "common_shares": 1971268,
            "book_valuer_per_share": 12.7,
            "book_valuer_per_share_4q_avg": 12.51,
            "equity": 2618619,
            "current_ratio": 200.41,
            "debt_ratio": 52.04,
            "inventory_turnover_ratio": 0.87,
            "account_receivable_turnover_ratio": 0.92,
            "reinvestment_rate": null,
            "research_to_sale_ratio": 0.88,
            "price_fair": 12.95,
            "eps_avg_yearly": 0.37,
            "eps_latest_yearly": 0.08,
            "eps_growth_yearly": 268.75
        },
        "20181": {
            "year_quarter": 20181,
            "year": 2018,
            "quarter": 1,
            "eps": 0.09,
            "eps_growth_year": 200,
            "eps_4q": 0.65,
            "eps_4q_growth_year": null,
            "roe": 0.67,
            "roe_4q": 4.38,
            "gross_profit": 153670,
            "gross_margin": 16.64,
            "gross_margin_4q_avg": 17.21,
            "net_income": 17532,
            "net_income_4q": null,
            "revenue": 923417,
            "revenue_4q": null,
            "common_shares": 1971268,
            "book_valuer_per_share": 12.83,
            "book_valuer_per_share_4q_avg": 12.64,
            "equity": 2644228,
            "current_ratio": 208.95,
            "debt_ratio": 51.37,
            "inventory_turnover_ratio": 0.97,
            "account_receivable_turnover_ratio": 0.99,
            "reinvestment_rate": null,
            "research_to_sale_ratio": 1.33,
            "price_fair": 13.07,
            "eps_avg_yearly": 0.37,
            "eps_latest_yearly": 0.36,
            "eps_growth_yearly": 389.12
        },
        "20182": {
            "year_quarter": 20182,
            "year": 2018,
            "quarter": 2,
            "eps": -0.07,
            "eps_growth_year": -150,
            "eps_4q": 0.43,
            "eps_4q_growth_year": null,
            "roe": -0.67,
            "roe_4q": 2.71,
            "gross_profit": 111442,
            "gross_margin": 14.15,
            "gross_margin_4q_avg": 16.58,
            "net_income": -17332,
            "net_income_4q": null,
            "revenue": 787674,
            "revenue_4q": null,
            "common_shares": 1971268,
            "book_valuer_per_share": 12.39,
            "book_valuer_per_share_4q_avg": 12.66,
            "equity": 2553356,
            "current_ratio": 177.17,
            "debt_ratio": 52.72,
            "inventory_turnover_ratio": 0.86,
            "account_receivable_turnover_ratio": 0.87,
            "reinvestment_rate": null,
            "research_to_sale_ratio": 1.6,
            "price_fair": 14,
            "eps_avg_yearly": 0.4,
            "eps_latest_yearly": 0.36,
            "eps_growth_yearly": 451.77
        },
        "20183": {
            "year_quarter": 20183,
            "year": 2018,
            "quarter": 3,
            "eps": -0.05,
            "eps_growth_year": -112.5,
            "eps_4q": -0.01,
            "eps_4q_growth_year": null,
            "roe": -0.47,
            "roe_4q": -0.5100000000000001,
            "gross_profit": 139730,
            "gross_margin": 14.73,
            "gross_margin_4q_avg": 15.7,
            "net_income": -11912,
            "net_income_4q": null,
            "revenue": 948783,
            "revenue_4q": null,
            "common_shares": 1953728,
            "book_valuer_per_share": 12.2,
            "book_valuer_per_share_4q_avg": 12.53,
            "equity": 2511530,
            "current_ratio": 188.09,
            "debt_ratio": 51.76,
            "inventory_turnover_ratio": 1.03,
            "account_receivable_turnover_ratio": 1.02,
            "reinvestment_rate": null,
            "research_to_sale_ratio": 1.76,
            "price_fair": 14.42,
            "eps_avg_yearly": 0.41,
            "eps_latest_yearly": 0.36,
            "eps_growth_yearly": 396.95
        },
        "20184": {
            "year_quarter": 20184,
            "year": 2018,
            "quarter": 4,
            "eps": -0.05,
            "eps_growth_year": -424.43,
            "eps_4q": -0.08,
            "eps_4q_growth_year": -114.19,
            "roe": -0.55,
            "roe_4q": -1.02,
            "gross_profit": 148960,
            "gross_margin": 17.04,
            "gross_margin_4q_avg": 15.64,
            "net_income": -13809,
            "net_income_4q": null,
            "revenue": 874361,
            "revenue_4q": null,
            "common_shares": 1953728,
            "book_valuer_per_share": 12.09,
            "book_valuer_per_share_4q_avg": 12.38,
            "equity": 2502932,
            "current_ratio": 179.41,
            "debt_ratio": 55.09,
            "inventory_turnover_ratio": 0.9,
            "account_receivable_turnover_ratio": 0.89,
            "reinvestment_rate": null,
            "research_to_sale_ratio": 1.66,
            "price_fair": 14,
            "eps_avg_yearly": 0.4,
            "eps_latest_yearly": 0.36,
            "eps_growth_yearly": 402.95
        },
        "20191": {
            "year_quarter": 20191,
            "year": 2019,
            "quarter": 1,
            "eps": 0.08,
            "eps_growth_year": -11.11,
            "eps_4q": -0.09,
            "eps_4q_growth_year": -114.19,
            "roe": 0.69,
            "roe_4q": -1,
            "gross_profit": 165315,
            "gross_margin": 16.14,
            "gross_margin_4q_avg": 15.52,
            "net_income": 17512,
            "net_income_4q": null,
            "revenue": 1024301,
            "revenue_4q": null,
            "common_shares": 1953728,
            "book_valuer_per_share": 12.28,
            "book_valuer_per_share_4q_avg": 12.24,
            "equity": 2544864,
            "current_ratio": 217.81,
            "debt_ratio": 55.1,
            "inventory_turnover_ratio": 1,
            "account_receivable_turnover_ratio": 1,
            "reinvestment_rate": null,
            "research_to_sale_ratio": 1.4,
            "price_fair": 15.23,
            "eps_avg_yearly": 0.44,
            "eps_latest_yearly": 0.36,
            "eps_growth_yearly": 491.79
        },
        "20192": {
            "year_quarter": 20192,
            "year": 2019,
            "quarter": 2,
            "eps": -0.07,
            "eps_growth_year": null,
            "eps_4q": -0.09,
            "eps_4q_growth_year": -121.89,
            "roe": -0.62,
            "roe_4q": -0.9500000000000001,
            "gross_profit": 136732,
            "gross_margin": 15.06,
            "gross_margin_4q_avg": 15.74,
            "net_income": -15590,
            "net_income_4q": null,
            "revenue": 908115,
            "revenue_4q": null,
            "common_shares": 1953728,
            "book_valuer_per_share": 11.95,
            "book_valuer_per_share_4q_avg": 12.13,
            "equity": 2477184,
            "current_ratio": 225.25,
            "debt_ratio": 56.06,
            "inventory_turnover_ratio": 0.87,
            "account_receivable_turnover_ratio": 0.87,
            "reinvestment_rate": null,
            "research_to_sale_ratio": 2.38,
            "price_fair": 16,
            "eps_avg_yearly": 0.46,
            "eps_latest_yearly": 0.36,
            "eps_growth_yearly": 485.85
        },
        "20193": {
            "year_quarter": 20193,
            "year": 2019,
            "quarter": 3,
            "eps": -0.11,
            "eps_growth_year": null,
            "eps_4q": -0.15,
            "eps_4q_growth_year": null,
            "roe": -1.01,
            "roe_4q": -1.49,
            "gross_profit": 125498,
            "gross_margin": 11.77,
            "gross_margin_4q_avg": 15,
            "net_income": -24578,
            "net_income_4q": null,
            "revenue": 1066537,
            "revenue_4q": null,
            "common_shares": 1953728,
            "book_valuer_per_share": 11.66,
            "book_valuer_per_share_4q_avg": 12,
            "equity": 2413113,
            "current_ratio": 217.48,
            "debt_ratio": 57.18,
            "inventory_turnover_ratio": 1.02,
            "account_receivable_turnover_ratio": 0.99,
            "reinvestment_rate": null,
            "research_to_sale_ratio": 1.65,
            "price_fair": 17.97,
            "eps_avg_yearly": 0.51,
            "eps_latest_yearly": 0.36,
            "eps_growth_yearly": 604.92
        },
        "20194": {
            "year_quarter": 20194,
            "year": 2019,
            "quarter": 4,
            "eps": 0.16,
            "eps_growth_year": null,
            "eps_4q": 0.06,
            "eps_4q_growth_year": null,
            "roe": 1.33,
            "roe_4q": 0.39,
            "gross_profit": 181965,
            "gross_margin": 17.2,
            "gross_margin_4q_avg": 15.04,
            "net_income": 31492,
            "net_income_4q": null,
            "revenue": 1058033,
            "revenue_4q": null,
            "common_shares": 1953728,
            "book_valuer_per_share": 11.8,
            "book_valuer_per_share_4q_avg": 11.92,
            "equity": 2305132,
            "current_ratio": 198.89,
            "debt_ratio": 59.59,
            "inventory_turnover_ratio": 0.94,
            "account_receivable_turnover_ratio": 0.92,
            "reinvestment_rate": null,
            "research_to_sale_ratio": 1.21,
            "price_fair": 19.32,
            "eps_avg_yearly": 0.55,
            "eps_latest_yearly": 0.36,
            "eps_growth_yearly": 592.57
        },
        "20201": {
            "year_quarter": 20201,
            "year": 2020,
            "quarter": 1,
            "eps": 0.38,
            "eps_growth_year": 375,
            "eps_4q": 0.36,
            "eps_4q_growth_year": null,
            "roe": 3.21,
            "roe_4q": 2.91,
            "gross_profit": 243443,
            "gross_margin": 20.83,
            "gross_margin_4q_avg": 16.22,
            "net_income": 74383,
            "net_income_4q": null,
            "revenue": 1168782,
            "revenue_4q": null,
            "common_shares": 1953628,
            "book_valuer_per_share": 11.94,
            "book_valuer_per_share_4q_avg": 11.84,
            "equity": 2331815,
            "current_ratio": 205.49,
            "debt_ratio": 59.53,
            "inventory_turnover_ratio": 1.04,
            "account_receivable_turnover_ratio": 0.94,
            "reinvestment_rate": null,
            "research_to_sale_ratio": 0.81,
            "price_fair": 24.97,
            "eps_avg_yearly": 0.71,
            "eps_latest_yearly": 1.52,
            "eps_growth_yearly": 585.48
        },
        "20202": {
            "year_quarter": 20202,
            "year": 2020,
            "quarter": 2,
            "eps": 0.97,
            "eps_growth_year": null,
            "eps_4q": 1.4,
            "eps_4q_growth_year": null,
            "roe": 7.82,
            "roe_4q": 11.350000000000001,
            "gross_profit": 402868,
            "gross_margin": 30.9,
            "gross_margin_4q_avg": 20.18,
            "net_income": 189161,
            "net_income_4q": null,
            "revenue": 1303583,
            "revenue_4q": null,
            "common_shares": 1953628,
            "book_valuer_per_share": 12.82,
            "book_valuer_per_share_4q_avg": 12.06,
            "equity": 2505211,
            "current_ratio": 204.22,
            "debt_ratio": 59.67,
            "inventory_turnover_ratio": 0.98,
            "account_receivable_turnover_ratio": 1.05,
            "reinvestment_rate": null,
            "research_to_sale_ratio": 1.08,
            "price_fair": 40.8,
            "eps_avg_yearly": 1.17,
            "eps_latest_yearly": 3.88,
            "eps_growth_yearly": 590.56
        },
        "20203": {
            "year_quarter": 20203,
            "year": 2020,
            "quarter": 3,
            "eps": 2.16,
            "eps_growth_year": null,
            "eps_4q": 3.67,
            "eps_4q_growth_year": null,
            "roe": 15.49,
            "roe_4q": 27.85,
            "gross_profit": 470547,
            "gross_margin": 33.64,
            "gross_margin_4q_avg": 25.64,
            "net_income": 422131,
            "net_income_4q": null,
            "revenue": 1398730,
            "revenue_4q": null,
            "common_shares": 1953628,
            "book_valuer_per_share": 15.08,
            "book_valuer_per_share_4q_avg": 12.91,
            "equity": 2946018,
            "current_ratio": 180.87,
            "debt_ratio": 55.27,
            "inventory_turnover_ratio": 0.93,
            "account_receivable_turnover_ratio": 1.22,
            "reinvestment_rate": -147.72,
            "research_to_sale_ratio": 0.79,
            "price_fair": 83.2,
            "eps_avg_yearly": 2.38,
            "eps_latest_yearly": 8.64,
            "eps_growth_yearly": 698.76
        },
        "20204": {
            "year_quarter": 20204,
            "year": 2020,
            "quarter": 4,
            "eps": 0.99,
            "eps_growth_year": 516.96,
            "eps_4q": 4.5,
            "eps_4q_growth_year": 7247.8,
            "roe": 6.41,
            "roe_4q": 32.93,
            "gross_profit": 385540,
            "gross_margin": 31.71,
            "gross_margin_4q_avg": 29.27,
            "net_income": 194293,
            "net_income_4q": null,
            "revenue": 1215667,
            "revenue_4q": null,
            "common_shares": 1953628,
            "book_valuer_per_share": 15.95,
            "book_valuer_per_share_4q_avg": 13.95,
            "equity": 3116813,
            "current_ratio": 189.62,
            "debt_ratio": 55.15,
            "inventory_turnover_ratio": 0.79,
            "account_receivable_turnover_ratio": 1.03,
            "reinvestment_rate": -5.29,
            "research_to_sale_ratio": 1.28,
            "price_fair": 90.13,
            "eps_avg_yearly": 2.58,
            "eps_latest_yearly": 3.96,
            "eps_growth_yearly": 584.33
        },
        "20211": {
            "year_quarter": 20211,
            "year": 2021,
            "quarter": 1,
            "eps": 0.2,
            "eps_growth_year": -47.37,
            "eps_4q": 4.32,
            "eps_4q_growth_year": 1108.79,
            "roe": 1.37,
            "roe_4q": 31.09,
            "gross_profit": 211136,
            "gross_margin": 20.35,
            "gross_margin_4q_avg": 29.15,
            "net_income": 38946,
            "net_income_4q": null,
            "revenue": 1037403,
            "revenue_4q": null,
            "common_shares": 1953628,
            "book_valuer_per_share": 13.16,
            "book_valuer_per_share_4q_avg": 14.25,
            "equity": 2571343,
            "current_ratio": 164.63,
            "debt_ratio": 62.82,
            "inventory_turnover_ratio": 0.75,
            "account_receivable_turnover_ratio": 0.91,
            "reinvestment_rate": 24.93,
            "research_to_sale_ratio": 1.33,
            "price_fair": 83.22,
            "eps_avg_yearly": 2.38,
            "eps_latest_yearly": 0.8,
            "eps_growth_yearly": 483.94
        },
        "20212": {
            "year_quarter": 20212,
            "year": 2021,
            "quarter": 2,
            "eps": 0.39,
            "eps_growth_year": -59.79,
            "eps_4q": 3.75,
            "eps_4q_growth_year": 167.87,
            "roe": 2.95,
            "roe_4q": 26.22,
            "gross_profit": 271043,
            "gross_margin": 26.29,
            "gross_margin_4q_avg": 28,
            "net_income": 76852,
            "net_income_4q": null,
            "revenue": 1030780,
            "revenue_4q": null,
            "common_shares": 1953628,
            "book_valuer_per_share": 13.49,
            "book_valuer_per_share_4q_avg": 14.42,
            "equity": 2634594,
            "current_ratio": 181.15,
            "debt_ratio": 61.28,
            "inventory_turnover_ratio": 0.71,
            "account_receivable_turnover_ratio": 1,
            "reinvestment_rate": 47.53,
            "research_to_sale_ratio": 1.4,
            "price_fair": 87.11,
            "eps_avg_yearly": 2.49,
            "eps_latest_yearly": 1.56,
            "eps_growth_yearly": 363.2
        },
        "20213": {
            "year_quarter": 20213,
            "year": 2021,
            "quarter": 3,
            "eps": -0.07,
            "eps_growth_year": -103.24,
            "eps_4q": 1.51,
            "eps_4q_growth_year": -58.77,
            "roe": -0.55,
            "roe_4q": 10.18,
            "gross_profit": 165038,
            "gross_margin": 17.01,
            "gross_margin_4q_avg": 23.84,
            "net_income": -14384,
            "net_income_4q": null,
            "revenue": 970153,
            "revenue_4q": null,
            "common_shares": 1953628,
            "book_valuer_per_share": 13.41,
            "book_valuer_per_share_4q_avg": 14,
            "equity": 2619350,
            "current_ratio": 238.2,
            "debt_ratio": 61.22,
            "inventory_turnover_ratio": 0.79,
            "account_receivable_turnover_ratio": 0.98,
            "reinvestment_rate": 65.75,
            "research_to_sale_ratio": 1,
            "price_fair": 91,
            "eps_avg_yearly": 2.6,
            "eps_latest_yearly": 1.56,
            "eps_growth_yearly": 315.74
        },
        "20214": {
            "year_quarter": 20214,
            "year": 2021,
            "quarter": 4,
            "eps": -0.01,
            "eps_growth_year": -101.47,
            "eps_4q": 0.5,
            "eps_4q_growth_year": -88.8,
            "roe": -0.11,
            "roe_4q": 3.66,
            "gross_profit": 153943,
            "gross_margin": 15.55,
            "gross_margin_4q_avg": 19.8,
            "net_income": -2863,
            "net_income_4q": null,
            "revenue": 990012,
            "revenue_4q": null,
            "common_shares": 1953628,
            "book_valuer_per_share": 13.51,
            "book_valuer_per_share_4q_avg": 13.39,
            "equity": 2638397,
            "current_ratio": 209.43,
            "debt_ratio": 61.6,
            "inventory_turnover_ratio": 0.83,
            "account_receivable_turnover_ratio": 0.96,
            "reinvestment_rate": 81.6,
            "research_to_sale_ratio": 1.17,
            "price_fair": 103.6,
            "eps_avg_yearly": 2.96,
            "eps_latest_yearly": 1.56,
            "eps_growth_yearly": 415.13
        },
        "20221": {
            "year_quarter": 20221,
            "year": 2022,
            "quarter": 1,
            "eps": -0.07,
            "eps_growth_year": -135,
            "eps_4q": 0.23,
            "eps_4q_growth_year": -94.57,
            "roe": -0.52,
            "roe_4q": 1.77,
            "gross_profit": 125074,
            "gross_margin": 13.63,
            "gross_margin_4q_avg": 18.12,
            "net_income": -13786,
            "net_income_4q": null,
            "revenue": 917463,
            "revenue_4q": null,
            "common_shares": 1953628,
            "book_valuer_per_share": 13.39,
            "book_valuer_per_share_4q_avg": 13.45,
            "equity": 2615382,
            "current_ratio": 201.99,
            "debt_ratio": 62.22,
            "inventory_turnover_ratio": 0.82,
            "account_receivable_turnover_ratio": 0.9,
            "reinvestment_rate": 101.62,
            "research_to_sale_ratio": 1.16,
            "price_fair": 118.77,
            "eps_avg_yearly": 3.39,
            "eps_latest_yearly": 1.56,
            "eps_growth_yearly": 250.99
        },
        "20222": {
            "year_quarter": 20222,
            "year": 2022,
            "quarter": 2,
            "eps": -0.4,
            "eps_growth_year": -202.56,
            "eps_4q": -0.56,
            "eps_4q_growth_year": -114.95,
            "roe": -3.06,
            "roe_4q": -4.24,
            "gross_profit": 45503,
            "gross_margin": 6.62,
            "gross_margin_4q_avg": 13.2,
            "net_income": -78460,
            "net_income_4q": null,
            "revenue": 686940,
            "revenue_4q": null,
            "common_shares": 1953628,
            "book_valuer_per_share": 12.88,
            "book_valuer_per_share_4q_avg": 13.3,
            "equity": 2517092,
            "current_ratio": 211.09,
            "debt_ratio": 63.1,
            "inventory_turnover_ratio": 0.67,
            "account_receivable_turnover_ratio": 0.75,
            "reinvestment_rate": 105.03,
            "research_to_sale_ratio": 1.36,
            "price_fair": 118.77,
            "eps_avg_yearly": 3.39,
            "eps_latest_yearly": 1.56,
            "eps_growth_yearly": 250.99
        },
        "20223": {
            "year_quarter": 20223,
            "year": 2022,
            "quarter": 3,
            "eps": -0.28,
            "eps_growth_year": null,
            "eps_4q": -0.77,
            "eps_4q_growth_year": -150.62,
            "roe": -2.19,
            "roe_4q": -5.88,
            "gross_profit": 97581,
            "gross_margin": 10.57,
            "gross_margin_4q_avg": 11.59,
            "net_income": -54591,
            "net_income_4q": null,
            "revenue": 923424,
            "revenue_4q": null,
            "common_shares": 1953628,
            "book_valuer_per_share": 12.66,
            "book_valuer_per_share_4q_avg": 13.11,
            "equity": 2473643,
            "current_ratio": 205.19,
            "debt_ratio": 64.4,
            "inventory_turnover_ratio": 0.83,
            "account_receivable_turnover_ratio": 0.96,
            "reinvestment_rate": 117.41,
            "research_to_sale_ratio": 0.99,
            "price_fair": 118.77,
            "eps_avg_yearly": 3.39,
            "eps_latest_yearly": 1.56,
            "eps_growth_yearly": 250.99
        },
        "20224": {
            "year_quarter": 20224,
            "year": 2022,
            "quarter": 4,
            "eps": -0.59,
            "eps_growth_year": null,
            "eps_4q": -1.34,
            "eps_4q_growth_year": -366.44,
            "roe": -4.79,
            "roe_4q": -10.56,
            "gross_profit": 41317,
            "gross_margin": 5.01,
            "gross_margin_4q_avg": 8.96,
            "net_income": -115747,
            "net_income_4q": null,
            "revenue": 824076,
            "revenue_4q": null,
            "common_shares": 1953628,
            "book_valuer_per_share": 12.07,
            "book_valuer_per_share_4q_avg": 12.75,
            "equity": 2358257,
            "current_ratio": 228.8,
            "debt_ratio": 65.31,
            "inventory_turnover_ratio": 0.8,
            "account_receivable_turnover_ratio": 0.76,
            "reinvestment_rate": 134.7,
            "research_to_sale_ratio": 0.87,
            "price_fair": 118.77,
            "eps_avg_yearly": 3.39,
            "eps_latest_yearly": 1.56,
            "eps_growth_yearly": 250.99
        },
        "20231": {
            "year_quarter": 20231,
            "year": 2023,
            "quarter": 1,
            "eps": -0.47,
            "eps_growth_year": null,
            "eps_4q": -1.74,
            "eps_4q_growth_year": -843.53,
            "roe": -4,
            "roe_4q": -14.04,
            "gross_profit": 51218,
            "gross_margin": 6.56,
            "gross_margin_4q_avg": 7.19,
            "net_income": -91878,
            "net_income_4q": null,
            "revenue": 780578,
            "revenue_4q": null,
            "common_shares": 1953628,
            "book_valuer_per_share": 11.45,
            "book_valuer_per_share_4q_avg": 12.27,
            "equity": 2236547,
            "current_ratio": 217.06,
            "debt_ratio": 66.71,
            "inventory_turnover_ratio": 0.79,
            "account_receivable_turnover_ratio": 0.74,
            "reinvestment_rate": 161.65,
            "research_to_sale_ratio": 1.27,
            "price_fair": 118.77,
            "eps_avg_yearly": 3.39,
            "eps_latest_yearly": 1.56,
            "eps_growth_yearly": 250.99
        },
        "20232": {
            "year_quarter": 20232,
            "year": 2023,
            "quarter": 2,
            "eps": -1.14,
            "eps_growth_year": null,
            "eps_4q": -2.48,
            "eps_4q_growth_year": null,
            "roe": -10.55,
            "roe_4q": -21.53,
            "gross_profit": 40541,
            "gross_margin": 5.55,
            "gross_margin_4q_avg": 6.92,
            "net_income": -222626,
            "net_income_4q": null,
            "revenue": 730671,
            "revenue_4q": null,
            "common_shares": 1953628,
            "book_valuer_per_share": 10.15,
            "book_valuer_per_share_4q_avg": 11.58,
            "equity": 1983304,
            "current_ratio": 201.33,
            "debt_ratio": 70.14,
            "inventory_turnover_ratio": 0.8,
            "account_receivable_turnover_ratio": 0.77,
            "reinvestment_rate": 251.07,
            "research_to_sale_ratio": 1.6,
            "price_fair": 118.77,
            "eps_avg_yearly": 3.39,
            "eps_latest_yearly": 1.56,
            "eps_growth_yearly": 250.99
        },
        "20233": {
            "year_quarter": 20233,
            "year": 2023,
            "quarter": 3,
            "eps": 5.56,
            "eps_growth_year": null,
            "eps_4q": 3.36,
            "eps_4q_growth_year": null,
            "roe": 42.7,
            "roe_4q": 23.360000000000007,
            "gross_profit": 63543,
            "gross_margin": 8.41,
            "gross_margin_4q_avg": 6.38,
            "net_income": 1085787,
            "net_income_4q": null,
            "revenue": 755919,
            "revenue_4q": null,
            "common_shares": 1953628,
            "book_valuer_per_share": 15.88,
            "book_valuer_per_share_4q_avg": 12.39,
            "equity": 3102786,
            "current_ratio": 284.83,
            "debt_ratio": 61.18,
            "inventory_turnover_ratio": 0.81,
            "account_receivable_turnover_ratio": 0.85,
            "reinvestment_rate": 70.13,
            "research_to_sale_ratio": 1.17,
            "price_fair": 118.77,
            "eps_avg_yearly": 3.39,
            "eps_latest_yearly": 1.56,
            "eps_growth_yearly": 250.99
        },
        "20234": {
            "year_quarter": 20234,
            "year": 2023,
            "quarter": 4,
            "eps": -0.58,
            "eps_growth_year": null,
            "eps_4q": 3.37,
            "eps_4q_growth_year": null,
            "roe": -3.73,
            "roe_4q": 24.420000000000005,
            "gross_profit": -29179,
            "gross_margin": -4.35,
            "gross_margin_4q_avg": 4.04,
            "net_income": -112598,
            "net_income_4q": null,
            "revenue": 671088,
            "revenue_4q": null,
            "common_shares": 1953628,
            "book_valuer_per_share": 15.01,
            "book_valuer_per_share_4q_avg": 13.12,
            "equity": 2932660,
            "current_ratio": 253.87,
            "debt_ratio": 62.78,
            "inventory_turnover_ratio": 0.86,
            "account_receivable_turnover_ratio": 0.78,
            "reinvestment_rate": 74.36,
            "research_to_sale_ratio": 2.22,
            "price_fair": 118.77,
            "eps_avg_yearly": 3.39,
            "eps_latest_yearly": 1.56,
            "eps_growth_yearly": 250.99
        }
    },
    "months": {
        "2001-06": {
            "month": "2001-06",
            "price": "11.20",
            "revenue": 161450
        },
        "2001-07": {
            "month": "2001-07",
            "price": "10.88",
            "revenue": 199151
        },
        "2001-08": {
            "month": "2001-08",
            "price": "10.63",
            "revenue": 181766
        },
        "2001-09": {
            "month": "2001-09",
            "price": "10.69",
            "revenue": 158989
        },
        "2001-10": {
            "month": "2001-10",
            "price": "10.77",
            "revenue": 257795
        },
        "2001-11": {
            "month": "2001-11",
            "price": "11.17",
            "revenue": 191983
        },
        "2001-12": {
            "month": "2001-12",
            "price": "11.62",
            "revenue": 180533
        },
        "2002-01": {
            "month": "2002-01",
            "price": "11.39",
            "revenue": 187205
        },
        "2002-02": {
            "month": "2002-02",
            "price": "11.28",
            "revenue": 158779
        },
        "2002-03": {
            "month": "2002-03",
            "price": "12.68",
            "revenue": 199614
        },
        "2002-04": {
            "month": "2002-04",
            "price": "13.80",
            "revenue": 218220
        },
        "2002-05": {
            "month": "2002-05",
            "price": "15.49",
            "revenue": 216475
        },
        "2002-06": {
            "month": "2002-06",
            "price": "14.55",
            "revenue": 165263
        },
        "2002-07": {
            "month": "2002-07",
            "price": "13.49",
            "revenue": 186924
        },
        "2002-08": {
            "month": "2002-08",
            "price": "12.74",
            "revenue": 204700
        },
        "2002-09": {
            "month": "2002-09",
            "price": "12.45",
            "revenue": 182317
        },
        "2002-10": {
            "month": "2002-10",
            "price": "11.50",
            "revenue": 183615
        },
        "2002-11": {
            "month": "2002-11",
            "price": "13.09",
            "revenue": 161375
        },
        "2002-12": {
            "month": "2002-12",
            "price": "13.92",
            "revenue": 157834
        },
        "2003-01": {
            "month": "2003-01",
            "price": "14.42",
            "revenue": 199332
        },
        "2003-02": {
            "month": "2003-02",
            "price": "14.00",
            "revenue": 153226
        },
        "2003-03": {
            "month": "2003-03",
            "price": "13.19",
            "revenue": 190341
        },
        "2003-04": {
            "month": "2003-04",
            "price": "13.85",
            "revenue": 193922
        },
        "2003-05": {
            "month": "2003-05",
            "price": "15.24",
            "revenue": 210460
        },
        "2003-06": {
            "month": "2003-06",
            "price": "13.46",
            "revenue": 208426
        },
        "2003-07": {
            "month": "2003-07",
            "price": "13.01",
            "revenue": 238945
        },
        "2003-08": {
            "month": "2003-08",
            "price": "14.06",
            "revenue": 201860
        },
        "2003-09": {
            "month": "2003-09",
            "price": "13.99",
            "revenue": 242306
        },
        "2003-10": {
            "month": "2003-10",
            "price": "14.43",
            "revenue": 295412
        },
        "2003-11": {
            "month": "2003-11",
            "price": "15.48",
            "revenue": 221515
        },
        "2003-12": {
            "month": "2003-12",
            "price": "15.63",
            "revenue": 237917
        },
        "2004-01": {
            "month": "2004-01",
            "price": "15.52",
            "revenue": 215125
        },
        "2004-02": {
            "month": "2004-02",
            "price": "16.56",
            "revenue": 243215
        },
        "2004-03": {
            "month": "2004-03",
            "price": "18.88",
            "revenue": 281317
        },
        "2004-04": {
            "month": "2004-04",
            "price": "18.63",
            "revenue": 219823
        },
        "2004-05": {
            "month": "2004-05",
            "price": "17.21",
            "revenue": 248972
        },
        "2004-06": {
            "month": "2004-06",
            "price": "16.88",
            "revenue": 254823
        },
        "2004-07": {
            "month": "2004-07",
            "price": "16.35",
            "revenue": 264422
        },
        "2004-08": {
            "month": "2004-08",
            "price": "15.94",
            "revenue": 235215
        },
        "2004-09": {
            "month": "2004-09",
            "price": "16.01",
            "revenue": 223194
        },
        "2004-10": {
            "month": "2004-10",
            "price": "16.00",
            "revenue": 264043
        },
        "2004-11": {
            "month": "2004-11",
            "price": "15.40",
            "revenue": 238232
        },
        "2004-12": {
            "month": "2004-12",
            "price": "14.38",
            "revenue": 165435
        },
        "2005-01": {
            "month": "2005-01",
            "price": "14.51",
            "revenue": 224844
        },
        "2005-02": {
            "month": "2005-02",
            "price": "14.41",
            "revenue": 159592
        },
        "2005-03": {
            "month": "2005-03",
            "price": "14.28",
            "revenue": 236281
        },
        "2005-04": {
            "month": "2005-04",
            "price": "13.66",
            "revenue": 240937
        },
        "2005-05": {
            "month": "2005-05",
            "price": "13.12",
            "revenue": 236063
        },
        "2005-06": {
            "month": "2005-06",
            "price": "13.22",
            "revenue": 247034
        },
        "2005-07": {
            "month": "2005-07",
            "price": "12.70",
            "revenue": 246088
        },
        "2005-08": {
            "month": "2005-08",
            "price": "12.76",
            "revenue": 261862
        },
        "2005-09": {
            "month": "2005-09",
            "price": "12.75",
            "revenue": 288717
        },
        "2005-10": {
            "month": "2005-10",
            "price": "13.87",
            "revenue": 282818
        },
        "2005-11": {
            "month": "2005-11",
            "price": "14.45",
            "revenue": 250108
        },
        "2005-12": {
            "month": "2005-12",
            "price": "13.40",
            "revenue": 236783
        },
        "2006-01": {
            "month": "2006-01",
            "price": "13.22",
            "revenue": 233487
        },
        "2006-02": {
            "month": "2006-02",
            "price": "13.57",
            "revenue": 195709
        },
        "2006-03": {
            "month": "2006-03",
            "price": "13.37",
            "revenue": 272506
        },
        "2006-04": {
            "month": "2006-04",
            "price": "13.61",
            "revenue": 217270
        },
        "2006-05": {
            "month": "2006-05",
            "price": "14.63",
            "revenue": 242731
        },
        "2006-06": {
            "month": "2006-06",
            "price": "14.15",
            "revenue": 225283
        },
        "2006-07": {
            "month": "2006-07",
            "price": "14.20",
            "revenue": 228749
        },
        "2006-08": {
            "month": "2006-08",
            "price": "13.77",
            "revenue": 250321
        },
        "2006-09": {
            "month": "2006-09",
            "price": "13.63",
            "revenue": 229381
        },
        "2006-10": {
            "month": "2006-10",
            "price": "14.64",
            "revenue": 246503
        },
        "2006-11": {
            "month": "2006-11",
            "price": "14.97",
            "revenue": 231705
        },
        "2006-12": {
            "month": "2006-12",
            "price": "16.46",
            "revenue": 192360
        },
        "2007-01": {
            "month": "2007-01",
            "price": "16.72",
            "revenue": 212952
        },
        "2007-02": {
            "month": "2007-02",
            "price": "16.80",
            "revenue": 186655
        },
        "2007-03": {
            "month": "2007-03",
            "price": "15.74",
            "revenue": 232765
        },
        "2007-04": {
            "month": "2007-04",
            "price": "16.59",
            "revenue": 234362
        },
        "2007-05": {
            "month": "2007-05",
            "price": "19.61",
            "revenue": 258510
        },
        "2007-06": {
            "month": "2007-06",
            "price": "21.40",
            "revenue": 228099
        },
        "2007-07": {
            "month": "2007-07",
            "price": "23.72",
            "revenue": 228354
        },
        "2007-08": {
            "month": "2007-08",
            "price": "21.89",
            "revenue": 283804
        },
        "2007-09": {
            "month": "2007-09",
            "price": "21.86",
            "revenue": 235642
        },
        "2007-10": {
            "month": "2007-10",
            "price": "22.16",
            "revenue": 246490
        },
        "2007-11": {
            "month": "2007-11",
            "price": "19.20",
            "revenue": 238810
        },
        "2007-12": {
            "month": "2007-12",
            "price": "17.51",
            "revenue": 215356
        },
        "2008-01": {
            "month": "2008-01",
            "price": "16.52",
            "revenue": 242687
        },
        "2008-02": {
            "month": "2008-02",
            "price": "16.84",
            "revenue": 252100
        },
        "2008-03": {
            "month": "2008-03",
            "price": "18.92",
            "revenue": 307192
        },
        "2008-04": {
            "month": "2008-04",
            "price": "18.89",
            "revenue": 276340
        },
        "2008-05": {
            "month": "2008-05",
            "price": "20.85",
            "revenue": 292296
        },
        "2008-06": {
            "month": "2008-06",
            "price": "18.47",
            "revenue": 277193
        },
        "2008-07": {
            "month": "2008-07",
            "price": "16.46",
            "revenue": 297090
        },
        "2008-08": {
            "month": "2008-08",
            "price": "15.85",
            "revenue": 260441
        },
        "2008-09": {
            "month": "2008-09",
            "price": "13.02",
            "revenue": 275277
        },
        "2008-10": {
            "month": "2008-10",
            "price": "11.41",
            "revenue": 266031
        },
        "2008-11": {
            "month": "2008-11",
            "price": "12.12",
            "revenue": 226236
        },
        "2008-12": {
            "month": "2008-12",
            "price": "13.33",
            "revenue": 220951
        },
        "2009-01": {
            "month": "2009-01",
            "price": "13.05",
            "revenue": 281488
        },
        "2009-02": {
            "month": "2009-02",
            "price": "12.91",
            "revenue": 236957
        },
        "2009-03": {
            "month": "2009-03",
            "price": "14.04",
            "revenue": 294665
        },
        "2009-04": {
            "month": "2009-04",
            "price": "15.66",
            "revenue": 297143
        },
        "2009-05": {
            "month": "2009-05",
            "price": "19.06",
            "revenue": 274828
        },
        "2009-06": {
            "month": "2009-06",
            "price": "17.23",
            "revenue": 243646
        },
        "2009-07": {
            "month": "2009-07",
            "price": "17.88",
            "revenue": 264626
        },
        "2009-08": {
            "month": "2009-08",
            "price": "21.32",
            "revenue": 246676
        },
        "2009-09": {
            "month": "2009-09",
            "price": "23.14",
            "revenue": 263193
        },
        "2009-10": {
            "month": "2009-10",
            "price": "22.49",
            "revenue": 295535
        },
        "2009-11": {
            "month": "2009-11",
            "price": "23.31",
            "revenue": 287355
        },
        "2009-12": {
            "month": "2009-12",
            "price": "22.67",
            "revenue": 299641
        },
        "2010-01": {
            "month": "2010-01",
            "price": "22.39",
            "revenue": 293602
        },
        "2010-02": {
            "month": "2010-02",
            "price": "20.82",
            "revenue": 216557
        },
        "2010-03": {
            "month": "2010-03",
            "price": "21.95",
            "revenue": 318653
        },
        "2010-04": {
            "month": "2010-04",
            "price": "21.85",
            "revenue": 302154
        },
        "2010-05": {
            "month": "2010-05",
            "price": "19.58",
            "revenue": 298704
        },
        "2010-06": {
            "month": "2010-06",
            "price": "18.95",
            "revenue": 267283
        },
        "2010-07": {
            "month": "2010-07",
            "price": "19.30",
            "revenue": 282752
        },
        "2010-08": {
            "month": "2010-08",
            "price": "21.42",
            "revenue": 245146
        },
        "2010-09": {
            "month": "2010-09",
            "price": "21.88",
            "revenue": 207752
        },
        "2010-10": {
            "month": "2010-10",
            "price": "21.22",
            "revenue": 256182
        },
        "2010-11": {
            "month": "2010-11",
            "price": "19.91",
            "revenue": 249043
        },
        "2010-12": {
            "month": "2010-12",
            "price": "19.93",
            "revenue": 286665
        },
        "2011-01": {
            "month": "2011-01",
            "price": "20.02",
            "revenue": 275383
        },
        "2011-02": {
            "month": "2011-02",
            "price": "19.90",
            "revenue": 246968
        },
        "2011-03": {
            "month": "2011-03",
            "price": "19.70",
            "revenue": 364377
        },
        "2011-04": {
            "month": "2011-04",
            "price": "19.13",
            "revenue": 299303
        },
        "2011-05": {
            "month": "2011-05",
            "price": "19.22",
            "revenue": 291495
        },
        "2011-06": {
            "month": "2011-06",
            "price": "18.45",
            "revenue": 307850
        },
        "2011-07": {
            "month": "2011-07",
            "price": "18.07",
            "revenue": 331870
        },
        "2011-08": {
            "month": "2011-08",
            "price": "16.82",
            "revenue": 354554
        },
        "2011-09": {
            "month": "2011-09",
            "price": "16.09",
            "revenue": 304040
        },
        "2011-10": {
            "month": "2011-10",
            "price": "15.57",
            "revenue": 294339
        },
        "2011-11": {
            "month": "2011-11",
            "price": "14.79",
            "revenue": 305250
        },
        "2011-12": {
            "month": "2011-12",
            "price": "14.21",
            "revenue": 277834
        },
        "2012-01": {
            "month": "2012-01",
            "price": "14.27",
            "revenue": 334048
        },
        "2012-02": {
            "month": "2012-02",
            "price": "15.46",
            "revenue": 278805
        },
        "2012-03": {
            "month": "2012-03",
            "price": "16.25",
            "revenue": 279456
        },
        "2012-04": {
            "month": "2012-04",
            "price": "13.80",
            "revenue": 267594
        },
        "2012-05": {
            "month": "2012-05",
            "price": "13.17",
            "revenue": 308406
        },
        "2012-06": {
            "month": "2012-06",
            "price": "12.73",
            "revenue": 303398
        },
        "2012-07": {
            "month": "2012-07",
            "price": "13.05",
            "revenue": 313273
        },
        "2012-08": {
            "month": "2012-08",
            "price": "13.38",
            "revenue": 326690
        },
        "2012-09": {
            "month": "2012-09",
            "price": "13.28",
            "revenue": 275921
        },
        "2012-10": {
            "month": "2012-10",
            "price": "13.25",
            "revenue": 266748
        },
        "2012-11": {
            "month": "2012-11",
            "price": "12.54",
            "revenue": 259956
        },
        "2012-12": {
            "month": "2012-12",
            "price": "13.05",
            "revenue": 174049
        },
        "2013-01": {
            "month": "2013-01",
            "price": "13.45",
            "revenue": 381157
        },
        "2013-02": {
            "month": "2013-02",
            "price": "13.38",
            "revenue": 293244
        },
        "2013-03": {
            "month": "2013-03",
            "price": "14.28",
            "revenue": 392933
        },
        "2013-04": {
            "month": "2013-04",
            "price": "15.00",
            "revenue": 321446
        },
        "2013-05": {
            "month": "2013-05",
            "price": "14.15",
            "revenue": 391197
        },
        "2013-06": {
            "month": "2013-06",
            "price": "14.10",
            "revenue": 340509
        },
        "2013-07": {
            "month": "2013-07",
            "price": "15.34",
            "revenue": 315450
        },
        "2013-08": {
            "month": "2013-08",
            "price": "15.42",
            "revenue": 355244
        },
        "2013-09": {
            "month": "2013-09",
            "price": "14.61",
            "revenue": 450895
        },
        "2013-10": {
            "month": "2013-10",
            "price": "15.71",
            "revenue": 375687
        },
        "2013-11": {
            "month": "2013-11",
            "price": "16.58",
            "revenue": 430394
        },
        "2013-12": {
            "month": "2013-12",
            "price": "16.63",
            "revenue": 390889
        },
        "2014-01": {
            "month": "2014-01",
            "price": "16.88",
            "revenue": 448827
        },
        "2014-02": {
            "month": "2014-02",
            "price": "16.50",
            "revenue": 339931
        },
        "2014-03": {
            "month": "2014-03",
            "price": "15.25",
            "revenue": 401870
        },
        "2014-04": {
            "month": "2014-04",
            "price": "14.97",
            "revenue": 393677
        },
        "2014-05": {
            "month": "2014-05",
            "price": "14.69",
            "revenue": 385721
        },
        "2014-06": {
            "month": "2014-06",
            "price": "14.38",
            "revenue": 299841
        },
        "2014-07": {
            "month": "2014-07",
            "price": "14.03",
            "revenue": 395231
        },
        "2014-08": {
            "month": "2014-08",
            "price": "14.16",
            "revenue": 343320
        },
        "2014-09": {
            "month": "2014-09",
            "price": "13.99",
            "revenue": 348725
        },
        "2014-10": {
            "month": "2014-10",
            "price": "14.40",
            "revenue": 335891
        },
        "2014-11": {
            "month": "2014-11",
            "price": "13.52",
            "revenue": 314055
        },
        "2014-12": {
            "month": "2014-12",
            "price": "13.30",
            "revenue": 346526
        },
        "2015-01": {
            "month": "2015-01",
            "price": "13.64",
            "revenue": 336321
        },
        "2015-02": {
            "month": "2015-02",
            "price": "13.33",
            "revenue": 314594
        },
        "2015-03": {
            "month": "2015-03",
            "price": "13.44",
            "revenue": 397182
        },
        "2015-04": {
            "month": "2015-04",
            "price": "13.48",
            "revenue": 472331
        },
        "2015-05": {
            "month": "2015-05",
            "price": "13.52",
            "revenue": 380781
        },
        "2015-06": {
            "month": "2015-06",
            "price": "14.76",
            "revenue": 312922
        },
        "2015-07": {
            "month": "2015-07",
            "price": "12.19",
            "revenue": 386215
        },
        "2015-08": {
            "month": "2015-08",
            "price": "10.71",
            "revenue": 343083
        },
        "2015-09": {
            "month": "2015-09",
            "price": "10.88",
            "revenue": 336570
        },
        "2015-10": {
            "month": "2015-10",
            "price": "11.52",
            "revenue": 329197
        },
        "2015-11": {
            "month": "2015-11",
            "price": "11.98",
            "revenue": 364116
        },
        "2015-12": {
            "month": "2015-12",
            "price": "11.39",
            "revenue": 501842
        },
        "2016-01": {
            "month": "2016-01",
            "price": "11.37",
            "revenue": 382761
        },
        "2016-02": {
            "month": "2016-02",
            "price": "11.74",
            "revenue": 291284
        },
        "2016-03": {
            "month": "2016-03",
            "price": "11.92",
            "revenue": 393539
        },
        "2016-04": {
            "month": "2016-04",
            "price": "11.49",
            "revenue": 349669
        },
        "2016-05": {
            "month": "2016-05",
            "price": "10.64",
            "revenue": 326722
        },
        "2016-06": {
            "month": "2016-06",
            "price": "10.56",
            "revenue": 329941
        },
        "2016-07": {
            "month": "2016-07",
            "price": "10.54",
            "revenue": 329385
        },
        "2016-08": {
            "month": "2016-08",
            "price": "10.60",
            "revenue": 380947
        },
        "2016-09": {
            "month": "2016-09",
            "price": "10.69",
            "revenue": 325969
        },
        "2016-10": {
            "month": "2016-10",
            "price": "10.70",
            "revenue": 323490
        },
        "2016-11": {
            "month": "2016-11",
            "price": "10.59",
            "revenue": 307668
        },
        "2016-12": {
            "month": "2016-12",
            "price": "10.82",
            "revenue": 359320
        },
        "2017-01": {
            "month": "2017-01",
            "price": "10.91",
            "revenue": 297290
        },
        "2017-02": {
            "month": "2017-02",
            "price": "11.50",
            "revenue": 280434
        },
        "2017-03": {
            "month": "2017-03",
            "price": "11.22",
            "revenue": 381565
        },
        "2017-04": {
            "month": "2017-04",
            "price": "10.87",
            "revenue": 316894
        },
        "2017-05": {
            "month": "2017-05",
            "price": "11.10",
            "revenue": 307055
        },
        "2017-06": {
            "month": "2017-06",
            "price": "11.08",
            "revenue": 338232
        },
        "2017-07": {
            "month": "2017-07",
            "price": "10.92",
            "revenue": 294182
        },
        "2017-08": {
            "month": "2017-08",
            "price": "11.11",
            "revenue": 309879
        },
        "2017-09": {
            "month": "2017-09",
            "price": "11.31",
            "revenue": 341958
        },
        "2017-10": {
            "month": "2017-10",
            "price": "11.17",
            "revenue": 288271
        },
        "2017-11": {
            "month": "2017-11",
            "price": "11.67",
            "revenue": 290134
        },
        "2017-12": {
            "month": "2017-12",
            "price": "11.95",
            "revenue": 281209
        },
        "2018-01": {
            "month": "2018-01",
            "price": "12.54",
            "revenue": 350637
        },
        "2018-02": {
            "month": "2018-02",
            "price": "11.84",
            "revenue": 235850
        },
        "2018-03": {
            "month": "2018-03",
            "price": "12.10",
            "revenue": 336684
        },
        "2018-04": {
            "month": "2018-04",
            "price": "12.00",
            "revenue": 275139
        },
        "2018-05": {
            "month": "2018-05",
            "price": "11.98",
            "revenue": 270933
        },
        "2018-06": {
            "month": "2018-06",
            "price": "12.29",
            "revenue": 242125
        },
        "2018-07": {
            "month": "2018-07",
            "price": "12.13",
            "revenue": 316845
        },
        "2018-08": {
            "month": "2018-08",
            "price": "11.90",
            "revenue": 315198
        },
        "2018-09": {
            "month": "2018-09",
            "price": "11.51",
            "revenue": 315357
        },
        "2018-10": {
            "month": "2018-10",
            "price": "10.85",
            "revenue": 291047
        },
        "2018-11": {
            "month": "2018-11",
            "price": "10.44",
            "revenue": 270357
        },
        "2018-12": {
            "month": "2018-12",
            "price": "10.40",
            "revenue": 314857
        },
        "2019-01": {
            "month": "2019-01",
            "price": "10.25",
            "revenue": 419145
        },
        "2019-02": {
            "month": "2019-02",
            "price": "10.58",
            "revenue": 260650
        },
        "2019-03": {
            "month": "2019-03",
            "price": "11.30",
            "revenue": 344096
        },
        "2019-04": {
            "month": "2019-04",
            "price": "11.14",
            "revenue": 285506
        },
        "2019-05": {
            "month": "2019-05",
            "price": "10.85",
            "revenue": 325781
        },
        "2019-06": {
            "month": "2019-06",
            "price": "10.70",
            "revenue": 301503
        },
        "2019-07": {
            "month": "2019-07",
            "price": "10.67",
            "revenue": 317708
        },
        "2019-08": {
            "month": "2019-08",
            "price": "10.54",
            "revenue": 356521
        },
        "2019-09": {
            "month": "2019-09",
            "price": "10.40",
            "revenue": 403013
        },
        "2019-10": {
            "month": "2019-10",
            "price": "10.50",
            "revenue": 354874
        },
        "2019-11": {
            "month": "2019-11",
            "price": "10.42",
            "revenue": 331504
        },
        "2019-12": {
            "month": "2019-12",
            "price": "10.26",
            "revenue": 355706
        },
        "2020-01": {
            "month": "2020-01",
            "price": "11.95",
            "revenue": 376518
        },
        "2020-02": {
            "month": "2020-02",
            "price": "18.14",
            "revenue": 338245
        },
        "2020-03": {
            "month": "2020-03",
            "price": "19.03",
            "revenue": 453779
        },
        "2020-04": {
            "month": "2020-04",
            "price": "20.81",
            "revenue": 438402
        },
        "2020-05": {
            "month": "2020-05",
            "price": "36.36",
            "revenue": 434499
        },
        "2020-06": {
            "month": "2020-06",
            "price": "44.54",
            "revenue": 445526
        },
        "2020-07": {
            "month": "2020-07",
            "price": "40.28",
            "revenue": 472512
        },
        "2020-08": {
            "month": "2020-08",
            "price": "44.35",
            "revenue": 451689
        },
        "2020-09": {
            "month": "2020-09",
            "price": "42.03",
            "revenue": 472726
        },
        "2020-10": {
            "month": "2020-10",
            "price": "41.38",
            "revenue": 420930
        },
        "2020-11": {
            "month": "2020-11",
            "price": "37.84",
            "revenue": 379427
        },
        "2020-12": {
            "month": "2020-12",
            "price": "32.80",
            "revenue": 402506
        },
        "2021-01": {
            "month": "2021-01",
            "price": "32.04",
            "revenue": 439034
        },
        "2021-02": {
            "month": "2021-02",
            "price": "30.30",
            "revenue": 274164
        },
        "2021-03": {
            "month": "2021-03",
            "price": "34.27",
            "revenue": 324248
        },
        "2021-04": {
            "month": "2021-04",
            "price": "34.01",
            "revenue": 268031
        },
        "2021-05": {
            "month": "2021-05",
            "price": "37.06",
            "revenue": 454159
        },
        "2021-06": {
            "month": "2021-06",
            "price": "35.03",
            "revenue": 308440
        },
        "2021-07": {
            "month": "2021-07",
            "price": "33.59",
            "revenue": 285197
        },
        "2021-08": {
            "month": "2021-08",
            "price": "24.94",
            "revenue": 319018
        },
        "2021-09": {
            "month": "2021-09",
            "price": "24.53",
            "revenue": 366076
        },
        "2021-10": {
            "month": "2021-10",
            "price": "22.24",
            "revenue": 326857
        },
        "2021-11": {
            "month": "2021-11",
            "price": "22.92",
            "revenue": 320695
        },
        "2021-12": {
            "month": "2021-12",
            "price": "25.58",
            "revenue": 342022
        },
        "2022-01": {
            "month": "2022-01",
            "price": "29.42",
            "revenue": 352397
        },
        "2022-02": {
            "month": "2022-02",
            "price": "25.36",
            "revenue": 261437
        },
        "2022-03": {
            "month": "2022-03",
            "price": "23.22",
            "revenue": 303753
        },
        "2022-04": {
            "month": "2022-04",
            "price": "25.21",
            "revenue": 189179
        },
        "2022-05": {
            "month": "2022-05",
            "price": "21.54",
            "revenue": 224048
        },
        "2022-06": {
            "month": "2022-06",
            "price": "19.55",
            "revenue": 274214
        },
        "2022-07": {
            "month": "2022-07",
            "price": "17.00",
            "revenue": 309769
        },
        "2022-08": {
            "month": "2022-08",
            "price": "17.26",
            "revenue": 297823
        },
        "2022-09": {
            "month": "2022-09",
            "price": "17.80",
            "revenue": 321690
        },
        "2022-10": {
            "month": "2022-10",
            "price": "15.46",
            "revenue": 291742
        },
        "2022-11": {
            "month": "2022-11",
            "price": "17.01",
            "revenue": 267856
        },
        "2022-12": {
            "month": "2022-12",
            "price": "17.84",
            "revenue": 263810
        },
        "2023-01": {
            "month": "2023-01",
            "price": "17.62",
            "revenue": 267340
        },
        "2023-02": {
            "month": "2023-02",
            "price": "17.41",
            "revenue": 246871
        },
        "2023-03": {
            "month": "2023-03",
            "price": "17.30",
            "revenue": 266399
        },
        "2023-04": {
            "month": "2023-04",
            "price": "17.82",
            "revenue": 216449
        },
        "2023-05": {
            "month": "2023-05",
            "price": "17.84",
            "revenue": 245411
        },
        "2023-06": {
            "month": "2023-06",
            "price": "19.13",
            "revenue": 269613
        },
        "2023-07": {
            "month": "2023-07",
            "price": "18.79",
            "revenue": 236879
        },
        "2023-08": {
            "month": "2023-08",
            "price": "18.60",
            "revenue": 252766
        },
        "2023-09": {
            "month": "2023-09",
            "price": "19.74",
            "revenue": 265803
        },
        "2023-10": {
            "month": "2023-10",
            "price": "18.90",
            "revenue": 246014
        },
        "2023-11": {
            "month": "2023-11",
            "price": "19.82",
            "revenue": 211877
        },
        "2023-12": {
            "month": "2023-12",
            "price": "27.71",
            "revenue": 235619
        }
    }
}
