{
    "summary": {
        "stock_name": "巨大",
        "stock_id": "9921",
        "category": "運動休閒",
        "main_business": "自行車及零配件製造、加工與銷售。",
        "website_url": "https://www.giantgroup-cycling.com/",
        "ceo": "劉湧昌",
        "pe_ratio": 23,
        "report_year_from": 2001,
        "report_year_to": 2023,
        "age": 23,
        "eps_negative_percentage": 0,
        "eps_growth_avg": {
            "last_all": 9.66,
            "last_2y": -10.2,
            "last_4y": 6.75,
            "last_8y": 1.48,
            "last_12y": 4.61,
            "last_16y": 9.04,
            "last_20y": 8.95,
            "at_2006_last_3y": 8.58,
            "at_2007_last_3y": 17.18,
            "at_2008_last_3y": 24.8,
            "at_2009_last_3y": 21.47,
            "at_2010_last_3y": 23.46,
            "at_2011_last_3y": 6.88,
            "at_2012_last_3y": -0.99,
            "at_2013_last_3y": 6.34,
            "at_2014_last_3y": 11.65,
            "at_2015_last_3y": 6.77,
            "at_2016_last_3y": 1.79,
            "at_2017_last_3y": -10.55,
            "at_2018_last_3y": -5.12,
            "at_2019_last_3y": 0.97,
            "at_2020_last_3y": 17.66,
            "at_2021_last_3y": 30.85,
            "at_2022_last_3y": 20.64,
            "at_2023_last_3y": 3.99,
            "at_2024_last_3y": 3.99,
            "at_2006_last_all": 11.77,
            "at_2007_last_all": 23.01,
            "at_2008_last_all": 24.19,
            "at_2009_last_all": 19.56,
            "at_2010_last_all": 16.96,
            "at_2011_last_all": 16.56,
            "at_2012_last_all": 15.03,
            "at_2013_last_all": 15.15,
            "at_2014_last_all": 15.33,
            "at_2015_last_all": 13.76,
            "at_2016_last_all": 11.5,
            "at_2017_last_all": 8.73,
            "at_2018_last_all": 10.52,
            "at_2019_last_all": 10.92,
            "at_2020_last_all": 12.8,
            "at_2021_last_all": 13.15,
            "at_2022_last_all": 12.45,
            "at_2023_last_all": 9.66,
            "at_2024_last_all": 9.66
        },
        "latest_eps": 8.5,
        "latest_price": 195.5,
        "latest_roe": 10.37,
        "latest_gross_margin": 21.46,
        "latest_equity": 36426922,
        "latest_revenue": 19517340,
        "latest_gross_profit": 4188822,
        "latest_net_income": 1150364,
        "latest_debt_ratio": 59.12,
        "latest_current_ratio": 169.77,
        "latest_account_receivable_turnover_ratio": 1.26,
        "latest_inventory_turnover_ratio": 0.42,
        "latest_reinvestment_rate": 13.69,
        "latest_research_to_sale_ratio": 1.75
    },
    "eps_dividends": {
        "1995": {
            "cash": 1,
            "stock": 1,
            "eps": 0
        },
        "1996": {
            "cash": 1,
            "stock": 1,
            "eps": 0
        },
        "1997": {
            "cash": 1,
            "stock": 1,
            "eps": 0
        },
        "1998": {
            "cash": 1,
            "stock": 1,
            "eps": 0
        },
        "1999": {
            "cash": 1,
            "stock": 1,
            "eps": 0
        },
        "2000": {
            "cash": 0.7,
            "stock": 1.5,
            "eps": 0
        },
        "2001": {
            "cash": 0.7,
            "stock": 1.5,
            "eps": 2.24
        },
        "2002": {
            "cash": 1,
            "stock": 0.7,
            "eps": 2.79
        },
        "2003": {
            "cash": 2,
            "stock": 0,
            "eps": 4.04
        },
        "2004": {
            "cash": 3,
            "stock": 0,
            "eps": 4.07
        },
        "2005": {
            "cash": 3,
            "stock": 0,
            "eps": 4.09
        },
        "2006": {
            "cash": 3,
            "stock": 0,
            "eps": 3.61
        },
        "2007": {
            "cash": 3,
            "stock": 0,
            "eps": 6.47
        },
        "2008": {
            "cash": 3,
            "stock": 0.5,
            "eps": 8.49
        },
        "2009": {
            "cash": 2,
            "stock": 2,
            "eps": 7.4
        },
        "2010": {
            "cash": 4.5,
            "stock": 0,
            "eps": 7.12
        },
        "2011": {
            "cash": 10.5,
            "stock": 0,
            "eps": 8.04
        },
        "2012": {
            "cash": 0,
            "stock": 0,
            "eps": 8.02
        },
        "2013": {
            "cash": 5.5,
            "stock": 0,
            "eps": 9.34
        },
        "2014": {
            "cash": 6,
            "stock": 0,
            "eps": 10.97
        },
        "2015": {
            "cash": 6.6,
            "stock": 0,
            "eps": 10.25
        },
        "2016": {
            "cash": 6.2,
            "stock": 0,
            "eps": 8.18
        },
        "2017": {
            "cash": 5,
            "stock": 0,
            "eps": 5.49
        },
        "2018": {
            "cash": 3.5,
            "stock": 0,
            "eps": 7.64
        },
        "2019": {
            "cash": 4.6,
            "stock": 0,
            "eps": 9
        },
        "2020": {
            "cash": 4.6,
            "stock": 0,
            "eps": 13.19
        },
        "2021": {
            "cash": 8,
            "stock": 0,
            "eps": 15.81
        },
        "2022": {
            "cash": 10,
            "stock": 0,
            "eps": 15.55
        },
        "2023": {
            "cash": 7.8,
            "stock": 0,
            "eps": 7.96
        }
    },
    "dividends": {
        "1995-05-06": {
            "cash": 1,
            "stock": 1
        },
        "1996-05-25": {
            "cash": 1,
            "stock": 1
        },
        "1997-05-31": {
            "cash": 1,
            "stock": 1
        },
        "1998-05-29": {
            "cash": 1,
            "stock": 1
        },
        "1999-05-28": {
            "cash": 1,
            "stock": 1
        },
        "2000-06-02": {
            "cash": 0.7,
            "stock": 1.5
        },
        "2001-05-03": {
            "cash": 0.7,
            "stock": 1.5
        },
        "2002-06-21": {
            "cash": 1,
            "stock": 0.7
        },
        "2003-03-12": {
            "cash": 2,
            "stock": 0
        },
        "2004-06-15": {
            "cash": 3,
            "stock": 0
        },
        "2005-03-25": {
            "cash": 3,
            "stock": 0
        },
        "2006-03-24": {
            "cash": 3,
            "stock": 0
        },
        "2007-04-23": {
            "cash": 3,
            "stock": 0
        },
        "2008-04-28": {
            "cash": 3,
            "stock": 0.5
        },
        "2009-03-23": {
            "cash": 2,
            "stock": 2
        },
        "2010-03-29": {
            "cash": 4.5,
            "stock": 0
        },
        "2011-01-01": {
            "cash": 5.5,
            "stock": 0
        },
        "2011-03-28": {
            "cash": 5,
            "stock": 0
        },
        "2013-03-26": {
            "cash": 5.5,
            "stock": 0
        },
        "2014-09-17": {
            "cash": 6,
            "stock": 0
        },
        "2015-09-18": {
            "cash": 6.6,
            "stock": 0
        },
        "2016-09-14": {
            "cash": 6.2,
            "stock": 0
        },
        "2017-09-22": {
            "cash": 5,
            "stock": 0
        },
        "2018-09-19": {
            "cash": 3.5,
            "stock": 0
        },
        "2019-09-19": {
            "cash": 4.6,
            "stock": 0
        },
        "2020-09-17": {
            "cash": 4.6,
            "stock": 0
        },
        "2021-09-17": {
            "cash": 8,
            "stock": 0
        },
        "2022-09-15": {
            "cash": 10,
            "stock": 0
        },
        "2023-09-20": {
            "cash": 7.8,
            "stock": 0
        }
    },
    "prices": {
        "200101": "43.30",
        "200102": "46.25",
        "200103": "52.00",
        "200104": "46.78",
        "200105": "43.88",
        "200106": "43.97",
        "200107": "38.77",
        "200108": "36.04",
        "200109": "34.85",
        "200110": "29.80",
        "200111": "30.78",
        "200112": "33.17",
        "200201": "31.85",
        "200202": "30.67",
        "200203": "31.81",
        "200204": "35.61",
        "200205": "40.56",
        "200206": "37.66",
        "200207": "36.10",
        "200208": "39.72",
        "200209": "39.41",
        "200210": "41.44",
        "200211": "45.25",
        "200212": "45.17",
        "200301": "45.71",
        "200302": "42.49",
        "200303": "41.03",
        "200304": "38.75",
        "200305": "37.87",
        "200306": "39.78",
        "200307": "38.54",
        "200308": "41.16",
        "200309": "40.71",
        "200310": "42.36",
        "200311": "42.72",
        "200312": "41.72",
        "200401": "41.70",
        "200402": "43.52",
        "200403": "44.22",
        "200404": "43.27",
        "200405": "40.26",
        "200406": "39.42",
        "200407": "41.55",
        "200408": "43.14",
        "200409": "45.93",
        "200410": "48.74",
        "200411": "49.41",
        "200412": "51.94",
        "200501": "54.21",
        "200502": "54.46",
        "200503": "56.87",
        "200504": "53.08",
        "200505": "49.40",
        "200506": "50.77",
        "200507": "53.88",
        "200508": "53.67",
        "200509": "55.11",
        "200510": "56.62",
        "200511": "60.26",
        "200512": "63.07",
        "200601": "61.68",
        "200602": "61.64",
        "200603": "57.67",
        "200604": "60.76",
        "200605": "56.01",
        "200606": "49.95",
        "200607": "49.76",
        "200608": "48.38",
        "200609": "50.55",
        "200610": "53.54",
        "200611": "50.87",
        "200612": "51.32",
        "200701": "50.87",
        "200702": "50.48",
        "200703": "50.40",
        "200704": "52.74",
        "200705": "54.50",
        "200706": "53.78",
        "200707": "68.68",
        "200708": "72.44",
        "200709": "80.42",
        "200710": "78.52",
        "200711": "74.98",
        "200712": "71.89",
        "200801": "69.89",
        "200802": "68.61",
        "200803": "74.95",
        "200804": "78.80",
        "200805": "83.72",
        "200806": "87.15",
        "200807": "90.95",
        "200808": "84.79",
        "200809": "84.03",
        "200810": "73.60",
        "200811": "80.41",
        "200812": "74.93",
        "200901": "71.19",
        "200902": "71.02",
        "200903": "68.08",
        "200904": "73.70",
        "200905": "80.39",
        "200906": "80.02",
        "200907": "85.20",
        "200908": "82.07",
        "200909": "86.17",
        "200910": "87.66",
        "200911": "87.80",
        "200912": "89.66",
        "201001": "88.19",
        "201002": "86.25",
        "201003": "89.55",
        "201004": "97.30",
        "201005": "94.95",
        "201006": "98.17",
        "201007": "104.36",
        "201008": "113.93",
        "201009": "118.76",
        "201010": "118.07",
        "201011": "119.43",
        "201012": "119.02",
        "201101": "119.18",
        "201102": "109.61",
        "201103": "115.98",
        "201104": "119.74",
        "201105": "106.76",
        "201106": "107.38",
        "201107": "114.90",
        "201108": "108.11",
        "201109": "112.02",
        "201110": "114.92",
        "201111": "113.48",
        "201112": "113.98",
        "201201": "119.17",
        "201202": "120.50",
        "201203": "131.00",
        "201204": "139.85",
        "201205": "142.89",
        "201206": "134.62",
        "201207": "150.07",
        "201208": "162.52",
        "201209": "153.70",
        "201210": "155.89",
        "201211": "145.00",
        "201212": "163.12",
        "201301": "160.07",
        "201302": "164.15",
        "201303": "167.69",
        "201304": "172.30",
        "201305": "191.52",
        "201306": "193.47",
        "201307": "223.41",
        "201308": "208.71",
        "201309": "209.25",
        "201310": "212.93",
        "201311": "209.10",
        "201312": "204.07",
        "201401": "198.22",
        "201402": "198.12",
        "201403": "203.45",
        "201404": "221.88",
        "201405": "232.36",
        "201406": "236.30",
        "201407": "241.36",
        "201408": "245.07",
        "201409": "243.76",
        "201410": "233.39",
        "201411": "256.78",
        "201412": "271.85",
        "201501": "273.52",
        "201502": "291.73",
        "201503": "299.41",
        "201504": "288.30",
        "201505": "265.20",
        "201506": "255.38",
        "201507": "263.84",
        "201508": "242.62",
        "201509": "242.55",
        "201510": "246.02",
        "201511": "233.86",
        "201512": "216.52",
        "201601": "206.50",
        "201602": "218.38",
        "201603": "211.96",
        "201604": "191.00",
        "201605": "184.29",
        "201606": "200.07",
        "201607": "216.58",
        "201608": "214.52",
        "201609": "210.05",
        "201610": "221.00",
        "201611": "202.00",
        "201612": "186.05",
        "201701": "194.25",
        "201702": "195.50",
        "201703": "185.09",
        "201704": "177.69",
        "201705": "179.18",
        "201706": "175.96",
        "201707": "163.14",
        "201708": "152.61",
        "201709": "146.86",
        "201710": "152.24",
        "201711": "152.68",
        "201712": "154.90",
        "201801": "167.70",
        "201802": "156.42",
        "201803": "159.02",
        "201804": "150.92",
        "201805": "141.48",
        "201806": "131.78",
        "201807": "128.59",
        "201808": "131.26",
        "201809": "130.37",
        "201810": "123.93",
        "201811": "134.41",
        "201812": "144.62",
        "201901": "156.95",
        "201902": "161.96",
        "201903": "190.75",
        "201904": "213.80",
        "201905": "226.02",
        "201906": "238.89",
        "201907": "238.96",
        "201908": "229.45",
        "201909": "218.13",
        "201910": "217.00",
        "201911": "222.50",
        "201912": "209.73",
        "202001": "195.37",
        "202002": "178.45",
        "202003": "147.45",
        "202004": "145.72",
        "202005": "212.30",
        "202006": "252.25",
        "202007": "298.09",
        "202008": "310.48",
        "202009": "284.66",
        "202010": "269.82",
        "202011": "280.95",
        "202012": "270.63",
        "202101": "282.58",
        "202102": "285.19",
        "202103": "289.30",
        "202104": "349.63",
        "202105": "326.19",
        "202106": "320.40",
        "202107": "304.73",
        "202108": "324.93",
        "202109": "330.65",
        "202110": "310.00",
        "202111": "313.64",
        "202112": "330.86",
        "202201": "333.58",
        "202202": "301.30",
        "202203": "276.96",
        "202204": "257.29",
        "202205": "242.10",
        "202206": "250.24",
        "202207": "232.52",
        "202208": "251.26",
        "202209": "224.19",
        "202210": "208.28",
        "202211": "228.55",
        "202212": "215.57",
        "202301": "204.69",
        "202302": "207.78",
        "202303": "185.41",
        "202304": "183.18",
        "202305": "194.00",
        "202306": "216.48",
        "202307": "233.76",
        "202308": "208.45",
        "202309": "187.50",
        "202310": "172.82",
        "202311": "172.89",
        "202312": "183.07"
    },
    "quarters": {
        "20011": {
            "year_quarter": 20011,
            "year": 2001,
            "quarter": 1,
            "eps": 1.16,
            "eps_growth_year": -25.64,
            "eps_4q": 3.29,
            "eps_4q_growth_year": -6.28,
            "roe": 6.33,
            "roe_4q": 6.33,
            "gross_profit": 256211,
            "gross_margin": 15.19,
            "gross_margin_4q_avg": 15.19,
            "net_income": 262553,
            "net_income_4q": null,
            "revenue": 1686220,
            "revenue_4q": null,
            "common_shares": 2273015,
            "book_valuer_per_share": 18.69,
            "book_valuer_per_share_4q_avg": 18.69,
            "equity": 4248366,
            "current_ratio": 163.44,
            "debt_ratio": 32.18,
            "inventory_turnover_ratio": 0.81,
            "account_receivable_turnover_ratio": null,
            "reinvestment_rate": null,
            "research_to_sale_ratio": null,
            "price_fair": 0,
            "eps_avg_yearly": 0,
            "eps_latest_yearly": 0,
            "eps_growth_yearly": 0
        },
        "20012": {
            "year_quarter": 20012,
            "year": 2001,
            "quarter": 2,
            "eps": 0.62,
            "eps_growth_year": -28.74,
            "eps_4q": 2.72,
            "eps_4q_growth_year": -14.15,
            "roe": 3.77,
            "roe_4q": 10.1,
            "gross_profit": 101782,
            "gross_margin": 11.88,
            "gross_margin_4q_avg": 13.54,
            "net_income": 161259,
            "net_income_4q": null,
            "revenue": 856618,
            "revenue_4q": null,
            "common_shares": 2273015,
            "book_valuer_per_share": 18.96,
            "book_valuer_per_share_4q_avg": 18.83,
            "equity": 4310531,
            "current_ratio": 158.77,
            "debt_ratio": 29.11,
            "inventory_turnover_ratio": 1.45,
            "account_receivable_turnover_ratio": null,
            "reinvestment_rate": null,
            "research_to_sale_ratio": null,
            "price_fair": 0,
            "eps_avg_yearly": 0,
            "eps_latest_yearly": 0,
            "eps_growth_yearly": 0
        },
        "20013": {
            "year_quarter": 20013,
            "year": 2001,
            "quarter": 3,
            "eps": 0.35,
            "eps_growth_year": -42.62,
            "eps_4q": 2.55,
            "eps_4q_growth_year": -22.6,
            "roe": 2.08,
            "roe_4q": 12.18,
            "gross_profit": 186417,
            "gross_margin": 14.32,
            "gross_margin_4q_avg": 13.8,
            "net_income": 90762,
            "net_income_4q": null,
            "revenue": 1301549,
            "revenue_4q": null,
            "common_shares": 2613968,
            "book_valuer_per_share": 16.91,
            "book_valuer_per_share_4q_avg": 18.19,
            "equity": 4420215,
            "current_ratio": 152.98,
            "debt_ratio": 32.45,
            "inventory_turnover_ratio": 1.75,
            "account_receivable_turnover_ratio": null,
            "reinvestment_rate": null,
            "research_to_sale_ratio": null,
            "price_fair": 0,
            "eps_avg_yearly": 0,
            "eps_latest_yearly": 0,
            "eps_growth_yearly": 0
        },
        "20014": {
            "year_quarter": 20014,
            "year": 2001,
            "quarter": 4,
            "eps": 0.11,
            "eps_growth_year": -83.08,
            "eps_4q": 2.08,
            "eps_4q_growth_year": -40.59,
            "roe": 0.64,
            "roe_4q": 12.82,
            "gross_profit": 288131,
            "gross_margin": 16.14,
            "gross_margin_4q_avg": 14.38,
            "net_income": 28790,
            "net_income_4q": null,
            "revenue": 1785354,
            "revenue_4q": null,
            "common_shares": 2613968,
            "book_valuer_per_share": 17.3,
            "book_valuer_per_share_4q_avg": 17.97,
            "equity": 4522941,
            "current_ratio": 154.96,
            "debt_ratio": 57.92,
            "inventory_turnover_ratio": 0.83,
            "account_receivable_turnover_ratio": null,
            "reinvestment_rate": null,
            "research_to_sale_ratio": null,
            "price_fair": 0,
            "eps_avg_yearly": 0,
            "eps_latest_yearly": 0,
            "eps_growth_yearly": 0
        },
        "20021": {
            "year_quarter": 20021,
            "year": 2002,
            "quarter": 1,
            "eps": 1.31,
            "eps_growth_year": 12.93,
            "eps_4q": 2.38,
            "eps_4q_growth_year": -27.59,
            "roe": 7.31,
            "roe_4q": 13.799999999999999,
            "gross_profit": 250544,
            "gross_margin": 16.79,
            "gross_margin_4q_avg": 14.78,
            "net_income": 342699,
            "net_income_4q": null,
            "revenue": 1491891,
            "revenue_4q": null,
            "common_shares": 2613968,
            "book_valuer_per_share": 18.58,
            "book_valuer_per_share_4q_avg": 17.94,
            "equity": 4856881,
            "current_ratio": 161.68,
            "debt_ratio": 27.29,
            "inventory_turnover_ratio": 0.75,
            "account_receivable_turnover_ratio": null,
            "reinvestment_rate": null,
            "research_to_sale_ratio": null,
            "price_fair": 183.4,
            "eps_avg_yearly": 5.24,
            "eps_latest_yearly": 5.24,
            "eps_growth_yearly": 4363.64
        },
        "20022": {
            "year_quarter": 20022,
            "year": 2002,
            "quarter": 2,
            "eps": 0.66,
            "eps_growth_year": 6.45,
            "eps_4q": 2.43,
            "eps_4q_growth_year": -10.86,
            "roe": 3.61,
            "roe_4q": 13.64,
            "gross_profit": 145762,
            "gross_margin": 12.76,
            "gross_margin_4q_avg": 15,
            "net_income": 172511,
            "net_income_4q": null,
            "revenue": 1142372,
            "revenue_4q": null,
            "common_shares": 2613968,
            "book_valuer_per_share": 17.97,
            "book_valuer_per_share_4q_avg": 17.69,
            "equity": 4696356,
            "current_ratio": 144.45,
            "debt_ratio": 26.91,
            "inventory_turnover_ratio": 2.57,
            "account_receivable_turnover_ratio": null,
            "reinvestment_rate": null,
            "research_to_sale_ratio": null,
            "price_fair": 137.9,
            "eps_avg_yearly": 3.94,
            "eps_latest_yearly": 2.64,
            "eps_growth_yearly": 2082.58
        },
        "20023": {
            "year_quarter": 20023,
            "year": 2002,
            "quarter": 3,
            "eps": 0.54,
            "eps_growth_year": 54.29,
            "eps_4q": 2.47,
            "eps_4q_growth_year": -3.08,
            "roe": 3.14,
            "roe_4q": 14.7,
            "gross_profit": 220384,
            "gross_margin": 14.06,
            "gross_margin_4q_avg": 14.94,
            "net_income": 152002,
            "net_income_4q": null,
            "revenue": 1567455,
            "revenue_4q": null,
            "common_shares": 2801836,
            "book_valuer_per_share": 17.75,
            "book_valuer_per_share_4q_avg": 17.9,
            "equity": 4973448,
            "current_ratio": 145.17,
            "debt_ratio": 27.05,
            "inventory_turnover_ratio": 2.7,
            "account_receivable_turnover_ratio": null,
            "reinvestment_rate": null,
            "research_to_sale_ratio": null,
            "price_fair": 117.13,
            "eps_avg_yearly": 3.35,
            "eps_latest_yearly": 2.16,
            "eps_growth_yearly": 1364.15
        },
        "20024": {
            "year_quarter": 20024,
            "year": 2002,
            "quarter": 4,
            "eps": 0.28,
            "eps_growth_year": 154.55,
            "eps_4q": 2.65,
            "eps_4q_growth_year": 27.49,
            "roe": 1.57,
            "roe_4q": 15.629999999999999,
            "gross_profit": 302185,
            "gross_margin": 15.99,
            "gross_margin_4q_avg": 14.9,
            "net_income": 78932,
            "net_income_4q": null,
            "revenue": 1890079,
            "revenue_4q": null,
            "common_shares": 2801836,
            "book_valuer_per_share": 18.09,
            "book_valuer_per_share_4q_avg": 18.1,
            "equity": 5070451,
            "current_ratio": 150.77,
            "debt_ratio": 55.45,
            "inventory_turnover_ratio": 0.84,
            "account_receivable_turnover_ratio": null,
            "reinvestment_rate": 25.5,
            "research_to_sale_ratio": null,
            "price_fair": 97.65,
            "eps_avg_yearly": 2.79,
            "eps_latest_yearly": 1.12,
            "eps_growth_yearly": 974.96
        },
        "20031": {
            "year_quarter": 20031,
            "year": 2003,
            "quarter": 1,
            "eps": 1.34,
            "eps_growth_year": 2.29,
            "eps_4q": 2.78,
            "eps_4q_growth_year": 16.51,
            "roe": 7.12,
            "roe_4q": 15.44,
            "gross_profit": 328066,
            "gross_margin": 17.1,
            "gross_margin_4q_avg": 14.98,
            "net_income": 376223,
            "net_income_4q": null,
            "revenue": 1918396,
            "revenue_4q": null,
            "common_shares": 2801836,
            "book_valuer_per_share": 19.6,
            "book_valuer_per_share_4q_avg": 18.35,
            "equity": 5492989,
            "current_ratio": 134.42,
            "debt_ratio": 29.37,
            "inventory_turnover_ratio": 0.91,
            "account_receivable_turnover_ratio": null,
            "reinvestment_rate": -1.19,
            "research_to_sale_ratio": null,
            "price_fair": 115.64,
            "eps_avg_yearly": 3.3,
            "eps_latest_yearly": 5.36,
            "eps_growth_yearly": 1082.83
        },
        "20032": {
            "year_quarter": 20032,
            "year": 2003,
            "quarter": 2,
            "eps": 0.91,
            "eps_growth_year": 37.88,
            "eps_4q": 3.09,
            "eps_4q_growth_year": 27.05,
            "roe": 4.76,
            "roe_4q": 16.59,
            "gross_profit": 108237,
            "gross_margin": 10.5,
            "gross_margin_4q_avg": 14.41,
            "net_income": 253981,
            "net_income_4q": null,
            "revenue": 1030827,
            "revenue_4q": null,
            "common_shares": 2801836,
            "book_valuer_per_share": 18.47,
            "book_valuer_per_share_4q_avg": 18.48,
            "equity": 5175734,
            "current_ratio": 104.63,
            "debt_ratio": 31.47,
            "inventory_turnover_ratio": 2.45,
            "account_receivable_turnover_ratio": null,
            "reinvestment_rate": -1.23,
            "research_to_sale_ratio": null,
            "price_fair": 117.6,
            "eps_avg_yearly": 3.36,
            "eps_latest_yearly": 3.64,
            "eps_growth_yearly": 880.96
        },
        "20033": {
            "year_quarter": 20033,
            "year": 2003,
            "quarter": 3,
            "eps": 0.63,
            "eps_growth_year": 16.67,
            "eps_4q": 3.14,
            "eps_4q_growth_year": 27.16,
            "roe": 3.4,
            "roe_4q": 16.85,
            "gross_profit": 273865,
            "gross_margin": 15.2,
            "gross_margin_4q_avg": 14.7,
            "net_income": 177700,
            "net_income_4q": null,
            "revenue": 1802029,
            "revenue_4q": null,
            "common_shares": 2801835,
            "book_valuer_per_share": 18.85,
            "book_valuer_per_share_4q_avg": 18.75,
            "equity": 5281373,
            "current_ratio": 109.35,
            "debt_ratio": 34.41,
            "inventory_turnover_ratio": 2.62,
            "account_receivable_turnover_ratio": null,
            "reinvestment_rate": -0.96,
            "research_to_sale_ratio": null,
            "price_fair": 113.4,
            "eps_avg_yearly": 3.24,
            "eps_latest_yearly": 2.52,
            "eps_growth_yearly": 737.53
        },
        "20034": {
            "year_quarter": 20034,
            "year": 2003,
            "quarter": 4,
            "eps": 1.16,
            "eps_growth_year": 314.29,
            "eps_4q": 4.05,
            "eps_4q_growth_year": 53.08,
            "roe": 5.9,
            "roe_4q": 21.18,
            "gross_profit": 335183,
            "gross_margin": 15.72,
            "gross_margin_4q_avg": 14.63,
            "net_income": 324072,
            "net_income_4q": null,
            "revenue": 2132838,
            "revenue_4q": null,
            "common_shares": 2801836,
            "book_valuer_per_share": 20.36,
            "book_valuer_per_share_4q_avg": 19.32,
            "equity": 5712859,
            "current_ratio": 153.64,
            "debt_ratio": 53.77,
            "inventory_turnover_ratio": 0.92,
            "account_receivable_turnover_ratio": null,
            "reinvestment_rate": 28.2,
            "research_to_sale_ratio": null,
            "price_fair": 119.53,
            "eps_avg_yearly": 3.42,
            "eps_latest_yearly": 4.64,
            "eps_growth_yearly": 687.4
        },
        "20041": {
            "year_quarter": 20041,
            "year": 2004,
            "quarter": 1,
            "eps": 1.27,
            "eps_growth_year": -5.22,
            "eps_4q": 3.97,
            "eps_4q_growth_year": 42.87,
            "roe": 6.13,
            "roe_4q": 20.19,
            "gross_profit": 304675,
            "gross_margin": 14.7,
            "gross_margin_4q_avg": 14.03,
            "net_income": 355826,
            "net_income_4q": null,
            "revenue": 2072249,
            "revenue_4q": null,
            "common_shares": 2801836,
            "book_valuer_per_share": 21.07,
            "book_valuer_per_share_4q_avg": 19.69,
            "equity": 5902855,
            "current_ratio": 108.35,
            "debt_ratio": 33.01,
            "inventory_turnover_ratio": 0.91,
            "account_receivable_turnover_ratio": null,
            "reinvestment_rate": -0.48,
            "research_to_sale_ratio": null,
            "price_fair": 126,
            "eps_avg_yearly": 3.6,
            "eps_latest_yearly": 5.08,
            "eps_growth_yearly": 615.24
        },
        "20042": {
            "year_quarter": 20042,
            "year": 2004,
            "quarter": 2,
            "eps": 1.17,
            "eps_growth_year": 28.57,
            "eps_4q": 4.24,
            "eps_4q_growth_year": 37.42,
            "roe": 5.79,
            "roe_4q": 21.22,
            "gross_profit": 230568,
            "gross_margin": 13.47,
            "gross_margin_4q_avg": 14.77,
            "net_income": 326847,
            "net_income_4q": null,
            "revenue": 1711344,
            "revenue_4q": null,
            "common_shares": 2801836,
            "book_valuer_per_share": 19.25,
            "book_valuer_per_share_4q_avg": 19.88,
            "equity": 5393176,
            "current_ratio": 80.57,
            "debt_ratio": 37.84,
            "inventory_turnover_ratio": 2.19,
            "account_receivable_turnover_ratio": null,
            "reinvestment_rate": -0.37,
            "research_to_sale_ratio": null,
            "price_fair": 129.78,
            "eps_avg_yearly": 3.71,
            "eps_latest_yearly": 4.68,
            "eps_growth_yearly": 550.56
        },
        "20043": {
            "year_quarter": 20043,
            "year": 2004,
            "quarter": 3,
            "eps": 0.95,
            "eps_growth_year": 50.79,
            "eps_4q": 4.53,
            "eps_4q_growth_year": 44.22,
            "roe": 4.8,
            "roe_4q": 22.619999999999997,
            "gross_profit": 326129,
            "gross_margin": 16.1,
            "gross_margin_4q_avg": 15,
            "net_income": 266818,
            "net_income_4q": null,
            "revenue": 2025415,
            "revenue_4q": null,
            "common_shares": 2801835,
            "book_valuer_per_share": 20.45,
            "book_valuer_per_share_4q_avg": 20.28,
            "equity": 5731101,
            "current_ratio": 90.34,
            "debt_ratio": 38.47,
            "inventory_turnover_ratio": 1.88,
            "account_receivable_turnover_ratio": null,
            "reinvestment_rate": -0.73,
            "research_to_sale_ratio": null,
            "price_fair": 130.07,
            "eps_avg_yearly": 3.72,
            "eps_latest_yearly": 3.8,
            "eps_growth_yearly": 493.67
        },
        "20044": {
            "year_quarter": 20044,
            "year": 2004,
            "quarter": 4,
            "eps": 0.68,
            "eps_growth_year": -41.38,
            "eps_4q": 4.07,
            "eps_4q_growth_year": 0.44,
            "roe": 3.31,
            "roe_4q": 20.029999999999998,
            "gross_profit": 454007,
            "gross_margin": 15.14,
            "gross_margin_4q_avg": 14.85,
            "net_income": 190472,
            "net_income_4q": null,
            "revenue": 2998742,
            "revenue_4q": null,
            "common_shares": 2801836,
            "book_valuer_per_share": 20.49,
            "book_valuer_per_share_4q_avg": 20.32,
            "equity": 5764250,
            "current_ratio": 144.16,
            "debt_ratio": 60.54,
            "inventory_turnover_ratio": 0.89,
            "account_receivable_turnover_ratio": null,
            "reinvestment_rate": 21.85,
            "research_to_sale_ratio": null,
            "price_fair": 127.17,
            "eps_avg_yearly": 3.63,
            "eps_latest_yearly": 2.72,
            "eps_growth_yearly": 443.06
        },
        "20051": {
            "year_quarter": 20051,
            "year": 2005,
            "quarter": 1,
            "eps": 0.5,
            "eps_growth_year": -60.63,
            "eps_4q": 3.28,
            "eps_4q_growth_year": -17.34,
            "roe": 2.44,
            "roe_4q": 16.34,
            "gross_profit": 363435,
            "gross_margin": 13.02,
            "gross_margin_4q_avg": 14.43,
            "net_income": 141060,
            "net_income_4q": null,
            "revenue": 2791808,
            "revenue_4q": null,
            "common_shares": 2801836,
            "book_valuer_per_share": 20.66,
            "book_valuer_per_share_4q_avg": 20.21,
            "equity": 5787529,
            "current_ratio": 108.49,
            "debt_ratio": 38.11,
            "inventory_turnover_ratio": 0.91,
            "account_receivable_turnover_ratio": null,
            "reinvestment_rate": -0.03,
            "research_to_sale_ratio": null,
            "price_fair": 122.77,
            "eps_avg_yearly": 3.51,
            "eps_latest_yearly": 2,
            "eps_growth_yearly": 400.84
        },
        "20052": {
            "year_quarter": 20052,
            "year": 2005,
            "quarter": 2,
            "eps": 1.48,
            "eps_growth_year": 26.5,
            "eps_4q": 3.62,
            "eps_4q_growth_year": -14.74,
            "roe": 7.54,
            "roe_4q": 18.09,
            "gross_profit": 302644,
            "gross_margin": 12.11,
            "gross_margin_4q_avg": 14.09,
            "net_income": 414757,
            "net_income_4q": null,
            "revenue": 2498358,
            "revenue_4q": null,
            "common_shares": 2801836,
            "book_valuer_per_share": 18.61,
            "book_valuer_per_share_4q_avg": 20.05,
            "equity": 5212991,
            "current_ratio": 86.06,
            "debt_ratio": 43.31,
            "inventory_turnover_ratio": 2.86,
            "account_receivable_turnover_ratio": null,
            "reinvestment_rate": -0.09,
            "research_to_sale_ratio": null,
            "price_fair": 128.8,
            "eps_avg_yearly": 3.68,
            "eps_latest_yearly": 5.92,
            "eps_growth_yearly": 428.2
        },
        "20053": {
            "year_quarter": 20053,
            "year": 2005,
            "quarter": 3,
            "eps": 1.13,
            "eps_growth_year": 18.95,
            "eps_4q": 3.79,
            "eps_4q_growth_year": -16.53,
            "roe": 5.75,
            "roe_4q": 19.04,
            "gross_profit": 413169,
            "gross_margin": 18.11,
            "gross_margin_4q_avg": 14.6,
            "net_income": 317627,
            "net_income_4q": null,
            "revenue": 2281740,
            "revenue_4q": null,
            "common_shares": 2801836,
            "book_valuer_per_share": 20.83,
            "book_valuer_per_share_4q_avg": 20.15,
            "equity": 5837227,
            "current_ratio": 96.33,
            "debt_ratio": 42.02,
            "inventory_turnover_ratio": 2.01,
            "account_receivable_turnover_ratio": null,
            "reinvestment_rate": 0.24,
            "research_to_sale_ratio": null,
            "price_fair": 130.76,
            "eps_avg_yearly": 3.74,
            "eps_latest_yearly": 4.52,
            "eps_growth_yearly": 393.35
        },
        "20054": {
            "year_quarter": 20054,
            "year": 2005,
            "quarter": 4,
            "eps": 0.98,
            "eps_growth_year": 44.12,
            "eps_4q": 4.09,
            "eps_4q_growth_year": 0.56,
            "roe": 4.54,
            "roe_4q": 20.27,
            "gross_profit": 570409,
            "gross_margin": 17.95,
            "gross_margin_4q_avg": 15.3,
            "net_income": 275024,
            "net_income_4q": null,
            "revenue": 3178374,
            "revenue_4q": null,
            "common_shares": 2801836,
            "book_valuer_per_share": 21.41,
            "book_valuer_per_share_4q_avg": 20.38,
            "equity": 6279928,
            "current_ratio": 146.44,
            "debt_ratio": 60.87,
            "inventory_turnover_ratio": 0.81,
            "account_receivable_turnover_ratio": null,
            "reinvestment_rate": 34.97,
            "research_to_sale_ratio": null,
            "price_fair": 131.16,
            "eps_avg_yearly": 3.75,
            "eps_latest_yearly": 3.92,
            "eps_growth_yearly": 365.45
        },
        "20061": {
            "year_quarter": 20061,
            "year": 2006,
            "quarter": 1,
            "eps": 1.13,
            "eps_growth_year": 126,
            "eps_4q": 4.72,
            "eps_4q_growth_year": 43.78,
            "roe": 5.07,
            "roe_4q": 22.9,
            "gross_profit": 368217,
            "gross_margin": 15.91,
            "gross_margin_4q_avg": 16.02,
            "net_income": 317512,
            "net_income_4q": null,
            "revenue": 2313726,
            "revenue_4q": null,
            "common_shares": 2801836,
            "book_valuer_per_share": 22.31,
            "book_valuer_per_share_4q_avg": 20.79,
            "equity": 6251519,
            "current_ratio": 118.58,
            "debt_ratio": 33.2,
            "inventory_turnover_ratio": 0.65,
            "account_receivable_turnover_ratio": null,
            "reinvestment_rate": 1.95,
            "research_to_sale_ratio": null,
            "price_fair": 129.59,
            "eps_avg_yearly": 3.7,
            "eps_latest_yearly": 4.52,
            "eps_growth_yearly": 96.55
        },
        "20062": {
            "year_quarter": 20062,
            "year": 2006,
            "quarter": 2,
            "eps": 0.93,
            "eps_growth_year": -37.16,
            "eps_4q": 4.18,
            "eps_4q_growth_year": 15.75,
            "roe": 4.36,
            "roe_4q": 19.72,
            "gross_profit": 174046,
            "gross_margin": 11.66,
            "gross_margin_4q_avg": 15.91,
            "net_income": 260091,
            "net_income_4q": null,
            "revenue": 1492786,
            "revenue_4q": null,
            "common_shares": 2801836,
            "book_valuer_per_share": 20.3,
            "book_valuer_per_share_4q_avg": 21.21,
            "equity": 5688694,
            "current_ratio": 91.72,
            "debt_ratio": 36.43,
            "inventory_turnover_ratio": 2.05,
            "account_receivable_turnover_ratio": null,
            "reinvestment_rate": 2.54,
            "research_to_sale_ratio": null,
            "price_fair": 131.95,
            "eps_avg_yearly": 3.77,
            "eps_latest_yearly": 3.72,
            "eps_growth_yearly": 104.53
        },
        "20063": {
            "year_quarter": 20063,
            "year": 2006,
            "quarter": 3,
            "eps": 0.86,
            "eps_growth_year": -23.89,
            "eps_4q": 3.89,
            "eps_4q_growth_year": 2.87,
            "roe": 4.11,
            "roe_4q": 18.080000000000002,
            "gross_profit": 341598,
            "gross_margin": 13.6,
            "gross_margin_4q_avg": 14.78,
            "net_income": 241696,
            "net_income_4q": null,
            "revenue": 2512565,
            "revenue_4q": null,
            "common_shares": 2801836,
            "book_valuer_per_share": 21.65,
            "book_valuer_per_share_4q_avg": 21.42,
            "equity": 6065350,
            "current_ratio": 95.61,
            "debt_ratio": 41.19,
            "inventory_turnover_ratio": 2.54,
            "account_receivable_turnover_ratio": null,
            "reinvestment_rate": 2.33,
            "research_to_sale_ratio": null,
            "price_fair": 134.75,
            "eps_avg_yearly": 3.85,
            "eps_latest_yearly": 3.44,
            "eps_growth_yearly": 107.19
        },
        "20064": {
            "year_quarter": 20064,
            "year": 2006,
            "quarter": 4,
            "eps": 0.69,
            "eps_growth_year": -29.59,
            "eps_4q": 3.61,
            "eps_4q_growth_year": -11.74,
            "roe": 3.1,
            "roe_4q": 16.64,
            "gross_profit": 381925,
            "gross_margin": 14.11,
            "gross_margin_4q_avg": 13.82,
            "net_income": 193465,
            "net_income_4q": null,
            "revenue": 2705917,
            "revenue_4q": null,
            "common_shares": 2801836,
            "book_valuer_per_share": 22.26,
            "book_valuer_per_share_4q_avg": 21.63,
            "equity": 6432143,
            "current_ratio": 141.01,
            "debt_ratio": 62.22,
            "inventory_turnover_ratio": 0.7,
            "account_receivable_turnover_ratio": null,
            "reinvestment_rate": 35.25,
            "research_to_sale_ratio": null,
            "price_fair": 138.34,
            "eps_avg_yearly": 3.95,
            "eps_latest_yearly": 2.76,
            "eps_growth_yearly": 114.29
        },
        "20071": {
            "year_quarter": 20071,
            "year": 2007,
            "quarter": 1,
            "eps": 1.44,
            "eps_growth_year": 27.43,
            "eps_4q": 3.91,
            "eps_4q_growth_year": -16.99,
            "roe": 6.12,
            "roe_4q": 17.69,
            "gross_profit": 371586,
            "gross_margin": 14.36,
            "gross_margin_4q_avg": 13.43,
            "net_income": 404627,
            "net_income_4q": null,
            "revenue": 2587669,
            "revenue_4q": null,
            "common_shares": 2801836,
            "book_valuer_per_share": 24.21,
            "book_valuer_per_share_4q_avg": 22.11,
            "equity": 6782352,
            "current_ratio": 102.46,
            "debt_ratio": 35.39,
            "inventory_turnover_ratio": 0.71,
            "account_receivable_turnover_ratio": null,
            "reinvestment_rate": 1.73,
            "research_to_sale_ratio": null,
            "price_fair": 139.21,
            "eps_avg_yearly": 3.98,
            "eps_latest_yearly": 5.76,
            "eps_growth_yearly": 46.82
        },
        "20072": {
            "year_quarter": 20072,
            "year": 2007,
            "quarter": 2,
            "eps": 1.71,
            "eps_growth_year": 83.87,
            "eps_4q": 4.71,
            "eps_4q_growth_year": 12.61,
            "roe": 7.26,
            "roe_4q": 20.59,
            "gross_profit": 261923,
            "gross_margin": 13.78,
            "gross_margin_4q_avg": 13.96,
            "net_income": 478366,
            "net_income_4q": null,
            "revenue": 1901131,
            "revenue_4q": null,
            "common_shares": 2801836,
            "book_valuer_per_share": 22.82,
            "book_valuer_per_share_4q_avg": 22.74,
            "equity": 6393395,
            "current_ratio": 83.75,
            "debt_ratio": 41.2,
            "inventory_turnover_ratio": 2.02,
            "account_receivable_turnover_ratio": null,
            "reinvestment_rate": 1.11,
            "research_to_sale_ratio": null,
            "price_fair": 146.21,
            "eps_avg_yearly": 4.18,
            "eps_latest_yearly": 6.84,
            "eps_growth_yearly": 59.53
        },
        "20073": {
            "year_quarter": 20073,
            "year": 2007,
            "quarter": 3,
            "eps": 1.69,
            "eps_growth_year": 96.51,
            "eps_4q": 5.53,
            "eps_4q_growth_year": 41.96,
            "roe": 7.06,
            "roe_4q": 23.540000000000003,
            "gross_profit": 443568,
            "gross_margin": 14.98,
            "gross_margin_4q_avg": 14.31,
            "net_income": 474026,
            "net_income_4q": null,
            "revenue": 2960711,
            "revenue_4q": null,
            "common_shares": 2801836,
            "book_valuer_per_share": 25.11,
            "book_valuer_per_share_4q_avg": 23.6,
            "equity": 7034755,
            "current_ratio": 89.27,
            "debt_ratio": 42.61,
            "inventory_turnover_ratio": 2.21,
            "account_receivable_turnover_ratio": null,
            "reinvestment_rate": 1.09,
            "research_to_sale_ratio": null,
            "price_fair": 155.49,
            "eps_avg_yearly": 4.44,
            "eps_latest_yearly": 6.76,
            "eps_growth_yearly": 66.93
        },
        "20074": {
            "year_quarter": 20074,
            "year": 2007,
            "quarter": 4,
            "eps": 1.63,
            "eps_growth_year": 136.23,
            "eps_4q": 6.48,
            "eps_4q_growth_year": 79.48,
            "roe": 6.12,
            "roe_4q": 26.56,
            "gross_profit": 524709,
            "gross_margin": 14.4,
            "gross_margin_4q_avg": 14.38,
            "net_income": 455790,
            "net_income_4q": null,
            "revenue": 3642942,
            "revenue_4q": null,
            "common_shares": 2801836,
            "book_valuer_per_share": 27.34,
            "book_valuer_per_share_4q_avg": 24.87,
            "equity": 7867388,
            "current_ratio": 142.9,
            "debt_ratio": 63,
            "inventory_turnover_ratio": 0.83,
            "account_receivable_turnover_ratio": null,
            "reinvestment_rate": 34.03,
            "research_to_sale_ratio": null,
            "price_fair": 159.6,
            "eps_avg_yearly": 4.56,
            "eps_latest_yearly": 6.52,
            "eps_growth_yearly": 45.01
        },
        "20081": {
            "year_quarter": 20081,
            "year": 2008,
            "quarter": 1,
            "eps": 1.22,
            "eps_growth_year": -15.28,
            "eps_4q": 5.47,
            "eps_4q_growth_year": 39.63,
            "roe": 4.87,
            "roe_4q": 25.310000000000002,
            "gross_profit": 1862377,
            "gross_margin": 19.89,
            "gross_margin_4q_avg": 15.76,
            "net_income": 390396,
            "net_income_4q": null,
            "revenue": 9362906,
            "revenue_4q": null,
            "common_shares": 2801836,
            "book_valuer_per_share": 28.14,
            "book_valuer_per_share_4q_avg": 25.85,
            "equity": 8151862,
            "current_ratio": 140.43,
            "debt_ratio": 62.54,
            "inventory_turnover_ratio": 1.21,
            "account_receivable_turnover_ratio": null,
            "reinvestment_rate": 65.56,
            "research_to_sale_ratio": null,
            "price_fair": 159.16,
            "eps_avg_yearly": 4.55,
            "eps_latest_yearly": 4.88,
            "eps_growth_yearly": 36.35
        },
        "20082": {
            "year_quarter": 20082,
            "year": 2008,
            "quarter": 2,
            "eps": 2.39,
            "eps_growth_year": 39.77,
            "eps_4q": 6.88,
            "eps_4q_growth_year": 46.05,
            "roe": 8.38,
            "roe_4q": 26.43,
            "gross_profit": 2289059,
            "gross_margin": 22.61,
            "gross_margin_4q_avg": 17.97,
            "net_income": 674165,
            "net_income_4q": null,
            "revenue": 10125684,
            "revenue_4q": null,
            "common_shares": 2801836,
            "book_valuer_per_share": 27.37,
            "book_valuer_per_share_4q_avg": 26.99,
            "equity": 7932078,
            "current_ratio": 131.89,
            "debt_ratio": 66.94,
            "inventory_turnover_ratio": 1.22,
            "account_receivable_turnover_ratio": null,
            "reinvestment_rate": 67.9,
            "research_to_sale_ratio": null,
            "price_fair": 169.84,
            "eps_avg_yearly": 4.85,
            "eps_latest_yearly": 9.56,
            "eps_growth_yearly": 62.29
        },
        "20083": {
            "year_quarter": 20083,
            "year": 2008,
            "quarter": 3,
            "eps": 2.98,
            "eps_growth_year": 76.33,
            "eps_4q": 7.81,
            "eps_4q_growth_year": 41.32,
            "roe": 10.58,
            "roe_4q": 29.950000000000003,
            "gross_profit": 2735122,
            "gross_margin": 24.15,
            "gross_margin_4q_avg": 20.26,
            "net_income": 896447,
            "net_income_4q": null,
            "revenue": 11324869,
            "revenue_4q": null,
            "common_shares": 2958872,
            "book_valuer_per_share": 29.56,
            "book_valuer_per_share_4q_avg": 28.1,
            "equity": 9013979,
            "current_ratio": 135.72,
            "debt_ratio": 65.63,
            "inventory_turnover_ratio": 1.17,
            "account_receivable_turnover_ratio": null,
            "reinvestment_rate": 66.1,
            "research_to_sale_ratio": null,
            "price_fair": 187.6,
            "eps_avg_yearly": 5.36,
            "eps_latest_yearly": 11.92,
            "eps_growth_yearly": 73.16
        },
        "20084": {
            "year_quarter": 20084,
            "year": 2008,
            "quarter": 4,
            "eps": 1.9,
            "eps_growth_year": 16.56,
            "eps_4q": 8.11,
            "eps_4q_growth_year": 25.09,
            "roe": 6.19,
            "roe_4q": 30.02,
            "gross_profit": 2357170,
            "gross_margin": 22.11,
            "gross_margin_4q_avg": 22.19,
            "net_income": 575654,
            "net_income_4q": null,
            "revenue": 10662339,
            "revenue_4q": null,
            "common_shares": 2958872,
            "book_valuer_per_share": 31.39,
            "book_valuer_per_share_4q_avg": 29.12,
            "equity": 9597234,
            "current_ratio": 133.23,
            "debt_ratio": 62.98,
            "inventory_turnover_ratio": 0.99,
            "account_receivable_turnover_ratio": 2.46,
            "reinvestment_rate": 41.04,
            "research_to_sale_ratio": null,
            "price_fair": 198.28,
            "eps_avg_yearly": 5.67,
            "eps_latest_yearly": 7.6,
            "eps_growth_yearly": 71.21
        },
        "20091": {
            "year_quarter": 20091,
            "year": 2009,
            "quarter": 1,
            "eps": 1.63,
            "eps_growth_year": 33.61,
            "eps_4q": 8.79,
            "eps_4q_growth_year": 60.76,
            "roe": 4.89,
            "roe_4q": 30.04,
            "gross_profit": 2139133,
            "gross_margin": 21.52,
            "gross_margin_4q_avg": 22.6,
            "net_income": 482153,
            "net_income_4q": null,
            "revenue": 9941013,
            "revenue_4q": null,
            "common_shares": 2958872,
            "book_valuer_per_share": 33.26,
            "book_valuer_per_share_4q_avg": 30.4,
            "equity": 10132165,
            "current_ratio": 141.14,
            "debt_ratio": 61.84,
            "inventory_turnover_ratio": 0.92,
            "account_receivable_turnover_ratio": 1.16,
            "reinvestment_rate": 63.55,
            "research_to_sale_ratio": null,
            "price_fair": 208.16,
            "eps_avg_yearly": 5.95,
            "eps_latest_yearly": 6.52,
            "eps_growth_yearly": 74.27
        },
        "20092": {
            "year_quarter": 20092,
            "year": 2009,
            "quarter": 2,
            "eps": 2.58,
            "eps_growth_year": 7.95,
            "eps_4q": 8.82,
            "eps_4q_growth_year": 28.23,
            "roe": 7.72,
            "roe_4q": 29.380000000000003,
            "gross_profit": 2637942,
            "gross_margin": 27.19,
            "gross_margin_4q_avg": 23.74,
            "net_income": 787195,
            "net_income_4q": null,
            "revenue": 9701281,
            "revenue_4q": null,
            "common_shares": 2958872,
            "book_valuer_per_share": 33.66,
            "book_valuer_per_share_4q_avg": 31.97,
            "equity": 10273437,
            "current_ratio": 145.89,
            "debt_ratio": 58.2,
            "inventory_turnover_ratio": 0.92,
            "account_receivable_turnover_ratio": 1.26,
            "reinvestment_rate": 60.64,
            "research_to_sale_ratio": null,
            "price_fair": 217.79,
            "eps_avg_yearly": 6.22,
            "eps_latest_yearly": 10.32,
            "eps_growth_yearly": 39.84
        },
        "20093": {
            "year_quarter": 20093,
            "year": 2009,
            "quarter": 3,
            "eps": 1.58,
            "eps_growth_year": -46.98,
            "eps_4q": 6.54,
            "eps_4q_growth_year": -16.32,
            "roe": 5.45,
            "roe_4q": 24.25,
            "gross_profit": 2419443,
            "gross_margin": 24.02,
            "gross_margin_4q_avg": 23.71,
            "net_income": 573329,
            "net_income_4q": null,
            "revenue": 10073116,
            "revenue_4q": null,
            "common_shares": 3550646,
            "book_valuer_per_share": 29.54,
            "book_valuer_per_share_4q_avg": 31.96,
            "equity": 10778010,
            "current_ratio": 152.24,
            "debt_ratio": 57.26,
            "inventory_turnover_ratio": 1.08,
            "account_receivable_turnover_ratio": 1.43,
            "reinvestment_rate": 59.02,
            "research_to_sale_ratio": null,
            "price_fair": 221.73,
            "eps_avg_yearly": 6.34,
            "eps_latest_yearly": 6.32,
            "eps_growth_yearly": 36.07
        },
        "20094": {
            "year_quarter": 20094,
            "year": 2009,
            "quarter": 4,
            "eps": 1.61,
            "eps_growth_year": -15.26,
            "eps_4q": 6.71,
            "eps_4q_growth_year": -17.27,
            "roe": 5.27,
            "roe_4q": 23.33,
            "gross_profit": 2233202,
            "gross_margin": 23.96,
            "gross_margin_4q_avg": 24.17,
            "net_income": 579283,
            "net_income_4q": null,
            "revenue": 9320455,
            "revenue_4q": null,
            "common_shares": 3550646,
            "book_valuer_per_share": 30.78,
            "book_valuer_per_share_4q_avg": 31.81,
            "equity": 11215525,
            "current_ratio": 150.64,
            "debt_ratio": 54.62,
            "inventory_turnover_ratio": 0.98,
            "account_receivable_turnover_ratio": 2.56,
            "reinvestment_rate": 149.26,
            "research_to_sale_ratio": null,
            "price_fair": 227.24,
            "eps_avg_yearly": 6.49,
            "eps_latest_yearly": 6.44,
            "eps_growth_yearly": 39.86
        },
        "20101": {
            "year_quarter": 20101,
            "year": 2010,
            "quarter": 1,
            "eps": 2.15,
            "eps_growth_year": 31.9,
            "eps_4q": 7.5,
            "eps_4q_growth_year": -14.67,
            "roe": 6.72,
            "roe_4q": 25.159999999999997,
            "gross_profit": 2512402,
            "gross_margin": 24.47,
            "gross_margin_4q_avg": 24.91,
            "net_income": 773508,
            "net_income_4q": null,
            "revenue": 10266695,
            "revenue_4q": null,
            "common_shares": 3550646,
            "book_valuer_per_share": 32.48,
            "book_valuer_per_share_4q_avg": 31.62,
            "equity": 11820556,
            "current_ratio": 156.68,
            "debt_ratio": 57.42,
            "inventory_turnover_ratio": 1.06,
            "account_receivable_turnover_ratio": 1.27,
            "reinvestment_rate": 180.18,
            "research_to_sale_ratio": 0.97,
            "price_fair": 236.16,
            "eps_avg_yearly": 6.75,
            "eps_latest_yearly": 8.6,
            "eps_growth_yearly": 44.42
        },
        "20102": {
            "year_quarter": 20102,
            "year": 2010,
            "quarter": 2,
            "eps": 2.3,
            "eps_growth_year": -11.01,
            "eps_4q": 7.64,
            "eps_4q_growth_year": -13.4,
            "roe": 7.2,
            "roe_4q": 24.639999999999997,
            "gross_profit": 2827924,
            "gross_margin": 25.36,
            "gross_margin_4q_avg": 24.45,
            "net_income": 827096,
            "net_income_4q": null,
            "revenue": 11149944,
            "revenue_4q": null,
            "common_shares": 3550646,
            "book_valuer_per_share": 30.53,
            "book_valuer_per_share_4q_avg": 30.83,
            "equity": 11155454,
            "current_ratio": 140.3,
            "debt_ratio": 62.9,
            "inventory_turnover_ratio": 1.09,
            "account_receivable_turnover_ratio": 1.34,
            "reinvestment_rate": 191.26,
            "research_to_sale_ratio": 1.2,
            "price_fair": 248.15,
            "eps_avg_yearly": 7.09,
            "eps_latest_yearly": 9.2,
            "eps_growth_yearly": 50.59
        },
        "20103": {
            "year_quarter": 20103,
            "year": 2010,
            "quarter": 3,
            "eps": 2.04,
            "eps_growth_year": 29.34,
            "eps_4q": 7.78,
            "eps_4q_growth_year": 18.97,
            "roe": 6.11,
            "roe_4q": 25.3,
            "gross_profit": 2898142,
            "gross_margin": 24.22,
            "gross_margin_4q_avg": 24.5,
            "net_income": 763789,
            "net_income_4q": null,
            "revenue": 11966495,
            "revenue_4q": null,
            "common_shares": 3750646,
            "book_valuer_per_share": 36.06,
            "book_valuer_per_share_4q_avg": 32.46,
            "equity": 13848647,
            "current_ratio": 159.72,
            "debt_ratio": 56.52,
            "inventory_turnover_ratio": 1.1,
            "account_receivable_turnover_ratio": 1.44,
            "reinvestment_rate": 189.77,
            "research_to_sale_ratio": 0.96,
            "price_fair": 258.48,
            "eps_avg_yearly": 7.39,
            "eps_latest_yearly": 8.16,
            "eps_growth_yearly": 49.64
        },
        "20104": {
            "year_quarter": 20104,
            "year": 2010,
            "quarter": 4,
            "eps": 0.63,
            "eps_growth_year": -60.79,
            "eps_4q": 6.88,
            "eps_4q_growth_year": 2.56,
            "roe": 1.66,
            "roe_4q": 21.69,
            "gross_profit": 2465234,
            "gross_margin": 22.74,
            "gross_margin_4q_avg": 24.2,
            "net_income": 224003,
            "net_income_4q": null,
            "revenue": 10841022,
            "revenue_4q": null,
            "common_shares": 3750646,
            "book_valuer_per_share": 34.46,
            "book_valuer_per_share_4q_avg": 33.38,
            "equity": 13219012,
            "current_ratio": 161.31,
            "debt_ratio": 56.31,
            "inventory_turnover_ratio": 0.98,
            "account_receivable_turnover_ratio": 1.22,
            "reinvestment_rate": 147.13,
            "research_to_sale_ratio": 1.28,
            "price_fair": 257.95,
            "eps_avg_yearly": 7.37,
            "eps_latest_yearly": 2.52,
            "eps_growth_yearly": 37.31
        },
        "20111": {
            "year_quarter": 20111,
            "year": 2011,
            "quarter": 1,
            "eps": 1.63,
            "eps_growth_year": -24.19,
            "eps_4q": 6.48,
            "eps_4q_growth_year": -13.59,
            "roe": 4.55,
            "roe_4q": 19.52,
            "gross_profit": 2335349,
            "gross_margin": 21.51,
            "gross_margin_4q_avg": 23.46,
            "net_income": 621313,
            "net_income_4q": null,
            "revenue": 10857198,
            "revenue_4q": null,
            "common_shares": 3750646,
            "book_valuer_per_share": 36.79,
            "book_valuer_per_share_4q_avg": 34.46,
            "equity": 14102364,
            "current_ratio": 164.11,
            "debt_ratio": 55.53,
            "inventory_turnover_ratio": 0.97,
            "account_receivable_turnover_ratio": 1.17,
            "reinvestment_rate": 181.64,
            "research_to_sale_ratio": 1.41,
            "price_fair": 259.61,
            "eps_avg_yearly": 7.42,
            "eps_latest_yearly": 6.52,
            "eps_growth_yearly": 49.81
        },
        "20112": {
            "year_quarter": 20112,
            "year": 2011,
            "quarter": 2,
            "eps": 2.17,
            "eps_growth_year": -5.67,
            "eps_4q": 6.47,
            "eps_4q_growth_year": -15.33,
            "roe": 6.12,
            "roe_4q": 18.44,
            "gross_profit": 2758171,
            "gross_margin": 23.02,
            "gross_margin_4q_avg": 22.87,
            "net_income": 827795,
            "net_income_4q": null,
            "revenue": 11982503,
            "revenue_4q": null,
            "common_shares": 3750646,
            "book_valuer_per_share": 33.73,
            "book_valuer_per_share_4q_avg": 35.26,
            "equity": 12968952,
            "current_ratio": 153.76,
            "debt_ratio": 58.21,
            "inventory_turnover_ratio": 1.05,
            "account_receivable_turnover_ratio": 1.39,
            "reinvestment_rate": 188.34,
            "research_to_sale_ratio": 1.22,
            "price_fair": 263.64,
            "eps_avg_yearly": 7.53,
            "eps_latest_yearly": 8.68,
            "eps_growth_yearly": 53.41
        },
        "20113": {
            "year_quarter": 20113,
            "year": 2011,
            "quarter": 3,
            "eps": 2.38,
            "eps_growth_year": 16.62,
            "eps_4q": 6.81,
            "eps_4q_growth_year": -12.44,
            "roe": 6.55,
            "roe_4q": 18.88,
            "gross_profit": 2737176,
            "gross_margin": 21.43,
            "gross_margin_4q_avg": 22.18,
            "net_income": 901484,
            "net_income_4q": null,
            "revenue": 12771672,
            "revenue_4q": null,
            "common_shares": 3750646,
            "book_valuer_per_share": 37.91,
            "book_valuer_per_share_4q_avg": 35.72,
            "equity": 14574393,
            "current_ratio": 155.76,
            "debt_ratio": 57.77,
            "inventory_turnover_ratio": 1.1,
            "account_receivable_turnover_ratio": 1.52,
            "reinvestment_rate": 197.31,
            "research_to_sale_ratio": 1.17,
            "price_fair": 269.68,
            "eps_avg_yearly": 7.71,
            "eps_latest_yearly": 9.52,
            "eps_growth_yearly": 56.12
        },
        "20114": {
            "year_quarter": 20114,
            "year": 2011,
            "quarter": 4,
            "eps": 1.86,
            "eps_growth_year": 194.55,
            "eps_4q": 8.04,
            "eps_4q_growth_year": 16.82,
            "roe": 4.59,
            "roe_4q": 21.810000000000002,
            "gross_profit": 2723220,
            "gross_margin": 23.13,
            "gross_margin_4q_avg": 22.27,
            "net_income": 685225,
            "net_income_4q": null,
            "revenue": 11772224,
            "revenue_4q": null,
            "common_shares": 3750646,
            "book_valuer_per_share": 39.89,
            "book_valuer_per_share_4q_avg": 37.08,
            "equity": 15296047,
            "current_ratio": 158.7,
            "debt_ratio": 55.18,
            "inventory_turnover_ratio": 0.89,
            "account_receivable_turnover_ratio": 1.31,
            "reinvestment_rate": 169.12,
            "research_to_sale_ratio": 1.18,
            "price_fair": 271.69,
            "eps_avg_yearly": 7.76,
            "eps_latest_yearly": 7.44,
            "eps_growth_yearly": 51.55
        },
        "20121": {
            "year_quarter": 20121,
            "year": 2012,
            "quarter": 1,
            "eps": 1.78,
            "eps_growth_year": 9.2,
            "eps_4q": 8.19,
            "eps_4q_growth_year": 26.38,
            "roe": 4.32,
            "roe_4q": 21.580000000000002,
            "gross_profit": 2650087,
            "gross_margin": 20.71,
            "gross_margin_4q_avg": 22.07,
            "net_income": 667517,
            "net_income_4q": null,
            "revenue": 12796603,
            "revenue_4q": null,
            "common_shares": 3750646,
            "book_valuer_per_share": 40.86,
            "book_valuer_per_share_4q_avg": 38.1,
            "equity": 15637386,
            "current_ratio": 152.92,
            "debt_ratio": 55.99,
            "inventory_turnover_ratio": 0.99,
            "account_receivable_turnover_ratio": 1.34,
            "reinvestment_rate": 164.64,
            "research_to_sale_ratio": 1.17,
            "price_fair": 276.59,
            "eps_avg_yearly": 7.9,
            "eps_latest_yearly": 7.12,
            "eps_growth_yearly": 56.76
        },
        "20122": {
            "year_quarter": 20122,
            "year": 2012,
            "quarter": 2,
            "eps": 2.04,
            "eps_growth_year": -5.86,
            "eps_4q": 8.06,
            "eps_4q_growth_year": 24.57,
            "roe": 5.13,
            "roe_4q": 20.59,
            "gross_profit": 2902986,
            "gross_margin": 21.77,
            "gross_margin_4q_avg": 21.76,
            "net_income": 768354,
            "net_income_4q": null,
            "revenue": 13335600,
            "revenue_4q": null,
            "common_shares": 3750646,
            "book_valuer_per_share": 37.29,
            "book_valuer_per_share_4q_avg": 38.99,
            "equity": 14309096,
            "current_ratio": 140.08,
            "debt_ratio": 61.11,
            "inventory_turnover_ratio": 1.01,
            "account_receivable_turnover_ratio": 1.39,
            "reinvestment_rate": 168.44,
            "research_to_sale_ratio": 1.12,
            "price_fair": 273.53,
            "eps_avg_yearly": 7.82,
            "eps_latest_yearly": 8.16,
            "eps_growth_yearly": 36.44
        },
        "20123": {
            "year_quarter": 20123,
            "year": 2012,
            "quarter": 3,
            "eps": 2.35,
            "eps_growth_year": -1.23,
            "eps_4q": 8.03,
            "eps_4q_growth_year": 17.93,
            "roe": 5.95,
            "roe_4q": 19.990000000000002,
            "gross_profit": 3297076,
            "gross_margin": 21.98,
            "gross_margin_4q_avg": 21.9,
            "net_income": 877247,
            "net_income_4q": null,
            "revenue": 14998089,
            "revenue_4q": null,
            "common_shares": 3750646,
            "book_valuer_per_share": 39.62,
            "book_valuer_per_share_4q_avg": 39.42,
            "equity": 15181899,
            "current_ratio": 140.38,
            "debt_ratio": 61.3,
            "inventory_turnover_ratio": 1.08,
            "account_receivable_turnover_ratio": 1.6,
            "reinvestment_rate": 171.62,
            "research_to_sale_ratio": 1.1,
            "price_fair": 268.01,
            "eps_avg_yearly": 7.66,
            "eps_latest_yearly": 9.4,
            "eps_growth_yearly": 34.06
        },
        "20124": {
            "year_quarter": 20124,
            "year": 2012,
            "quarter": 4,
            "eps": 1.85,
            "eps_growth_year": -0.43,
            "eps_4q": 8.02,
            "eps_4q_growth_year": -0.19,
            "roe": 4.38,
            "roe_4q": 19.78,
            "gross_profit": 2860604,
            "gross_margin": 22.16,
            "gross_margin_4q_avg": 21.66,
            "net_income": 677221,
            "net_income_4q": null,
            "revenue": 12911109,
            "revenue_4q": null,
            "common_shares": 3750646,
            "book_valuer_per_share": 41.2,
            "book_valuer_per_share_4q_avg": 39.74,
            "equity": 15727949,
            "current_ratio": 144.21,
            "debt_ratio": 59.61,
            "inventory_turnover_ratio": 0.89,
            "account_receivable_turnover_ratio": 1.28,
            "reinvestment_rate": 169.02,
            "research_to_sale_ratio": 1.34,
            "price_fair": 267.58,
            "eps_avg_yearly": 7.65,
            "eps_latest_yearly": 7.4,
            "eps_growth_yearly": 37.8
        },
        "20131": {
            "year_quarter": 20131,
            "year": 2013,
            "quarter": 1,
            "eps": 2.36,
            "eps_growth_year": 32.58,
            "eps_4q": 8.61,
            "eps_4q_growth_year": 5.15,
            "roe": 5.44,
            "roe_4q": 20.9,
            "gross_profit": 2800723,
            "gross_margin": 21.15,
            "gross_margin_4q_avg": 21.77,
            "net_income": 886064,
            "net_income_4q": null,
            "revenue": 13240567,
            "revenue_4q": null,
            "common_shares": 3750646,
            "book_valuer_per_share": 44.18,
            "book_valuer_per_share_4q_avg": 40.57,
            "equity": 16830515,
            "current_ratio": 146.92,
            "debt_ratio": 58.87,
            "inventory_turnover_ratio": 0.93,
            "account_receivable_turnover_ratio": 1.25,
            "reinvestment_rate": 23.84,
            "research_to_sale_ratio": 1.3,
            "price_fair": 273.96,
            "eps_avg_yearly": 7.83,
            "eps_latest_yearly": 9.44,
            "eps_growth_yearly": 48.25
        },
        "20132": {
            "year_quarter": 20132,
            "year": 2013,
            "quarter": 2,
            "eps": 2.22,
            "eps_growth_year": 8.9,
            "eps_4q": 8.79,
            "eps_4q_growth_year": 9.01,
            "roe": 5.11,
            "roe_4q": 20.88,
            "gross_profit": 2983391,
            "gross_margin": 21.38,
            "gross_margin_4q_avg": 21.67,
            "net_income": 831820,
            "net_income_4q": null,
            "revenue": 13954098,
            "revenue_4q": null,
            "common_shares": 3750646,
            "book_valuer_per_share": 41.24,
            "book_valuer_per_share_4q_avg": 41.56,
            "equity": 15717456,
            "current_ratio": 136.05,
            "debt_ratio": 62.83,
            "inventory_turnover_ratio": 0.98,
            "account_receivable_turnover_ratio": 1.41,
            "reinvestment_rate": 25.97,
            "research_to_sale_ratio": 1.22,
            "price_fair": 270.81,
            "eps_avg_yearly": 7.74,
            "eps_latest_yearly": 8.88,
            "eps_growth_yearly": 32.2
        },
        "20133": {
            "year_quarter": 20133,
            "year": 2013,
            "quarter": 3,
            "eps": 2.47,
            "eps_growth_year": 4.93,
            "eps_4q": 8.9,
            "eps_4q_growth_year": 10.85,
            "roe": 5.68,
            "roe_4q": 20.61,
            "gross_profit": 3144257,
            "gross_margin": 21.09,
            "gross_margin_4q_avg": 21.45,
            "net_income": 916879,
            "net_income_4q": null,
            "revenue": 14911472,
            "revenue_4q": null,
            "common_shares": 3750646,
            "book_valuer_per_share": 43.55,
            "book_valuer_per_share_4q_avg": 42.54,
            "equity": 16575099,
            "current_ratio": 141.84,
            "debt_ratio": 60.1,
            "inventory_turnover_ratio": 1.05,
            "account_receivable_turnover_ratio": 1.68,
            "reinvestment_rate": 25.25,
            "research_to_sale_ratio": 1.14,
            "price_fair": 278.6,
            "eps_avg_yearly": 7.96,
            "eps_latest_yearly": 9.88,
            "eps_growth_yearly": 44.7
        },
        "20134": {
            "year_quarter": 20134,
            "year": 2013,
            "quarter": 4,
            "eps": 2.29,
            "eps_growth_year": 23.86,
            "eps_4q": 9.34,
            "eps_4q_growth_year": 16.47,
            "roe": 4.74,
            "roe_4q": 20.970000000000002,
            "gross_profit": 2755378,
            "gross_margin": 22.43,
            "gross_margin_4q_avg": 21.51,
            "net_income": 808589,
            "net_income_4q": null,
            "revenue": 12285718,
            "revenue_4q": null,
            "common_shares": 3750646,
            "book_valuer_per_share": 46.36,
            "book_valuer_per_share_4q_avg": 43.83,
            "equity": 17569606,
            "current_ratio": 148.3,
            "debt_ratio": 56.62,
            "inventory_turnover_ratio": 0.85,
            "account_receivable_turnover_ratio": 1.31,
            "reinvestment_rate": -56.11,
            "research_to_sale_ratio": 1.56,
            "price_fair": 284.55,
            "eps_avg_yearly": 8.13,
            "eps_latest_yearly": 9.16,
            "eps_growth_yearly": 42.4
        },
        "20141": {
            "year_quarter": 20141,
            "year": 2014,
            "quarter": 1,
            "eps": 2.83,
            "eps_growth_year": 19.92,
            "eps_4q": 9.81,
            "eps_4q_growth_year": 13.9,
            "roe": 5.87,
            "roe_4q": 21.4,
            "gross_profit": 3121278,
            "gross_margin": 21.98,
            "gross_margin_4q_avg": 21.72,
            "net_income": 1066069,
            "net_income_4q": null,
            "revenue": 14199655,
            "revenue_4q": null,
            "common_shares": 3750646,
            "book_valuer_per_share": 49.44,
            "book_valuer_per_share_4q_avg": 45.15,
            "equity": 18737157,
            "current_ratio": 150.04,
            "debt_ratio": 56.85,
            "inventory_turnover_ratio": 1,
            "account_receivable_turnover_ratio": 1.35,
            "reinvestment_rate": -58.29,
            "research_to_sale_ratio": 1.24,
            "price_fair": 290.5,
            "eps_avg_yearly": 8.3,
            "eps_latest_yearly": 11.32,
            "eps_growth_yearly": 39.91
        },
        "20142": {
            "year_quarter": 20142,
            "year": 2014,
            "quarter": 2,
            "eps": 2.29,
            "eps_growth_year": 3.15,
            "eps_4q": 9.88,
            "eps_4q_growth_year": 12.46,
            "roe": 4.81,
            "roe_4q": 21.1,
            "gross_profit": 3585235,
            "gross_margin": 23.68,
            "gross_margin_4q_avg": 22.3,
            "net_income": 861905,
            "net_income_4q": null,
            "revenue": 15138048,
            "revenue_4q": null,
            "common_shares": 3750646,
            "book_valuer_per_share": 45.06,
            "book_valuer_per_share_4q_avg": 46.1,
            "equity": 17097025,
            "current_ratio": 140.28,
            "debt_ratio": 61.11,
            "inventory_turnover_ratio": 1.04,
            "account_receivable_turnover_ratio": 1.43,
            "reinvestment_rate": -74.99,
            "research_to_sale_ratio": 1.37,
            "price_fair": 290.41,
            "eps_avg_yearly": 8.3,
            "eps_latest_yearly": 9.16,
            "eps_growth_yearly": 33.4
        },
        "20143": {
            "year_quarter": 20143,
            "year": 2014,
            "quarter": 3,
            "eps": 3.07,
            "eps_growth_year": 24.29,
            "eps_4q": 10.48,
            "eps_4q_growth_year": 17.68,
            "roe": 6.47,
            "roe_4q": 21.89,
            "gross_profit": 3650059,
            "gross_margin": 21.86,
            "gross_margin_4q_avg": 22.49,
            "net_income": 1145033,
            "net_income_4q": null,
            "revenue": 16697213,
            "revenue_4q": null,
            "common_shares": 3750646,
            "book_valuer_per_share": 48.27,
            "book_valuer_per_share_4q_avg": 47.28,
            "equity": 18284715,
            "current_ratio": 142.94,
            "debt_ratio": 59.69,
            "inventory_turnover_ratio": 1.12,
            "account_receivable_turnover_ratio": 1.62,
            "reinvestment_rate": -78.22,
            "research_to_sale_ratio": 1.11,
            "price_fair": 299.43,
            "eps_avg_yearly": 8.56,
            "eps_latest_yearly": 12.28,
            "eps_growth_yearly": 44.74
        },
        "20144": {
            "year_quarter": 20144,
            "year": 2014,
            "quarter": 4,
            "eps": 2.78,
            "eps_growth_year": 21.25,
            "eps_4q": 10.96,
            "eps_4q_growth_year": 17.33,
            "roe": 5.46,
            "roe_4q": 22.61,
            "gross_profit": 3141329,
            "gross_margin": 22.42,
            "gross_margin_4q_avg": 22.49,
            "net_income": 1033324,
            "net_income_4q": null,
            "revenue": 14010374,
            "revenue_4q": null,
            "common_shares": 3750646,
            "book_valuer_per_share": 51.67,
            "book_valuer_per_share_4q_avg": 48.61,
            "equity": 19541727,
            "current_ratio": 149.85,
            "debt_ratio": 56.74,
            "inventory_turnover_ratio": 0.89,
            "account_receivable_turnover_ratio": 1.29,
            "reinvestment_rate": -66.36,
            "research_to_sale_ratio": 1.4,
            "price_fair": 318.24,
            "eps_avg_yearly": 9.09,
            "eps_latest_yearly": 11.12,
            "eps_growth_yearly": 59.66
        },
        "20151": {
            "year_quarter": 20151,
            "year": 2015,
            "quarter": 1,
            "eps": 2.53,
            "eps_growth_year": -10.6,
            "eps_4q": 10.66,
            "eps_4q_growth_year": 8.74,
            "roe": 4.84,
            "roe_4q": 21.58,
            "gross_profit": 3300307,
            "gross_margin": 22.62,
            "gross_margin_4q_avg": 22.65,
            "net_income": 957230,
            "net_income_4q": null,
            "revenue": 14586968,
            "revenue_4q": null,
            "common_shares": 3750646,
            "book_valuer_per_share": 52.83,
            "book_valuer_per_share_4q_avg": 49.46,
            "equity": 19983470,
            "current_ratio": 150.29,
            "debt_ratio": 56.55,
            "inventory_turnover_ratio": 0.9,
            "account_receivable_turnover_ratio": 1.27,
            "reinvestment_rate": -70.01,
            "research_to_sale_ratio": 1.3,
            "price_fair": 258.36,
            "eps_avg_yearly": 9.32,
            "eps_latest_yearly": 10.12,
            "eps_growth_yearly": 17.73
        },
        "20152": {
            "year_quarter": 20152,
            "year": 2015,
            "quarter": 2,
            "eps": 2.22,
            "eps_growth_year": -3.06,
            "eps_4q": 10.6,
            "eps_4q_growth_year": 7.27,
            "roe": 4.41,
            "roe_4q": 21.18,
            "gross_profit": 3514930,
            "gross_margin": 22.51,
            "gross_margin_4q_avg": 22.35,
            "net_income": 842479,
            "net_income_4q": null,
            "revenue": 15614462,
            "revenue_4q": null,
            "common_shares": 3750646,
            "book_valuer_per_share": 48.51,
            "book_valuer_per_share_4q_avg": 50.32,
            "equity": 18243690,
            "current_ratio": 139.89,
            "debt_ratio": 60.51,
            "inventory_turnover_ratio": 0.94,
            "account_receivable_turnover_ratio": 1.39,
            "reinvestment_rate": -80.35,
            "research_to_sale_ratio": 1.3,
            "price_fair": 152.85,
            "eps_avg_yearly": 9.33,
            "eps_latest_yearly": 8.88,
            "eps_growth_yearly": 6.38
        },
        "20153": {
            "year_quarter": 20153,
            "year": 2015,
            "quarter": 3,
            "eps": 3.24,
            "eps_growth_year": 5.54,
            "eps_4q": 10.77,
            "eps_4q_growth_year": 2.81,
            "roe": 6.34,
            "roe_4q": 21.05,
            "gross_profit": 3660502,
            "gross_margin": 21.4,
            "gross_margin_4q_avg": 22.24,
            "net_income": 1214673,
            "net_income_4q": null,
            "revenue": 17108530,
            "revenue_4q": null,
            "common_shares": 3750646,
            "book_valuer_per_share": 53.43,
            "book_valuer_per_share_4q_avg": 51.61,
            "equity": 20090914,
            "current_ratio": 148.34,
            "debt_ratio": 57.26,
            "inventory_turnover_ratio": 1.01,
            "account_receivable_turnover_ratio": 1.53,
            "reinvestment_rate": -87.78,
            "research_to_sale_ratio": 1.1,
            "price_fair": 242.92,
            "eps_avg_yearly": 9.55,
            "eps_latest_yearly": 12.96,
            "eps_growth_yearly": 15.45
        },
        "20154": {
            "year_quarter": 20154,
            "year": 2015,
            "quarter": 4,
            "eps": 2.26,
            "eps_growth_year": -18.84,
            "eps_4q": 10.25,
            "eps_4q_growth_year": -6.53,
            "roe": 4.17,
            "roe_4q": 19.759999999999998,
            "gross_profit": 2912582,
            "gross_margin": 22.22,
            "gross_margin_4q_avg": 22.19,
            "net_income": 845204,
            "net_income_4q": null,
            "revenue": 13107661,
            "revenue_4q": null,
            "common_shares": 3750646,
            "book_valuer_per_share": 54.28,
            "book_valuer_per_share_4q_avg": 52.26,
            "equity": 20405889,
            "current_ratio": 151.95,
            "debt_ratio": 55.59,
            "inventory_turnover_ratio": 0.74,
            "account_receivable_turnover_ratio": 1.17,
            "reinvestment_rate": -92.92,
            "research_to_sale_ratio": 1.65,
            "price_fair": 225.22,
            "eps_avg_yearly": 9.65,
            "eps_latest_yearly": 9.04,
            "eps_growth_yearly": 13.35
        },
        "20161": {
            "year_quarter": 20161,
            "year": 2016,
            "quarter": 1,
            "eps": 2.28,
            "eps_growth_year": -9.88,
            "eps_4q": 10,
            "eps_4q_growth_year": -6.21,
            "roe": 4.11,
            "roe_4q": 19.03,
            "gross_profit": 3041688,
            "gross_margin": 21.19,
            "gross_margin_4q_avg": 21.83,
            "net_income": 857503,
            "net_income_4q": null,
            "revenue": 14353895,
            "revenue_4q": null,
            "common_shares": 3750646,
            "book_valuer_per_share": 56.71,
            "book_valuer_per_share_4q_avg": 53.23,
            "equity": 21322571,
            "current_ratio": 154.78,
            "debt_ratio": 54.78,
            "inventory_turnover_ratio": 0.82,
            "account_receivable_turnover_ratio": 1.27,
            "reinvestment_rate": -92.33,
            "research_to_sale_ratio": 1.36,
            "price_fair": 240.8,
            "eps_avg_yearly": 9.77,
            "eps_latest_yearly": 9.12,
            "eps_growth_yearly": 14.65
        },
        "20162": {
            "year_quarter": 20162,
            "year": 2016,
            "quarter": 2,
            "eps": 2.24,
            "eps_growth_year": 0.9,
            "eps_4q": 10.01,
            "eps_4q_growth_year": -5.57,
            "roe": 4.12,
            "roe_4q": 18.740000000000002,
            "gross_profit": 3318677,
            "gross_margin": 22.53,
            "gross_margin_4q_avg": 21.84,
            "net_income": 840112,
            "net_income_4q": null,
            "revenue": 14728220,
            "revenue_4q": null,
            "common_shares": 3750646,
            "book_valuer_per_share": 51.78,
            "book_valuer_per_share_4q_avg": 54.05,
            "equity": 19473559,
            "current_ratio": 145.33,
            "debt_ratio": 58.39,
            "inventory_turnover_ratio": 0.83,
            "account_receivable_turnover_ratio": 1.31,
            "reinvestment_rate": -99.3,
            "research_to_sale_ratio": 1.46,
            "price_fair": 201.87,
            "eps_avg_yearly": 9.82,
            "eps_latest_yearly": 8.96,
            "eps_growth_yearly": 10.56
        },
        "20163": {
            "year_quarter": 20163,
            "year": 2016,
            "quarter": 3,
            "eps": 1.89,
            "eps_growth_year": -41.67,
            "eps_4q": 8.66,
            "eps_4q_growth_year": -19.61,
            "roe": 3.6,
            "roe_4q": 16,
            "gross_profit": 3114072,
            "gross_margin": 20.55,
            "gross_margin_4q_avg": 21.62,
            "net_income": 705759,
            "net_income_4q": null,
            "revenue": 15156532,
            "revenue_4q": null,
            "common_shares": 3750646,
            "book_valuer_per_share": 52.48,
            "book_valuer_per_share_4q_avg": 53.81,
            "equity": 19733379,
            "current_ratio": 150.55,
            "debt_ratio": 56.26,
            "inventory_turnover_ratio": 0.87,
            "account_receivable_turnover_ratio": 1.42,
            "reinvestment_rate": -106.33,
            "research_to_sale_ratio": 1.37,
            "price_fair": 124.72,
            "eps_avg_yearly": 9.71,
            "eps_latest_yearly": 7.56,
            "eps_growth_yearly": 2.85
        },
        "20164": {
            "year_quarter": 20164,
            "year": 2016,
            "quarter": 4,
            "eps": 1.77,
            "eps_growth_year": -21.54,
            "eps_4q": 8.17,
            "eps_4q_growth_year": -20.24,
            "roe": 3.35,
            "roe_4q": 15.18,
            "gross_profit": 2326497,
            "gross_margin": 18.1,
            "gross_margin_4q_avg": 20.59,
            "net_income": 665402,
            "net_income_4q": null,
            "revenue": 12854525,
            "revenue_4q": null,
            "common_shares": 3750646,
            "book_valuer_per_share": 53.24,
            "book_valuer_per_share_4q_avg": 53.55,
            "equity": 20017358,
            "current_ratio": 151.89,
            "debt_ratio": 55.76,
            "inventory_turnover_ratio": 0.75,
            "account_receivable_turnover_ratio": 1.16,
            "reinvestment_rate": -107.73,
            "research_to_sale_ratio": 1.39,
            "price_fair": 160.61,
            "eps_avg_yearly": 9.69,
            "eps_latest_yearly": 7.08,
            "eps_growth_yearly": 6.58
        },
        "20171": {
            "year_quarter": 20171,
            "year": 2017,
            "quarter": 1,
            "eps": 1.38,
            "eps_growth_year": -39.47,
            "eps_4q": 7.27,
            "eps_4q_growth_year": -27.3,
            "roe": 2.59,
            "roe_4q": 13.66,
            "gross_profit": 2531192,
            "gross_margin": 18.74,
            "gross_margin_4q_avg": 19.98,
            "net_income": 518138,
            "net_income_4q": null,
            "revenue": 13509141,
            "revenue_4q": null,
            "common_shares": 3750646,
            "book_valuer_per_share": 53.06,
            "book_valuer_per_share_4q_avg": 52.64,
            "equity": 19950024,
            "current_ratio": 152.78,
            "debt_ratio": 55.71,
            "inventory_turnover_ratio": 0.8,
            "account_receivable_turnover_ratio": 1.14,
            "reinvestment_rate": -0.49,
            "research_to_sale_ratio": 1.28,
            "price_fair": 28.32,
            "eps_avg_yearly": 9.44,
            "eps_latest_yearly": 5.52,
            "eps_growth_yearly": -5.82
        },
        "20172": {
            "year_quarter": 20172,
            "year": 2017,
            "quarter": 2,
            "eps": 1.81,
            "eps_growth_year": -19.2,
            "eps_4q": 6.84,
            "eps_4q_growth_year": -31.67,
            "roe": 3.47,
            "roe_4q": 13.01,
            "gross_profit": 2742237,
            "gross_margin": 20.42,
            "gross_margin_4q_avg": 19.45,
            "net_income": 678716,
            "net_income_4q": null,
            "revenue": 13432350,
            "revenue_4q": null,
            "common_shares": 3750646,
            "book_valuer_per_share": 51.06,
            "book_valuer_per_share_4q_avg": 52.46,
            "equity": 19204427,
            "current_ratio": 152.19,
            "debt_ratio": 55.58,
            "inventory_turnover_ratio": 0.79,
            "account_receivable_turnover_ratio": 1.19,
            "reinvestment_rate": -1.18,
            "research_to_sale_ratio": 1.34,
            "price_fair": 125.64,
            "eps_avg_yearly": 9.34,
            "eps_latest_yearly": 7.24,
            "eps_growth_yearly": 3.46
        },
        "20173": {
            "year_quarter": 20173,
            "year": 2017,
            "quarter": 3,
            "eps": 1.92,
            "eps_growth_year": 1.59,
            "eps_4q": 6.87,
            "eps_4q_growth_year": -20.65,
            "roe": 3.65,
            "roe_4q": 13.06,
            "gross_profit": 2948330,
            "gross_margin": 19.72,
            "gross_margin_4q_avg": 19.25,
            "net_income": 718388,
            "net_income_4q": null,
            "revenue": 14948234,
            "revenue_4q": null,
            "common_shares": 3750646,
            "book_valuer_per_share": 53.66,
            "book_valuer_per_share_4q_avg": 52.76,
            "equity": 20179969,
            "current_ratio": 154.23,
            "debt_ratio": 55.88,
            "inventory_turnover_ratio": 0.85,
            "account_receivable_turnover_ratio": 1.33,
            "reinvestment_rate": -1.11,
            "research_to_sale_ratio": 1.3,
            "price_fair": 111.87,
            "eps_avg_yearly": 9.2,
            "eps_latest_yearly": 7.68,
            "eps_growth_yearly": 2.16
        },
        "20174": {
            "year_quarter": 20174,
            "year": 2017,
            "quarter": 4,
            "eps": 0.38,
            "eps_growth_year": -78.73,
            "eps_4q": 5.48,
            "eps_4q_growth_year": -32.98,
            "roe": 0.79,
            "roe_4q": 10.5,
            "gross_profit": 2816932,
            "gross_margin": 21.14,
            "gross_margin_4q_avg": 20.01,
            "net_income": 161737,
            "net_income_4q": null,
            "revenue": 13322046,
            "revenue_4q": null,
            "common_shares": 3750646,
            "book_valuer_per_share": 52.31,
            "book_valuer_per_share_4q_avg": 52.52,
            "equity": 21007583,
            "current_ratio": 149.35,
            "debt_ratio": 56.04,
            "inventory_turnover_ratio": 0.74,
            "account_receivable_turnover_ratio": 1.12,
            "reinvestment_rate": 5.97,
            "research_to_sale_ratio": 1.84,
            "price_fair": 26.17,
            "eps_avg_yearly": 8.72,
            "eps_latest_yearly": 1.52,
            "eps_growth_yearly": -16.07
        },
        "20181": {
            "year_quarter": 20181,
            "year": 2018,
            "quarter": 1,
            "eps": 0.69,
            "eps_growth_year": -50,
            "eps_4q": 4.79,
            "eps_4q_growth_year": -34.14,
            "roe": 1.1,
            "roe_4q": 9.01,
            "gross_profit": 2500189,
            "gross_margin": 17.89,
            "gross_margin_4q_avg": 19.79,
            "net_income": 233608,
            "net_income_4q": null,
            "revenue": 13974326,
            "revenue_4q": null,
            "common_shares": 3750646,
            "book_valuer_per_share": 53.38,
            "book_valuer_per_share_4q_avg": 52.6,
            "equity": 21409252,
            "current_ratio": 142.91,
            "debt_ratio": 58.33,
            "inventory_turnover_ratio": 0.8,
            "account_receivable_turnover_ratio": 1.09,
            "reinvestment_rate": 6.9,
            "research_to_sale_ratio": 1.34,
            "price_fair": 24.56,
            "eps_avg_yearly": 8.19,
            "eps_latest_yearly": 2.76,
            "eps_growth_yearly": -1.57
        },
        "20182": {
            "year_quarter": 20182,
            "year": 2018,
            "quarter": 2,
            "eps": 2.18,
            "eps_growth_year": 20.44,
            "eps_4q": 5.16,
            "eps_4q_growth_year": -24.51,
            "roe": 4.14,
            "roe_4q": 9.68,
            "gross_profit": 3078341,
            "gross_margin": 20.26,
            "gross_margin_4q_avg": 19.75,
            "net_income": 874190,
            "net_income_4q": null,
            "revenue": 15196132,
            "revenue_4q": null,
            "common_shares": 3750646,
            "book_valuer_per_share": 51.77,
            "book_valuer_per_share_4q_avg": 52.78,
            "equity": 20846779,
            "current_ratio": 141.41,
            "debt_ratio": 58.03,
            "inventory_turnover_ratio": 0.84,
            "account_receivable_turnover_ratio": 1.17,
            "reinvestment_rate": 9.07,
            "research_to_sale_ratio": 1.39,
            "price_fair": 285.6,
            "eps_avg_yearly": 8.16,
            "eps_latest_yearly": 8.72,
            "eps_growth_yearly": 57.19
        },
        "20183": {
            "year_quarter": 20183,
            "year": 2018,
            "quarter": 3,
            "eps": 2.62,
            "eps_growth_year": 36.46,
            "eps_4q": 5.86,
            "eps_4q_growth_year": -14.7,
            "roe": 4.82,
            "roe_4q": 10.850000000000001,
            "gross_profit": 3658375,
            "gross_margin": 22.51,
            "gross_margin_4q_avg": 20.45,
            "net_income": 1019353,
            "net_income_4q": null,
            "revenue": 16249500,
            "revenue_4q": null,
            "common_shares": 3750646,
            "book_valuer_per_share": 53.32,
            "book_valuer_per_share_4q_avg": 52.7,
            "equity": 21418106,
            "current_ratio": 142.16,
            "debt_ratio": 57.55,
            "inventory_turnover_ratio": 0.87,
            "account_receivable_turnover_ratio": 1.26,
            "reinvestment_rate": 7.93,
            "research_to_sale_ratio": 1.33,
            "price_fair": 281.66,
            "eps_avg_yearly": 8.05,
            "eps_latest_yearly": 10.48,
            "eps_growth_yearly": 53.72
        },
        "20184": {
            "year_quarter": 20184,
            "year": 2018,
            "quarter": 4,
            "eps": 2.15,
            "eps_growth_year": 471.23,
            "eps_4q": 7.64,
            "eps_4q_growth_year": 39.41,
            "roe": 3.85,
            "roe_4q": 13.909999999999998,
            "gross_profit": 3254747,
            "gross_margin": 21.96,
            "gross_margin_4q_avg": 20.66,
            "net_income": 841312,
            "net_income_4q": null,
            "revenue": 14819459,
            "revenue_4q": null,
            "common_shares": 3750646,
            "book_valuer_per_share": 55.47,
            "book_valuer_per_share_4q_avg": 53.49,
            "equity": 22268935,
            "current_ratio": 143.93,
            "debt_ratio": 57.69,
            "inventory_turnover_ratio": 0.77,
            "account_receivable_turnover_ratio": 1.09,
            "reinvestment_rate": 11.76,
            "research_to_sale_ratio": 1.44,
            "price_fair": 276.15,
            "eps_avg_yearly": 7.89,
            "eps_latest_yearly": 8.6,
            "eps_growth_yearly": 51.59
        },
        "20191": {
            "year_quarter": 20191,
            "year": 2019,
            "quarter": 1,
            "eps": 1.82,
            "eps_growth_year": 163.77,
            "eps_4q": 8.77,
            "eps_4q_growth_year": 83.2,
            "roe": 3.18,
            "roe_4q": 15.990000000000002,
            "gross_profit": 3092515,
            "gross_margin": 21.05,
            "gross_margin_4q_avg": 21.45,
            "net_income": 724437,
            "net_income_4q": null,
            "revenue": 14694456,
            "revenue_4q": null,
            "common_shares": 3750646,
            "book_valuer_per_share": 57.9,
            "book_valuer_per_share_4q_avg": 54.62,
            "equity": 23254504,
            "current_ratio": 145.53,
            "debt_ratio": 58.07,
            "inventory_turnover_ratio": 0.76,
            "account_receivable_turnover_ratio": 1.04,
            "reinvestment_rate": 14.44,
            "research_to_sale_ratio": 1.4,
            "price_fair": 269.94,
            "eps_avg_yearly": 7.71,
            "eps_latest_yearly": 7.28,
            "eps_growth_yearly": 50
        },
        "20192": {
            "year_quarter": 20192,
            "year": 2019,
            "quarter": 2,
            "eps": 2.77,
            "eps_growth_year": 27.06,
            "eps_4q": 9.36,
            "eps_4q_growth_year": 81.27,
            "roe": 4.82,
            "roe_4q": 16.67,
            "gross_profit": 3397738,
            "gross_margin": 21.21,
            "gross_margin_4q_avg": 21.68,
            "net_income": 1103324,
            "net_income_4q": null,
            "revenue": 16019744,
            "revenue_4q": null,
            "common_shares": 3750646,
            "book_valuer_per_share": 55.95,
            "book_valuer_per_share_4q_avg": 55.66,
            "equity": 22567601,
            "current_ratio": 141.75,
            "debt_ratio": 59.37,
            "inventory_turnover_ratio": 0.82,
            "account_receivable_turnover_ratio": 1.15,
            "reinvestment_rate": 18.74,
            "research_to_sale_ratio": 1.23,
            "price_fair": 274.75,
            "eps_avg_yearly": 7.85,
            "eps_latest_yearly": 11.08,
            "eps_growth_yearly": 66.12
        },
        "20193": {
            "year_quarter": 20193,
            "year": 2019,
            "quarter": 3,
            "eps": 2.73,
            "eps_growth_year": 4.2,
            "eps_4q": 9.47,
            "eps_4q_growth_year": 61.62,
            "roe": 4.73,
            "roe_4q": 16.580000000000002,
            "gross_profit": 3904012,
            "gross_margin": 22.99,
            "gross_margin_4q_avg": 21.8,
            "net_income": 1076655,
            "net_income_4q": null,
            "revenue": 16980524,
            "revenue_4q": null,
            "common_shares": 3750646,
            "book_valuer_per_share": 56.93,
            "book_valuer_per_share_4q_avg": 56.56,
            "equity": 22923847,
            "current_ratio": 139.94,
            "debt_ratio": 61.26,
            "inventory_turnover_ratio": 0.82,
            "account_receivable_turnover_ratio": 1.25,
            "reinvestment_rate": 17.31,
            "research_to_sale_ratio": 1.25,
            "price_fair": 270.29,
            "eps_avg_yearly": 7.72,
            "eps_latest_yearly": 10.92,
            "eps_growth_yearly": 54.27
        },
        "20194": {
            "year_quarter": 20194,
            "year": 2019,
            "quarter": 4,
            "eps": 1.68,
            "eps_growth_year": -22.08,
            "eps_4q": 9,
            "eps_4q_growth_year": 17.83,
            "roe": 2.98,
            "roe_4q": 15.71,
            "gross_profit": 3262679,
            "gross_margin": 20.71,
            "gross_margin_4q_avg": 21.49,
            "net_income": 690281,
            "net_income_4q": null,
            "revenue": 15754809,
            "revenue_4q": null,
            "common_shares": 3750646,
            "book_valuer_per_share": 58.24,
            "book_valuer_per_share_4q_avg": 57.26,
            "equity": 23464162,
            "current_ratio": 140.18,
            "debt_ratio": 60.25,
            "inventory_turnover_ratio": 0.76,
            "account_receivable_turnover_ratio": 1.11,
            "reinvestment_rate": 24.08,
            "research_to_sale_ratio": 1.65,
            "price_fair": 265.21,
            "eps_avg_yearly": 7.58,
            "eps_latest_yearly": 6.72,
            "eps_growth_yearly": 52.21
        },
        "20201": {
            "year_quarter": 20201,
            "year": 2020,
            "quarter": 1,
            "eps": 1.68,
            "eps_growth_year": -7.69,
            "eps_4q": 8.85,
            "eps_4q_growth_year": 0.92,
            "roe": 2.75,
            "roe_4q": 15.280000000000001,
            "gross_profit": 2643159,
            "gross_margin": 19.84,
            "gross_margin_4q_avg": 21.19,
            "net_income": 648337,
            "net_income_4q": null,
            "revenue": 13323075,
            "revenue_4q": null,
            "common_shares": 3750646,
            "book_valuer_per_share": 58.84,
            "book_valuer_per_share_4q_avg": 57.49,
            "equity": 23688515,
            "current_ratio": 145.21,
            "debt_ratio": 60,
            "inventory_turnover_ratio": 0.65,
            "account_receivable_turnover_ratio": 0.96,
            "reinvestment_rate": 30.56,
            "research_to_sale_ratio": 1.25,
            "price_fair": 259.96,
            "eps_avg_yearly": 7.43,
            "eps_latest_yearly": 6.72,
            "eps_growth_yearly": 51.99
        },
        "20202": {
            "year_quarter": 20202,
            "year": 2020,
            "quarter": 2,
            "eps": 4.06,
            "eps_growth_year": 46.57,
            "eps_4q": 10.14,
            "eps_4q_growth_year": 8.33,
            "roe": 6.72,
            "roe_4q": 17.18,
            "gross_profit": 4523949,
            "gross_margin": 22.96,
            "gross_margin_4q_avg": 21.63,
            "net_income": 1582634,
            "net_income_4q": null,
            "revenue": 19702392,
            "revenue_4q": null,
            "common_shares": 3750646,
            "book_valuer_per_share": 58.05,
            "book_valuer_per_share_4q_avg": 58.02,
            "equity": 23415876,
            "current_ratio": 150.63,
            "debt_ratio": 59.1,
            "inventory_turnover_ratio": 1.05,
            "account_receivable_turnover_ratio": 1.49,
            "reinvestment_rate": 28.64,
            "research_to_sale_ratio": 0.98,
            "price_fair": 275.89,
            "eps_avg_yearly": 7.88,
            "eps_latest_yearly": 16.24,
            "eps_growth_yearly": 87.85
        },
        "20203": {
            "year_quarter": 20203,
            "year": 2020,
            "quarter": 3,
            "eps": 3.95,
            "eps_growth_year": 44.69,
            "eps_4q": 11.37,
            "eps_4q_growth_year": 19.99,
            "roe": 6.41,
            "roe_4q": 18.86,
            "gross_profit": 4640301,
            "gross_margin": 23.84,
            "gross_margin_4q_avg": 21.84,
            "net_income": 1561985,
            "net_income_4q": null,
            "revenue": 19467859,
            "revenue_4q": null,
            "common_shares": 3750646,
            "book_valuer_per_share": 62.96,
            "book_valuer_per_share_4q_avg": 59.52,
            "equity": 25306260,
            "current_ratio": 155.76,
            "debt_ratio": 57.69,
            "inventory_turnover_ratio": 1.06,
            "account_receivable_turnover_ratio": 1.56,
            "reinvestment_rate": 32.89,
            "research_to_sale_ratio": 1.11,
            "price_fair": 293.91,
            "eps_avg_yearly": 8.4,
            "eps_latest_yearly": 15.8,
            "eps_growth_yearly": 91.08
        },
        "20204": {
            "year_quarter": 20204,
            "year": 2020,
            "quarter": 4,
            "eps": 3.5,
            "eps_growth_year": 109.09,
            "eps_4q": 13.19,
            "eps_4q_growth_year": 46.65,
            "roe": 5.29,
            "roe_4q": 21.169999999999998,
            "gross_profit": 4361337,
            "gross_margin": 24.9,
            "gross_margin_4q_avg": 22.89,
            "net_income": 1382953,
            "net_income_4q": null,
            "revenue": 17517523,
            "revenue_4q": null,
            "common_shares": 3750646,
            "book_valuer_per_share": 67.12,
            "book_valuer_per_share_4q_avg": 61.74,
            "equity": 26960858,
            "current_ratio": 161.92,
            "debt_ratio": 56.86,
            "inventory_turnover_ratio": 0.8,
            "account_receivable_turnover_ratio": 1.47,
            "reinvestment_rate": 33.99,
            "research_to_sale_ratio": 2.08,
            "price_fair": 309.05,
            "eps_avg_yearly": 8.83,
            "eps_latest_yearly": 14,
            "eps_growth_yearly": 89.82
        },
        "20211": {
            "year_quarter": 20211,
            "year": 2021,
            "quarter": 1,
            "eps": 4.54,
            "eps_growth_year": 170.24,
            "eps_4q": 16.05,
            "eps_4q_growth_year": 81.35,
            "roe": 6.44,
            "roe_4q": 24.86,
            "gross_profit": 5033054,
            "gross_margin": 24.41,
            "gross_margin_4q_avg": 24.03,
            "net_income": 1792480,
            "net_income_4q": null,
            "revenue": 20617470,
            "revenue_4q": null,
            "common_shares": 3750646,
            "book_valuer_per_share": 71.41,
            "book_valuer_per_share_4q_avg": 64.89,
            "equity": 28671653,
            "current_ratio": 155.03,
            "debt_ratio": 56.04,
            "inventory_turnover_ratio": 0.85,
            "account_receivable_turnover_ratio": 1.6,
            "reinvestment_rate": 32.54,
            "research_to_sale_ratio": 1.09,
            "price_fair": 336.7,
            "eps_avg_yearly": 9.62,
            "eps_latest_yearly": 18.16,
            "eps_growth_yearly": 102.75
        },
        "20212": {
            "year_quarter": 20212,
            "year": 2021,
            "quarter": 2,
            "eps": 4.93,
            "eps_growth_year": 21.43,
            "eps_4q": 16.93,
            "eps_4q_growth_year": 66.93,
            "roe": 6.97,
            "roe_4q": 25.11,
            "gross_profit": 5551972,
            "gross_margin": 25.98,
            "gross_margin_4q_avg": 24.78,
            "net_income": 1955350,
            "net_income_4q": null,
            "revenue": 21372326,
            "revenue_4q": null,
            "common_shares": 3750646,
            "book_valuer_per_share": 67.8,
            "book_valuer_per_share_4q_avg": 67.32,
            "equity": 27409596,
            "current_ratio": 143.69,
            "debt_ratio": 60.13,
            "inventory_turnover_ratio": 0.8,
            "account_receivable_turnover_ratio": 1.55,
            "reinvestment_rate": 28.27,
            "research_to_sale_ratio": 1.18,
            "price_fair": 364,
            "eps_avg_yearly": 10.4,
            "eps_latest_yearly": 19.72,
            "eps_growth_yearly": 97.11
        },
        "20213": {
            "year_quarter": 20213,
            "year": 2021,
            "quarter": 3,
            "eps": 3.41,
            "eps_growth_year": -13.67,
            "eps_4q": 16.39,
            "eps_4q_growth_year": 44.18,
            "roe": 4.94,
            "roe_4q": 23.64,
            "gross_profit": 4719040,
            "gross_margin": 23.66,
            "gross_margin_4q_avg": 24.74,
            "net_income": 1382779,
            "net_income_4q": null,
            "revenue": 19945895,
            "revenue_4q": null,
            "common_shares": 3750646,
            "book_valuer_per_share": 70.61,
            "book_valuer_per_share_4q_avg": 69.24,
            "equity": 28560439,
            "current_ratio": 142.74,
            "debt_ratio": 60.52,
            "inventory_turnover_ratio": 0.64,
            "account_receivable_turnover_ratio": 1.47,
            "reinvestment_rate": 26.4,
            "research_to_sale_ratio": 1.21,
            "price_fair": 377.04,
            "eps_avg_yearly": 10.77,
            "eps_latest_yearly": 13.64,
            "eps_growth_yearly": 87.88
        },
        "20214": {
            "year_quarter": 20214,
            "year": 2021,
            "quarter": 4,
            "eps": 2.93,
            "eps_growth_year": -16.46,
            "eps_4q": 15.81,
            "eps_4q_growth_year": 19.82,
            "roe": 4.04,
            "roe_4q": 22.39,
            "gross_profit": 4460073,
            "gross_margin": 22.41,
            "gross_margin_4q_avg": 24.12,
            "net_income": 1176900,
            "net_income_4q": null,
            "revenue": 19904179,
            "revenue_4q": null,
            "common_shares": 3750646,
            "book_valuer_per_share": 73.26,
            "book_valuer_per_share_4q_avg": 70.77,
            "equity": 29653085,
            "current_ratio": 143.54,
            "debt_ratio": 61.59,
            "inventory_turnover_ratio": 0.54,
            "account_receivable_turnover_ratio": 1.44,
            "reinvestment_rate": 20.82,
            "research_to_sale_ratio": 1.62,
            "price_fair": 399.35,
            "eps_avg_yearly": 11.41,
            "eps_latest_yearly": 11.72,
            "eps_growth_yearly": 104.42
        },
        "20221": {
            "year_quarter": 20221,
            "year": 2022,
            "quarter": 1,
            "eps": 4.86,
            "eps_growth_year": 7.05,
            "eps_4q": 16.13,
            "eps_4q_growth_year": 0.5,
            "roe": 6.18,
            "roe_4q": 22.13,
            "gross_profit": 5098833,
            "gross_margin": 22.91,
            "gross_margin_4q_avg": 23.74,
            "net_income": 1913469,
            "net_income_4q": null,
            "revenue": 22260343,
            "revenue_4q": null,
            "common_shares": 3750646,
            "book_valuer_per_share": 79.88,
            "book_valuer_per_share_4q_avg": 72.89,
            "equity": 32313549,
            "current_ratio": 142.88,
            "debt_ratio": 61.99,
            "inventory_turnover_ratio": 0.53,
            "account_receivable_turnover_ratio": 1.4,
            "reinvestment_rate": 19.78,
            "research_to_sale_ratio": 1.13,
            "price_fair": 435.84,
            "eps_avg_yearly": 12.45,
            "eps_latest_yearly": 19.44,
            "eps_growth_yearly": 100.49
        },
        "20222": {
            "year_quarter": 20222,
            "year": 2022,
            "quarter": 2,
            "eps": 4.8,
            "eps_growth_year": -2.64,
            "eps_4q": 16.01,
            "eps_4q_growth_year": -5.43,
            "roe": 5.91,
            "roe_4q": 21.07,
            "gross_profit": 5601084,
            "gross_margin": 24.63,
            "gross_margin_4q_avg": 23.4,
            "net_income": 1850194,
            "net_income_4q": null,
            "revenue": 22744888,
            "revenue_4q": null,
            "common_shares": 3750646,
            "book_valuer_per_share": 74.4,
            "book_valuer_per_share_4q_avg": 74.54,
            "equity": 30271522,
            "current_ratio": 148.21,
            "debt_ratio": 64.42,
            "inventory_turnover_ratio": 0.5,
            "account_receivable_turnover_ratio": 1.32,
            "reinvestment_rate": 16.85,
            "research_to_sale_ratio": 2.29,
            "price_fair": 458.76,
            "eps_avg_yearly": 13.11,
            "eps_latest_yearly": 19.2,
            "eps_growth_yearly": 46.2
        },
        "20223": {
            "year_quarter": 20223,
            "year": 2022,
            "quarter": 3,
            "eps": 5.35,
            "eps_growth_year": 56.89,
            "eps_4q": 17.94,
            "eps_4q_growth_year": 9.48,
            "roe": 6.71,
            "roe_4q": 22.84,
            "gross_profit": 5774875,
            "gross_margin": 22.32,
            "gross_margin_4q_avg": 23.07,
            "net_income": 2110844,
            "net_income_4q": null,
            "revenue": 25869065,
            "revenue_4q": null,
            "common_shares": 3750646,
            "book_valuer_per_share": 80.43,
            "book_valuer_per_share_4q_avg": 76.99,
            "equity": 32657375,
            "current_ratio": 147.86,
            "debt_ratio": 63.94,
            "inventory_turnover_ratio": 0.56,
            "account_receivable_turnover_ratio": 1.48,
            "reinvestment_rate": 16.68,
            "research_to_sale_ratio": 1.45,
            "price_fair": 482.65,
            "eps_avg_yearly": 13.79,
            "eps_latest_yearly": 21.4,
            "eps_growth_yearly": 44.02
        },
        "20224": {
            "year_quarter": 20224,
            "year": 2022,
            "quarter": 4,
            "eps": 0.54,
            "eps_growth_year": -81.44,
            "eps_4q": 14.91,
            "eps_4q_growth_year": -5.73,
            "roe": 0.88,
            "roe_4q": 19.68,
            "gross_profit": 4349231,
            "gross_margin": 20.54,
            "gross_margin_4q_avg": 22.6,
            "net_income": 302024,
            "net_income_4q": null,
            "revenue": 21169379,
            "revenue_4q": null,
            "common_shares": 3920646,
            "book_valuer_per_share": 85.08,
            "book_valuer_per_share_4q_avg": 79.95,
            "equity": 35899885,
            "current_ratio": 155.05,
            "debt_ratio": 61.62,
            "inventory_turnover_ratio": 0.43,
            "account_receivable_turnover_ratio": 1.24,
            "reinvestment_rate": 18.75,
            "research_to_sale_ratio": 1.82,
            "price_fair": 468.56,
            "eps_avg_yearly": 13.39,
            "eps_latest_yearly": 2.16,
            "eps_growth_yearly": 26.02
        },
        "20231": {
            "year_quarter": 20231,
            "year": 2023,
            "quarter": 1,
            "eps": 2.13,
            "eps_growth_year": -56.17,
            "eps_4q": 12.39,
            "eps_4q_growth_year": -23.21,
            "roe": 2.43,
            "roe_4q": 15.93,
            "gross_profit": 4404635,
            "gross_margin": 21.89,
            "gross_margin_4q_avg": 22.35,
            "net_income": 883357,
            "net_income_4q": null,
            "revenue": 20119279,
            "revenue_4q": null,
            "common_shares": 3920646,
            "book_valuer_per_share": 87.49,
            "book_valuer_per_share_4q_avg": 81.85,
            "equity": 36906655,
            "current_ratio": 153.96,
            "debt_ratio": 61.89,
            "inventory_turnover_ratio": 0.38,
            "account_receivable_turnover_ratio": 1.19,
            "reinvestment_rate": 16.96,
            "research_to_sale_ratio": 1.74,
            "price_fair": 471.28,
            "eps_avg_yearly": 13.47,
            "eps_latest_yearly": 8.52,
            "eps_growth_yearly": 103.47
        },
        "20232": {
            "year_quarter": 20232,
            "year": 2023,
            "quarter": 2,
            "eps": 3.02,
            "eps_growth_year": -37.08,
            "eps_4q": 10.81,
            "eps_4q_growth_year": -32.49,
            "roe": 3.47,
            "roe_4q": 13.49,
            "gross_profit": 4674133,
            "gross_margin": 20.81,
            "gross_margin_4q_avg": 21.39,
            "net_income": 1245695,
            "net_income_4q": null,
            "revenue": 22464071,
            "revenue_4q": null,
            "common_shares": 3920646,
            "book_valuer_per_share": 82.17,
            "book_valuer_per_share_4q_avg": 83.79,
            "equity": 34797258,
            "current_ratio": 154.59,
            "debt_ratio": 62.6,
            "inventory_turnover_ratio": 0.45,
            "account_receivable_turnover_ratio": 1.32,
            "reinvestment_rate": 14.32,
            "research_to_sale_ratio": 1.68,
            "price_fair": 473.46,
            "eps_avg_yearly": 13.53,
            "eps_latest_yearly": 12.08,
            "eps_growth_yearly": 100.87
        },
        "20233": {
            "year_quarter": 20233,
            "year": 2023,
            "quarter": 3,
            "eps": 2.81,
            "eps_growth_year": -47.48,
            "eps_4q": 8.5,
            "eps_4q_growth_year": -52.61,
            "roe": 3.23,
            "roe_4q": 10.010000000000002,
            "gross_profit": 4188822,
            "gross_margin": 21.46,
            "gross_margin_4q_avg": 21.18,
            "net_income": 1150364,
            "net_income_4q": null,
            "revenue": 19517340,
            "revenue_4q": null,
            "common_shares": 3920646,
            "book_valuer_per_share": 86.02,
            "book_valuer_per_share_4q_avg": 85.19,
            "equity": 36426922,
            "current_ratio": 169.77,
            "debt_ratio": 59.12,
            "inventory_turnover_ratio": 0.42,
            "account_receivable_turnover_ratio": 1.26,
            "reinvestment_rate": 13.69,
            "research_to_sale_ratio": 1.75,
            "price_fair": 474.16,
            "eps_avg_yearly": 13.55,
            "eps_latest_yearly": 11.24,
            "eps_growth_yearly": 99.49
        }
    },
    "months": {
        "2001-06": {
            "month": "2001-06",
            "price": "43.97",
            "revenue": 336739
        },
        "2001-07": {
            "month": "2001-07",
            "price": "38.77",
            "revenue": 418019
        },
        "2001-08": {
            "month": "2001-08",
            "price": "36.04",
            "revenue": 418835
        },
        "2001-09": {
            "month": "2001-09",
            "price": "34.85",
            "revenue": 471685
        },
        "2001-10": {
            "month": "2001-10",
            "price": "29.80",
            "revenue": 574883
        },
        "2001-11": {
            "month": "2001-11",
            "price": "30.78",
            "revenue": 577001
        },
        "2001-12": {
            "month": "2001-12",
            "price": "33.17",
            "revenue": 660707
        },
        "2002-01": {
            "month": "2002-01",
            "price": "31.85",
            "revenue": 527477
        },
        "2002-02": {
            "month": "2002-02",
            "price": "30.67",
            "revenue": 412040
        },
        "2002-03": {
            "month": "2002-03",
            "price": "31.81",
            "revenue": 567723
        },
        "2002-04": {
            "month": "2002-04",
            "price": "35.61",
            "revenue": 404760
        },
        "2002-05": {
            "month": "2002-05",
            "price": "40.56",
            "revenue": 322799
        },
        "2002-06": {
            "month": "2002-06",
            "price": "37.66",
            "revenue": 416406
        },
        "2002-07": {
            "month": "2002-07",
            "price": "36.10",
            "revenue": 430273
        },
        "2002-08": {
            "month": "2002-08",
            "price": "39.72",
            "revenue": 538535
        },
        "2002-09": {
            "month": "2002-09",
            "price": "39.41",
            "revenue": 608083
        },
        "2002-10": {
            "month": "2002-10",
            "price": "41.44",
            "revenue": 564604
        },
        "2002-11": {
            "month": "2002-11",
            "price": "45.25",
            "revenue": 542219
        },
        "2002-12": {
            "month": "2002-12",
            "price": "45.17",
            "revenue": 756879
        },
        "2003-01": {
            "month": "2003-01",
            "price": "45.71",
            "revenue": 768832
        },
        "2003-02": {
            "month": "2003-02",
            "price": "42.49",
            "revenue": 555873
        },
        "2003-03": {
            "month": "2003-03",
            "price": "41.03",
            "revenue": 593692
        },
        "2003-04": {
            "month": "2003-04",
            "price": "38.75",
            "revenue": 354724
        },
        "2003-05": {
            "month": "2003-05",
            "price": "37.87",
            "revenue": 250896
        },
        "2003-06": {
            "month": "2003-06",
            "price": "39.78",
            "revenue": 425207
        },
        "2003-07": {
            "month": "2003-07",
            "price": "38.54",
            "revenue": 509135
        },
        "2003-08": {
            "month": "2003-08",
            "price": "41.16",
            "revenue": 586660
        },
        "2003-09": {
            "month": "2003-09",
            "price": "40.71",
            "revenue": 706235
        },
        "2003-10": {
            "month": "2003-10",
            "price": "42.36",
            "revenue": 684173
        },
        "2003-11": {
            "month": "2003-11",
            "price": "42.72",
            "revenue": 631934
        },
        "2003-12": {
            "month": "2003-12",
            "price": "41.72",
            "revenue": 816729
        },
        "2004-01": {
            "month": "2004-01",
            "price": "41.70",
            "revenue": 591693
        },
        "2004-02": {
            "month": "2004-02",
            "price": "43.52",
            "revenue": 800562
        },
        "2004-03": {
            "month": "2004-03",
            "price": "44.22",
            "revenue": 679994
        },
        "2004-04": {
            "month": "2004-04",
            "price": "43.27",
            "revenue": 692599
        },
        "2004-05": {
            "month": "2004-05",
            "price": "40.26",
            "revenue": 524274
        },
        "2004-06": {
            "month": "2004-06",
            "price": "39.42",
            "revenue": 494471
        },
        "2004-07": {
            "month": "2004-07",
            "price": "41.55",
            "revenue": 598563
        },
        "2004-08": {
            "month": "2004-08",
            "price": "43.14",
            "revenue": 693508
        },
        "2004-09": {
            "month": "2004-09",
            "price": "45.93",
            "revenue": 732498
        },
        "2004-10": {
            "month": "2004-10",
            "price": "48.74",
            "revenue": 922093
        },
        "2004-11": {
            "month": "2004-11",
            "price": "49.41",
            "revenue": 996749
        },
        "2004-12": {
            "month": "2004-12",
            "price": "51.94",
            "revenue": 1080755
        },
        "2005-01": {
            "month": "2005-01",
            "price": "54.21",
            "revenue": 1048944
        },
        "2005-02": {
            "month": "2005-02",
            "price": "54.46",
            "revenue": 770885
        },
        "2005-03": {
            "month": "2005-03",
            "price": "56.87",
            "revenue": 971979
        },
        "2005-04": {
            "month": "2005-04",
            "price": "53.08",
            "revenue": 838897
        },
        "2005-05": {
            "month": "2005-05",
            "price": "49.40",
            "revenue": 767255
        },
        "2005-06": {
            "month": "2005-06",
            "price": "50.77",
            "revenue": 892205
        },
        "2005-07": {
            "month": "2005-07",
            "price": "53.88",
            "revenue": 611545
        },
        "2005-08": {
            "month": "2005-08",
            "price": "53.67",
            "revenue": 832808
        },
        "2005-09": {
            "month": "2005-09",
            "price": "55.11",
            "revenue": 837576
        },
        "2005-10": {
            "month": "2005-10",
            "price": "56.62",
            "revenue": 1129877
        },
        "2005-11": {
            "month": "2005-11",
            "price": "60.26",
            "revenue": 998366
        },
        "2005-12": {
            "month": "2005-12",
            "price": "63.07",
            "revenue": 1049939
        },
        "2006-01": {
            "month": "2006-01",
            "price": "61.68",
            "revenue": 840567
        },
        "2006-02": {
            "month": "2006-02",
            "price": "61.64",
            "revenue": 623492
        },
        "2006-03": {
            "month": "2006-03",
            "price": "57.67",
            "revenue": 849657
        },
        "2006-04": {
            "month": "2006-04",
            "price": "60.76",
            "revenue": 577146
        },
        "2006-05": {
            "month": "2006-05",
            "price": "56.01",
            "revenue": 423027
        },
        "2006-06": {
            "month": "2006-06",
            "price": "49.95",
            "revenue": 492623
        },
        "2006-07": {
            "month": "2006-07",
            "price": "49.76",
            "revenue": 626586
        },
        "2006-08": {
            "month": "2006-08",
            "price": "48.38",
            "revenue": 1015196
        },
        "2006-09": {
            "month": "2006-09",
            "price": "50.55",
            "revenue": 870783
        },
        "2006-10": {
            "month": "2006-10",
            "price": "53.54",
            "revenue": 842235
        },
        "2006-11": {
            "month": "2006-11",
            "price": "50.87",
            "revenue": 891210
        },
        "2006-12": {
            "month": "2006-12",
            "price": "51.32",
            "revenue": 972472
        },
        "2007-01": {
            "month": "2007-01",
            "price": "50.87",
            "revenue": 1033143
        },
        "2007-02": {
            "month": "2007-02",
            "price": "50.48",
            "revenue": 668418
        },
        "2007-03": {
            "month": "2007-03",
            "price": "50.40",
            "revenue": 886109
        },
        "2007-04": {
            "month": "2007-04",
            "price": "52.74",
            "revenue": 565514
        },
        "2007-05": {
            "month": "2007-05",
            "price": "54.50",
            "revenue": 599260
        },
        "2007-06": {
            "month": "2007-06",
            "price": "53.78",
            "revenue": 736355
        },
        "2007-07": {
            "month": "2007-07",
            "price": "68.68",
            "revenue": 905288
        },
        "2007-08": {
            "month": "2007-08",
            "price": "72.44",
            "revenue": 1124200
        },
        "2007-09": {
            "month": "2007-09",
            "price": "80.42",
            "revenue": 931223
        },
        "2007-10": {
            "month": "2007-10",
            "price": "78.52",
            "revenue": 1229468
        },
        "2007-11": {
            "month": "2007-11",
            "price": "74.98",
            "revenue": 1160998
        },
        "2007-12": {
            "month": "2007-12",
            "price": "71.89",
            "revenue": 1252477
        },
        "2008-01": {
            "month": "2008-01",
            "price": "69.89",
            "revenue": 1315865
        },
        "2008-02": {
            "month": "2008-02",
            "price": "68.61",
            "revenue": 1006863
        },
        "2008-03": {
            "month": "2008-03",
            "price": "74.95",
            "revenue": 1169458
        },
        "2008-04": {
            "month": "2008-04",
            "price": "78.80",
            "revenue": 1146525
        },
        "2008-05": {
            "month": "2008-05",
            "price": "83.72",
            "revenue": 1106538
        },
        "2008-06": {
            "month": "2008-06",
            "price": "87.15",
            "revenue": 1186441
        },
        "2008-07": {
            "month": "2008-07",
            "price": "90.95",
            "revenue": 1353936
        },
        "2008-08": {
            "month": "2008-08",
            "price": "84.79",
            "revenue": 1670767
        },
        "2008-09": {
            "month": "2008-09",
            "price": "84.03",
            "revenue": 1676444
        },
        "2008-10": {
            "month": "2008-10",
            "price": "73.60",
            "revenue": 1894675
        },
        "2008-11": {
            "month": "2008-11",
            "price": "80.41",
            "revenue": 1651252
        },
        "2008-12": {
            "month": "2008-12",
            "price": "74.93",
            "revenue": 1665762
        },
        "2009-01": {
            "month": "2009-01",
            "price": "71.19",
            "revenue": 1367884
        },
        "2009-02": {
            "month": "2009-02",
            "price": "71.02",
            "revenue": 1605652
        },
        "2009-03": {
            "month": "2009-03",
            "price": "68.08",
            "revenue": 1278317
        },
        "2009-04": {
            "month": "2009-04",
            "price": "73.70",
            "revenue": 943561
        },
        "2009-05": {
            "month": "2009-05",
            "price": "80.39",
            "revenue": 811121
        },
        "2009-06": {
            "month": "2009-06",
            "price": "80.02",
            "revenue": 1000473
        },
        "2009-07": {
            "month": "2009-07",
            "price": "85.20",
            "revenue": 1235780
        },
        "2009-08": {
            "month": "2009-08",
            "price": "82.07",
            "revenue": 1366759
        },
        "2009-09": {
            "month": "2009-09",
            "price": "86.17",
            "revenue": 1376150
        },
        "2009-10": {
            "month": "2009-10",
            "price": "87.66",
            "revenue": 1304695
        },
        "2009-11": {
            "month": "2009-11",
            "price": "87.80",
            "revenue": 1412387
        },
        "2009-12": {
            "month": "2009-12",
            "price": "89.66",
            "revenue": 1656399
        },
        "2010-01": {
            "month": "2010-01",
            "price": "88.19",
            "revenue": 1525899
        },
        "2010-02": {
            "month": "2010-02",
            "price": "86.25",
            "revenue": 1188283
        },
        "2010-03": {
            "month": "2010-03",
            "price": "89.55",
            "revenue": 1699380
        },
        "2010-04": {
            "month": "2010-04",
            "price": "97.30",
            "revenue": 1264141
        },
        "2010-05": {
            "month": "2010-05",
            "price": "94.95",
            "revenue": 926691
        },
        "2010-06": {
            "month": "2010-06",
            "price": "98.17",
            "revenue": 1361904
        },
        "2010-07": {
            "month": "2010-07",
            "price": "104.36",
            "revenue": 1375310
        },
        "2010-08": {
            "month": "2010-08",
            "price": "113.93",
            "revenue": 1669169
        },
        "2010-09": {
            "month": "2010-09",
            "price": "118.76",
            "revenue": 1762936
        },
        "2010-10": {
            "month": "2010-10",
            "price": "118.07",
            "revenue": 1815660
        },
        "2010-11": {
            "month": "2010-11",
            "price": "119.43",
            "revenue": 1659921
        },
        "2010-12": {
            "month": "2010-12",
            "price": "119.02",
            "revenue": 1822018
        },
        "2011-01": {
            "month": "2011-01",
            "price": "119.18",
            "revenue": 1632348
        },
        "2011-02": {
            "month": "2011-02",
            "price": "109.61",
            "revenue": 1132126
        },
        "2011-03": {
            "month": "2011-03",
            "price": "115.98",
            "revenue": 1856406
        },
        "2011-04": {
            "month": "2011-04",
            "price": "119.74",
            "revenue": 1119834
        },
        "2011-05": {
            "month": "2011-05",
            "price": "106.76",
            "revenue": 1029080
        },
        "2011-06": {
            "month": "2011-06",
            "price": "107.38",
            "revenue": 1431607
        },
        "2011-07": {
            "month": "2011-07",
            "price": "114.90",
            "revenue": 1452451
        },
        "2011-08": {
            "month": "2011-08",
            "price": "108.11",
            "revenue": 1863413
        },
        "2011-09": {
            "month": "2011-09",
            "price": "112.02",
            "revenue": 1709066
        },
        "2011-10": {
            "month": "2011-10",
            "price": "114.92",
            "revenue": 1885673
        },
        "2011-11": {
            "month": "2011-11",
            "price": "113.48",
            "revenue": 1774086
        },
        "2011-12": {
            "month": "2011-12",
            "price": "113.98",
            "revenue": 2146238
        },
        "2012-01": {
            "month": "2012-01",
            "price": "119.17",
            "revenue": 1531275
        },
        "2012-02": {
            "month": "2012-02",
            "price": "120.50",
            "revenue": 1853962
        },
        "2012-03": {
            "month": "2012-03",
            "price": "131.00",
            "revenue": 1756613
        },
        "2012-04": {
            "month": "2012-04",
            "price": "139.85",
            "revenue": 1085563
        },
        "2012-05": {
            "month": "2012-05",
            "price": "142.89",
            "revenue": 1379882
        },
        "2012-06": {
            "month": "2012-06",
            "price": "134.62",
            "revenue": 1807174
        },
        "2012-07": {
            "month": "2012-07",
            "price": "150.07",
            "revenue": 1718672
        },
        "2012-08": {
            "month": "2012-08",
            "price": "162.52",
            "revenue": 2293969
        },
        "2012-09": {
            "month": "2012-09",
            "price": "153.70",
            "revenue": 1937862
        },
        "2012-10": {
            "month": "2012-10",
            "price": "155.89",
            "revenue": 1932716
        },
        "2012-11": {
            "month": "2012-11",
            "price": "145.00",
            "revenue": 2212876
        },
        "2012-12": {
            "month": "2012-12",
            "price": "163.12",
            "revenue": 1734230
        },
        "2013-01": {
            "month": "2013-01",
            "price": "160.07",
            "revenue": 4397144
        },
        "2013-02": {
            "month": "2013-02",
            "price": "164.15",
            "revenue": 3711993
        },
        "2013-03": {
            "month": "2013-03",
            "price": "167.69",
            "revenue": 5140036
        },
        "2013-04": {
            "month": "2013-04",
            "price": "172.30",
            "revenue": 4821741
        },
        "2013-05": {
            "month": "2013-05",
            "price": "191.52",
            "revenue": 4854022
        },
        "2013-06": {
            "month": "2013-06",
            "price": "193.47",
            "revenue": 4252670
        },
        "2013-07": {
            "month": "2013-07",
            "price": "223.41",
            "revenue": 5066236
        },
        "2013-08": {
            "month": "2013-08",
            "price": "208.71",
            "revenue": 4954583
        },
        "2013-09": {
            "month": "2013-09",
            "price": "209.25",
            "revenue": 4959112
        },
        "2013-10": {
            "month": "2013-10",
            "price": "212.93",
            "revenue": 4395387
        },
        "2013-11": {
            "month": "2013-11",
            "price": "209.10",
            "revenue": 4002703
        },
        "2013-12": {
            "month": "2013-12",
            "price": "204.07",
            "revenue": 3767877
        },
        "2014-01": {
            "month": "2014-01",
            "price": "198.22",
            "revenue": 4391704
        },
        "2014-02": {
            "month": "2014-02",
            "price": "198.12",
            "revenue": 3855725
        },
        "2014-03": {
            "month": "2014-03",
            "price": "203.45",
            "revenue": 5934128
        },
        "2014-04": {
            "month": "2014-04",
            "price": "221.88",
            "revenue": 5558954
        },
        "2014-05": {
            "month": "2014-05",
            "price": "232.36",
            "revenue": 4857547
        },
        "2014-06": {
            "month": "2014-06",
            "price": "236.30",
            "revenue": 4728565
        },
        "2014-07": {
            "month": "2014-07",
            "price": "241.36",
            "revenue": 5634175
        },
        "2014-08": {
            "month": "2014-08",
            "price": "245.07",
            "revenue": 5301028
        },
        "2014-09": {
            "month": "2014-09",
            "price": "243.76",
            "revenue": 5721807
        },
        "2014-10": {
            "month": "2014-10",
            "price": "233.39",
            "revenue": 5020807
        },
        "2014-11": {
            "month": "2014-11",
            "price": "256.78",
            "revenue": 4737097
        },
        "2014-12": {
            "month": "2014-12",
            "price": "271.85",
            "revenue": 4483083
        },
        "2015-01": {
            "month": "2015-01",
            "price": "273.52",
            "revenue": 4667072
        },
        "2015-02": {
            "month": "2015-02",
            "price": "291.73",
            "revenue": 4042501
        },
        "2015-03": {
            "month": "2015-03",
            "price": "299.41",
            "revenue": 5746336
        },
        "2015-04": {
            "month": "2015-04",
            "price": "288.30",
            "revenue": 5587581
        },
        "2015-05": {
            "month": "2015-05",
            "price": "265.20",
            "revenue": 4977065
        },
        "2015-06": {
            "month": "2015-06",
            "price": "255.38",
            "revenue": 5129962
        },
        "2015-07": {
            "month": "2015-07",
            "price": "263.84",
            "revenue": 5424386
        },
        "2015-08": {
            "month": "2015-08",
            "price": "242.62",
            "revenue": 5806161
        },
        "2015-09": {
            "month": "2015-09",
            "price": "242.55",
            "revenue": 5536443
        },
        "2015-10": {
            "month": "2015-10",
            "price": "246.02",
            "revenue": 5117023
        },
        "2015-11": {
            "month": "2015-11",
            "price": "233.86",
            "revenue": 4201358
        },
        "2015-12": {
            "month": "2015-12",
            "price": "216.52",
            "revenue": 4135243
        },
        "2016-01": {
            "month": "2016-01",
            "price": "206.50",
            "revenue": 4571050
        },
        "2016-02": {
            "month": "2016-02",
            "price": "218.38",
            "revenue": 4155397
        },
        "2016-03": {
            "month": "2016-03",
            "price": "211.96",
            "revenue": 5549056
        },
        "2016-04": {
            "month": "2016-04",
            "price": "191.00",
            "revenue": 5298656
        },
        "2016-05": {
            "month": "2016-05",
            "price": "184.29",
            "revenue": 4747403
        },
        "2016-06": {
            "month": "2016-06",
            "price": "200.07",
            "revenue": 4745198
        },
        "2016-07": {
            "month": "2016-07",
            "price": "216.58",
            "revenue": 4910674
        },
        "2016-08": {
            "month": "2016-08",
            "price": "214.52",
            "revenue": 5051284
        },
        "2016-09": {
            "month": "2016-09",
            "price": "210.05",
            "revenue": 5200784
        },
        "2016-10": {
            "month": "2016-10",
            "price": "221.00",
            "revenue": 4252636
        },
        "2016-11": {
            "month": "2016-11",
            "price": "202.00",
            "revenue": 4394789
        },
        "2016-12": {
            "month": "2016-12",
            "price": "186.05",
            "revenue": 4132229
        },
        "2017-01": {
            "month": "2017-01",
            "price": "194.25",
            "revenue": 4141944
        },
        "2017-02": {
            "month": "2017-02",
            "price": "195.50",
            "revenue": 4095873
        },
        "2017-03": {
            "month": "2017-03",
            "price": "185.09",
            "revenue": 5267028
        },
        "2017-04": {
            "month": "2017-04",
            "price": "177.69",
            "revenue": 4518691
        },
        "2017-05": {
            "month": "2017-05",
            "price": "179.18",
            "revenue": 4491645
        },
        "2017-06": {
            "month": "2017-06",
            "price": "175.96",
            "revenue": 4367850
        },
        "2017-07": {
            "month": "2017-07",
            "price": "163.14",
            "revenue": 4775205
        },
        "2017-08": {
            "month": "2017-08",
            "price": "152.61",
            "revenue": 4925942
        },
        "2017-09": {
            "month": "2017-09",
            "price": "146.86",
            "revenue": 5163208
        },
        "2017-10": {
            "month": "2017-10",
            "price": "152.24",
            "revenue": 4400296
        },
        "2017-11": {
            "month": "2017-11",
            "price": "152.68",
            "revenue": 4530643
        },
        "2017-12": {
            "month": "2017-12",
            "price": "154.90",
            "revenue": 4148630
        },
        "2018-01": {
            "month": "2018-01",
            "price": "167.70",
            "revenue": 4444884
        },
        "2018-02": {
            "month": "2018-02",
            "price": "156.42",
            "revenue": 3932969
        },
        "2018-03": {
            "month": "2018-03",
            "price": "159.02",
            "revenue": 5571468
        },
        "2018-04": {
            "month": "2018-04",
            "price": "150.92",
            "revenue": 4960388
        },
        "2018-05": {
            "month": "2018-05",
            "price": "141.48",
            "revenue": 5384650
        },
        "2018-06": {
            "month": "2018-06",
            "price": "131.78",
            "revenue": 4858140
        },
        "2018-07": {
            "month": "2018-07",
            "price": "128.59",
            "revenue": 5141396
        },
        "2018-08": {
            "month": "2018-08",
            "price": "131.26",
            "revenue": 5310823
        },
        "2018-09": {
            "month": "2018-09",
            "price": "130.37",
            "revenue": 5726659
        },
        "2018-10": {
            "month": "2018-10",
            "price": "123.93",
            "revenue": 5124802
        },
        "2018-11": {
            "month": "2018-11",
            "price": "134.41",
            "revenue": 5050457
        },
        "2018-12": {
            "month": "2018-12",
            "price": "144.62",
            "revenue": 4495899
        },
        "2019-01": {
            "month": "2019-01",
            "price": "156.95",
            "revenue": 4823947
        },
        "2019-02": {
            "month": "2019-02",
            "price": "161.96",
            "revenue": 4041264
        },
        "2019-03": {
            "month": "2019-03",
            "price": "190.75",
            "revenue": 5771694
        },
        "2019-04": {
            "month": "2019-04",
            "price": "213.80",
            "revenue": 5780125
        },
        "2019-05": {
            "month": "2019-05",
            "price": "226.02",
            "revenue": 5380719
        },
        "2019-06": {
            "month": "2019-06",
            "price": "238.89",
            "revenue": 4881737
        },
        "2019-07": {
            "month": "2019-07",
            "price": "238.96",
            "revenue": 5268188
        },
        "2019-08": {
            "month": "2019-08",
            "price": "229.45",
            "revenue": 5698023
        },
        "2019-09": {
            "month": "2019-09",
            "price": "218.13",
            "revenue": 6011348
        },
        "2019-10": {
            "month": "2019-10",
            "price": "217.00",
            "revenue": 5574519
        },
        "2019-11": {
            "month": "2019-11",
            "price": "222.50",
            "revenue": 5365814
        },
        "2019-12": {
            "month": "2019-12",
            "price": "209.73",
            "revenue": 4807575
        },
        "2020-01": {
            "month": "2020-01",
            "price": "195.37",
            "revenue": 4748125
        },
        "2020-02": {
            "month": "2020-02",
            "price": "178.45",
            "revenue": 3956746
        },
        "2020-03": {
            "month": "2020-03",
            "price": "147.45",
            "revenue": 4616457
        },
        "2020-04": {
            "month": "2020-04",
            "price": "145.72",
            "revenue": 5031327
        },
        "2020-05": {
            "month": "2020-05",
            "price": "212.30",
            "revenue": 7085102
        },
        "2020-06": {
            "month": "2020-06",
            "price": "252.25",
            "revenue": 7571853
        },
        "2020-07": {
            "month": "2020-07",
            "price": "298.09",
            "revenue": 6733336
        },
        "2020-08": {
            "month": "2020-08",
            "price": "310.48",
            "revenue": 6345452
        },
        "2020-09": {
            "month": "2020-09",
            "price": "284.66",
            "revenue": 6448009
        },
        "2020-10": {
            "month": "2020-10",
            "price": "269.82",
            "revenue": 5704790
        },
        "2020-11": {
            "month": "2020-11",
            "price": "280.95",
            "revenue": 6010439
        },
        "2020-12": {
            "month": "2020-12",
            "price": "270.63",
            "revenue": 5751652
        },
        "2021-01": {
            "month": "2021-01",
            "price": "282.58",
            "revenue": 6570677
        },
        "2021-02": {
            "month": "2021-02",
            "price": "285.19",
            "revenue": 5623264
        },
        "2021-03": {
            "month": "2021-03",
            "price": "289.30",
            "revenue": 8410959
        },
        "2021-04": {
            "month": "2021-04",
            "price": "349.63",
            "revenue": 6911440
        },
        "2021-05": {
            "month": "2021-05",
            "price": "326.19",
            "revenue": 7192118
        },
        "2021-06": {
            "month": "2021-06",
            "price": "320.40",
            "revenue": 7281091
        },
        "2021-07": {
            "month": "2021-07",
            "price": "304.73",
            "revenue": 6936813
        },
        "2021-08": {
            "month": "2021-08",
            "price": "324.93",
            "revenue": 6457931
        },
        "2021-09": {
            "month": "2021-09",
            "price": "330.65",
            "revenue": 6518236
        },
        "2021-10": {
            "month": "2021-10",
            "price": "310.00",
            "revenue": 6531108
        },
        "2021-11": {
            "month": "2021-11",
            "price": "313.64",
            "revenue": 7009034
        },
        "2021-12": {
            "month": "2021-12",
            "price": "330.86",
            "revenue": 6413438
        },
        "2022-01": {
            "month": "2022-01",
            "price": "333.58",
            "revenue": 6678252
        },
        "2022-02": {
            "month": "2022-02",
            "price": "301.30",
            "revenue": 6687848
        },
        "2022-03": {
            "month": "2022-03",
            "price": "276.96",
            "revenue": 8939827
        },
        "2022-04": {
            "month": "2022-04",
            "price": "257.29",
            "revenue": 5845888
        },
        "2022-05": {
            "month": "2022-05",
            "price": "242.10",
            "revenue": 7981361
        },
        "2022-06": {
            "month": "2022-06",
            "price": "250.24",
            "revenue": 8869017
        },
        "2022-07": {
            "month": "2022-07",
            "price": "232.52",
            "revenue": 9163350
        },
        "2022-08": {
            "month": "2022-08",
            "price": "251.26",
            "revenue": 8711576
        },
        "2022-09": {
            "month": "2022-09",
            "price": "224.19",
            "revenue": 8004884
        },
        "2022-10": {
            "month": "2022-10",
            "price": "208.28",
            "revenue": 7939038
        },
        "2022-11": {
            "month": "2022-11",
            "price": "228.55",
            "revenue": 7606546
        },
        "2022-12": {
            "month": "2022-12",
            "price": "215.57",
            "revenue": 5616283
        },
        "2023-01": {
            "month": "2023-01",
            "price": "204.69",
            "revenue": 5828346
        },
        "2023-02": {
            "month": "2023-02",
            "price": "207.78",
            "revenue": 5690701
        },
        "2023-03": {
            "month": "2023-03",
            "price": "185.41",
            "revenue": 8622040
        },
        "2023-04": {
            "month": "2023-04",
            "price": "183.18",
            "revenue": 7031054
        },
        "2023-05": {
            "month": "2023-05",
            "price": "194.00",
            "revenue": 7713712
        },
        "2023-06": {
            "month": "2023-06",
            "price": "216.48",
            "revenue": 7670315
        },
        "2023-07": {
            "month": "2023-07",
            "price": "233.76",
            "revenue": 6493721
        },
        "2023-08": {
            "month": "2023-08",
            "price": "208.45",
            "revenue": 6719251
        },
        "2023-09": {
            "month": "2023-09",
            "price": "187.50",
            "revenue": 6329718
        },
        "2023-10": {
            "month": "2023-10",
            "price": "172.82",
            "revenue": 5211668
        },
        "2023-11": {
            "month": "2023-11",
            "price": "172.89",
            "revenue": 5469364
        },
        "2023-12": {
            "month": "2023-12",
            "price": "183.07",
            "revenue": 4168969
        }
    }
}
