{
    "summary": {
        "stock_name": "福興",
        "stock_id": "9924",
        "category": "居家生活",
        "main_business": "1.表面處理業2.製鎖業3.其他金屬製品製造業4.模具製造零售業<br>5.電信管制射頻器材輸入製造業6.金屬、鋁鑄造業<br>7.除許可業務外，得經營法令非禁止或限制之業務",
        "website_url": "http://www.fuhsing.com.tw",
        "ceo": "陳建昆",
        "pe_ratio": 10,
        "report_year_from": 2001,
        "report_year_to": 2023,
        "age": 22,
        "eps_negative_percentage": 0,
        "eps_growth_avg": {
            "last_all": 7.13,
            "last_2y": 5.66,
            "last_4y": 12.41,
            "last_8y": 8.47,
            "last_12y": 10.59,
            "last_16y": 2.79,
            "last_20y": 7.13,
            "at_2006_last_3y": 21.45,
            "at_2007_last_3y": -2.73,
            "at_2008_last_3y": -22.58,
            "at_2009_last_3y": -22.58,
            "at_2010_last_3y": -8.16,
            "at_2011_last_3y": 5.32,
            "at_2012_last_3y": 27.49,
            "at_2013_last_3y": 15.35,
            "at_2014_last_3y": 12.65,
            "at_2015_last_3y": 29.03,
            "at_2016_last_3y": 24.68,
            "at_2017_last_3y": 3.56,
            "at_2018_last_3y": 13.3,
            "at_2019_last_3y": 3.83,
            "at_2020_last_3y": 3.01,
            "at_2021_last_3y": 6.47,
            "at_2022_last_3y": 9,
            "at_2023_last_3y": 9,
            "at_2006_last_all": 8.52,
            "at_2007_last_all": -3.32,
            "at_2008_last_all": -12.56,
            "at_2009_last_all": 1.51,
            "at_2010_last_all": 1.11,
            "at_2011_last_all": 0.13,
            "at_2012_last_all": 2,
            "at_2013_last_all": 6.13,
            "at_2014_last_all": 4.66,
            "at_2015_last_all": 8.39,
            "at_2016_last_all": 8.05,
            "at_2017_last_all": 5.48,
            "at_2018_last_all": 6.69,
            "at_2019_last_all": 7.38,
            "at_2020_last_all": 6.99,
            "at_2021_last_all": 5.68,
            "at_2022_last_all": 7.13,
            "at_2023_last_all": 7.13
        },
        "latest_eps": 4.41,
        "latest_price": 42.9,
        "latest_roe": 13.31,
        "latest_gross_margin": 19.48,
        "latest_equity": 6427547,
        "latest_revenue": 2110133,
        "latest_gross_profit": 411132,
        "latest_net_income": 226005,
        "latest_debt_ratio": 26.15,
        "latest_current_ratio": 292.16,
        "latest_account_receivable_turnover_ratio": 1.64,
        "latest_inventory_turnover_ratio": 1.47,
        "latest_reinvestment_rate": 3.53,
        "latest_research_to_sale_ratio": 2.27
    },
    "eps_dividends": {
        "1993": {
            "cash": 0,
            "stock": 1.25,
            "eps": 0
        },
        "1994": {
            "cash": 0,
            "stock": 1.5,
            "eps": 0
        },
        "1995": {
            "cash": 0,
            "stock": 1.2,
            "eps": 0
        },
        "1997": {
            "cash": 0,
            "stock": 0.8,
            "eps": 0
        },
        "1998": {
            "cash": 0.6,
            "stock": 0.6,
            "eps": 0
        },
        "1999": {
            "cash": 0.6,
            "stock": 1.2,
            "eps": 0
        },
        "2000": {
            "cash": 0.8,
            "stock": 0.7,
            "eps": 0
        },
        "2001": {
            "cash": 0.8,
            "stock": 0.4,
            "eps": 3.45
        },
        "2002": {
            "cash": 2,
            "stock": 0.5,
            "eps": 1.96
        },
        "2003": {
            "cash": 1.36,
            "stock": 0,
            "eps": 2.63
        },
        "2004": {
            "cash": 1.75,
            "stock": 0,
            "eps": 2.93
        },
        "2005": {
            "cash": 1.2,
            "stock": 0.1,
            "eps": 6.84
        },
        "2006": {
            "cash": 4,
            "stock": 0,
            "eps": 2.75
        },
        "2007": {
            "cash": 2.5,
            "stock": 0,
            "eps": 1.03
        },
        "2008": {
            "cash": 1.5,
            "stock": 0,
            "eps": 0.33
        },
        "2009": {
            "cash": 0.7,
            "stock": 0,
            "eps": 1.89
        },
        "2010": {
            "cash": 1.5,
            "stock": 0,
            "eps": 1.85
        },
        "2011": {
            "cash": 2.4,
            "stock": 0,
            "eps": 1.69
        },
        "2012": {
            "cash": 0,
            "stock": 0,
            "eps": 2.04
        },
        "2013": {
            "cash": 1.5,
            "stock": 0,
            "eps": 3.09
        },
        "2014": {
            "cash": 2,
            "stock": 0,
            "eps": 2.69
        },
        "2015": {
            "cash": 2,
            "stock": 0,
            "eps": 4.22
        },
        "2016": {
            "cash": 2.8,
            "stock": 0,
            "eps": 4.36
        },
        "2017": {
            "cash": 2.8,
            "stock": 0,
            "eps": 2.92
        },
        "2018": {
            "cash": 2,
            "stock": 0,
            "eps": 3.68
        },
        "2019": {
            "cash": 2.4,
            "stock": 0,
            "eps": 4.38
        },
        "2020": {
            "cash": 2.6,
            "stock": 0,
            "eps": 4.38
        },
        "2021": {
            "cash": 2.6,
            "stock": 0,
            "eps": 3.54
        },
        "2022": {
            "cash": 2.4,
            "stock": 0,
            "eps": 4.82
        },
        "2023": {
            "cash": 2.9,
            "stock": 0,
            "eps": 1.7
        }
    },
    "dividends": {
        "1993-06-17": {
            "cash": 0,
            "stock": 1.25
        },
        "1994-04-27": {
            "cash": 0,
            "stock": 1.5
        },
        "1995-04-22": {
            "cash": 0,
            "stock": 1.2
        },
        "1997-04-19": {
            "cash": 0,
            "stock": 0.8
        },
        "1998-04-22": {
            "cash": 0.6,
            "stock": 0.6
        },
        "1999-04-16": {
            "cash": 0.6,
            "stock": 1.2
        },
        "2000-05-19": {
            "cash": 0.8,
            "stock": 0.7
        },
        "2001-05-22": {
            "cash": 0.8,
            "stock": 0.4
        },
        "2002-05-31": {
            "cash": 2,
            "stock": 0.5
        },
        "2003-04-10": {
            "cash": 1.36,
            "stock": 0
        },
        "2004-04-15": {
            "cash": 1.75,
            "stock": 0
        },
        "2005-04-19": {
            "cash": 1.2,
            "stock": 0.1
        },
        "2006-04-11": {
            "cash": 4,
            "stock": 0
        },
        "2007-04-11": {
            "cash": 2.5,
            "stock": 0
        },
        "2008-04-11": {
            "cash": 1.5,
            "stock": 0
        },
        "2009-04-13": {
            "cash": 0.7,
            "stock": 0
        },
        "2010-04-12": {
            "cash": 1.5,
            "stock": 0
        },
        "2011-01-01": {
            "cash": 1.2,
            "stock": 0
        },
        "2011-04-25": {
            "cash": 1.2,
            "stock": 0
        },
        "2013-05-06": {
            "cash": 1.5,
            "stock": 0
        },
        "2014-06-18": {
            "cash": 2,
            "stock": 0
        },
        "2015-08-14": {
            "cash": 2,
            "stock": 0
        },
        "2016-08-12": {
            "cash": 2.8,
            "stock": 0
        },
        "2017-08-11": {
            "cash": 2.8,
            "stock": 0
        },
        "2018-08-10": {
            "cash": 2,
            "stock": 0
        },
        "2019-08-09": {
            "cash": 2.4,
            "stock": 0
        },
        "2020-07-17": {
            "cash": 2.6,
            "stock": 0
        },
        "2021-08-19": {
            "cash": 2.6,
            "stock": 0
        },
        "2022-07-15": {
            "cash": 2.4,
            "stock": 0
        },
        "2023-07-05": {
            "cash": 2.9,
            "stock": 0
        }
    },
    "prices": {
        "200101": "11.80",
        "200102": "14.36",
        "200103": "21.20",
        "200104": "25.54",
        "200105": "23.29",
        "200106": "27.90",
        "200107": "25.70",
        "200108": "25.00",
        "200109": "20.38",
        "200110": "19.60",
        "200111": "22.16",
        "200112": "26.24",
        "200201": "28.09",
        "200202": "25.64",
        "200203": "26.23",
        "200204": "26.69",
        "200205": "24.64",
        "200206": "24.99",
        "200207": "22.40",
        "200208": "20.15",
        "200209": "20.26",
        "200210": "18.30",
        "200211": "19.70",
        "200212": "19.64",
        "200301": "21.02",
        "200302": "19.69",
        "200303": "19.08",
        "200304": "19.76",
        "200305": "21.32",
        "200306": "23.00",
        "200307": "24.05",
        "200308": "26.83",
        "200309": "25.57",
        "200310": "27.62",
        "200311": "30.09",
        "200312": "29.10",
        "200401": "32.29",
        "200402": "34.12",
        "200403": "33.80",
        "200404": "32.57",
        "200405": "29.85",
        "200406": "30.55",
        "200407": "30.86",
        "200408": "29.06",
        "200409": "30.04",
        "200410": "30.84",
        "200411": "32.83",
        "200412": "34.12",
        "200501": "35.04",
        "200502": "35.59",
        "200503": "35.27",
        "200504": "35.46",
        "200505": "34.80",
        "200506": "35.74",
        "200507": "35.92",
        "200508": "35.90",
        "200509": "35.78",
        "200510": "35.81",
        "200511": "35.56",
        "200512": "36.33",
        "200601": "35.94",
        "200602": "35.25",
        "200603": "35.24",
        "200604": "35.65",
        "200605": "36.28",
        "200606": "36.17",
        "200607": "35.43",
        "200608": "31.75",
        "200609": "28.21",
        "200610": "30.81",
        "200611": "30.90",
        "200612": "29.05",
        "200701": "28.15",
        "200702": "27.46",
        "200703": "27.78",
        "200704": "28.99",
        "200705": "28.72",
        "200706": "29.07",
        "200707": "28.36",
        "200708": "25.61",
        "200709": "24.99",
        "200710": "25.03",
        "200711": "21.24",
        "200712": "20.68",
        "200801": "18.98",
        "200802": "17.47",
        "200803": "17.83",
        "200804": "18.75",
        "200805": "18.75",
        "200806": "17.66",
        "200807": "14.20",
        "200808": "13.70",
        "200809": "12.99",
        "200810": "10.80",
        "200811": "11.02",
        "200812": "11.19",
        "200901": "10.69",
        "200902": "10.01",
        "200903": "11.00",
        "200904": "16.05",
        "200905": "17.04",
        "200906": "15.34",
        "200907": "15.23",
        "200908": "15.52",
        "200909": "18.41",
        "200910": "18.14",
        "200911": "19.13",
        "200912": "19.38",
        "201001": "20.21",
        "201002": "19.16",
        "201003": "19.85",
        "201004": "20.75",
        "201005": "19.78",
        "201006": "20.24",
        "201007": "18.98",
        "201008": "19.96",
        "201009": "19.98",
        "201010": "19.95",
        "201011": "20.39",
        "201012": "22.19",
        "201101": "23.59",
        "201102": "23.40",
        "201103": "22.86",
        "201104": "23.26",
        "201105": "22.18",
        "201106": "21.19",
        "201107": "20.19",
        "201108": "18.18",
        "201109": "17.56",
        "201110": "17.46",
        "201111": "17.01",
        "201112": "16.91",
        "201201": "16.70",
        "201202": "17.80",
        "201203": "18.53",
        "201204": "19.13",
        "201205": "19.62",
        "201206": "19.85",
        "201207": "19.93",
        "201208": "22.91",
        "201209": "23.44",
        "201210": "23.49",
        "201211": "23.82",
        "201212": "24.95",
        "201301": "26.42",
        "201302": "27.69",
        "201303": "28.43",
        "201304": "28.09",
        "201305": "28.38",
        "201306": "27.15",
        "201307": "32.65",
        "201308": "31.26",
        "201309": "31.78",
        "201310": "32.46",
        "201311": "31.74",
        "201312": "32.12",
        "201401": "32.31",
        "201402": "32.60",
        "201403": "31.94",
        "201404": "31.89",
        "201405": "31.60",
        "201406": "31.70",
        "201407": "29.68",
        "201408": "28.81",
        "201409": "29.64",
        "201410": "28.87",
        "201411": "29.73",
        "201412": "30.15",
        "201501": "33.25",
        "201502": "34.98",
        "201503": "39.18",
        "201504": "38.12",
        "201505": "39.71",
        "201506": "40.49",
        "201507": "37.24",
        "201508": "42.40",
        "201509": "53.63",
        "201510": "51.70",
        "201511": "49.81",
        "201512": "45.13",
        "201601": "41.49",
        "201602": "44.77",
        "201603": "45.21",
        "201604": "43.21",
        "201605": "43.20",
        "201606": "45.98",
        "201607": "51.07",
        "201608": "45.29",
        "201609": "42.88",
        "201610": "40.81",
        "201611": "40.64",
        "201612": "41.71",
        "201701": "42.39",
        "201702": "43.33",
        "201703": "42.55",
        "201704": "41.97",
        "201705": "41.59",
        "201706": "41.82",
        "201707": "39.73",
        "201708": "38.01",
        "201709": "38.20",
        "201710": "38.52",
        "201711": "38.36",
        "201712": "38.08",
        "201801": "37.95",
        "201802": "36.75",
        "201803": "37.00",
        "201804": "36.34",
        "201805": "35.10",
        "201806": "34.89",
        "201807": "33.95",
        "201808": "34.90",
        "201809": "34.83",
        "201810": "32.70",
        "201811": "33.90",
        "201812": "34.65",
        "201901": "34.95",
        "201902": "36.62",
        "201903": "37.17",
        "201904": "39.50",
        "201905": "41.62",
        "201906": "45.66",
        "201907": "44.36",
        "201908": "44.06",
        "201909": "45.29",
        "201910": "44.14",
        "201911": "43.94",
        "201912": "43.94",
        "202001": "43.40",
        "202002": "41.64",
        "202003": "37.53",
        "202004": "38.21",
        "202005": "40.25",
        "202006": "41.25",
        "202007": "39.44",
        "202008": "41.21",
        "202009": "42.93",
        "202010": "43.19",
        "202011": "44.29",
        "202012": "44.92",
        "202101": "44.37",
        "202102": "44.13",
        "202103": "45.70",
        "202104": "47.53",
        "202105": "44.78",
        "202106": "45.02",
        "202107": "44.89",
        "202108": "41.01",
        "202109": "40.95",
        "202110": "40.81",
        "202111": "40.81",
        "202112": "41.04",
        "202201": "41.49",
        "202202": "42.39",
        "202203": "42.40",
        "202204": "42.29",
        "202205": "41.20",
        "202206": "40.37",
        "202207": "38.89",
        "202208": "41.46",
        "202209": "42.76",
        "202210": "40.41",
        "202211": "41.24",
        "202212": "41.51",
        "202301": "41.85",
        "202302": "42.41",
        "202303": "43.66",
        "202304": "43.64",
        "202305": "43.82",
        "202306": "43.36",
        "202307": "42.82",
        "202308": "42.43",
        "202309": "42.79"
    },
    "quarters": {
        "20011": {
            "year_quarter": 20011,
            "year": 2001,
            "quarter": 1,
            "eps": 1.19,
            "eps_growth_year": 116.36,
            "eps_4q": 1.69,
            "eps_4q_growth_year": 51.5,
            "roe": 7.93,
            "roe_4q": 7.93,
            "gross_profit": 144178,
            "gross_margin": 22.38,
            "gross_margin_4q_avg": 22.38,
            "net_income": 181150,
            "revenue": 644163,
            "common_shares": 1561181,
            "book_valuer_per_share": 15.58,
            "book_valuer_per_share_4q_avg": 15.58,
            "equity": 2432575,
            "current_ratio": 239.96,
            "debt_ratio": 23.15,
            "inventory_turnover_ratio": 1.08,
            "account_receivable_turnover_ratio": null,
            "reinvestment_rate": null,
            "research_to_sale_ratio": null,
            "price_fair": 0,
            "eps_avg_yearly": 0,
            "eps_latest_yearly": 0,
            "eps_growth_yearly": 0
        },
        "20012": {
            "year_quarter": 20012,
            "year": 2001,
            "quarter": 2,
            "eps": 0.95,
            "eps_growth_year": 331.82,
            "eps_4q": 2.41,
            "eps_4q_growth_year": 235.62,
            "roe": 5.94,
            "roe_4q": 13.870000000000001,
            "gross_profit": 194031,
            "gross_margin": 23.83,
            "gross_margin_4q_avg": 23.11,
            "net_income": 145130,
            "revenue": 814145,
            "common_shares": 1561181,
            "book_valuer_per_share": 15.71,
            "book_valuer_per_share_4q_avg": 15.65,
            "equity": 2453006,
            "current_ratio": 191.86,
            "debt_ratio": 27.18,
            "inventory_turnover_ratio": 1.64,
            "account_receivable_turnover_ratio": null,
            "reinvestment_rate": null,
            "research_to_sale_ratio": null,
            "price_fair": 0,
            "eps_avg_yearly": 0,
            "eps_latest_yearly": 0,
            "eps_growth_yearly": 0
        },
        "20013": {
            "year_quarter": 20013,
            "year": 2001,
            "quarter": 3,
            "eps": 0.46,
            "eps_growth_year": 557.14,
            "eps_4q": 2.7,
            "eps_4q_growth_year": 464.09,
            "roe": 2.94,
            "roe_4q": 16.810000000000002,
            "gross_profit": 169389,
            "gross_margin": 24.65,
            "gross_margin_4q_avg": 23.62,
            "net_income": 73215,
            "revenue": 687217,
            "common_shares": 1622269,
            "book_valuer_per_share": 15.57,
            "book_valuer_per_share_4q_avg": 15.62,
            "equity": 2526222,
            "current_ratio": 235.38,
            "debt_ratio": 22.26,
            "inventory_turnover_ratio": 1.4,
            "account_receivable_turnover_ratio": null,
            "reinvestment_rate": null,
            "research_to_sale_ratio": null,
            "price_fair": 0,
            "eps_avg_yearly": 0,
            "eps_latest_yearly": 0,
            "eps_growth_yearly": 0
        },
        "20014": {
            "year_quarter": 20014,
            "year": 2001,
            "quarter": 4,
            "eps": 0.85,
            "eps_growth_year": 347.37,
            "eps_4q": 3.36,
            "eps_4q_growth_year": 237.95,
            "roe": 5.45,
            "roe_4q": 22.26,
            "gross_profit": 134159,
            "gross_margin": 22.3,
            "gross_margin_4q_avg": 23.29,
            "net_income": 135339,
            "revenue": 601615,
            "common_shares": 1622269,
            "book_valuer_per_share": 15.03,
            "book_valuer_per_share_4q_avg": 15.47,
            "equity": 2438904,
            "current_ratio": 312.12,
            "debt_ratio": 23.28,
            "inventory_turnover_ratio": 0.98,
            "account_receivable_turnover_ratio": null,
            "reinvestment_rate": null,
            "research_to_sale_ratio": null,
            "price_fair": 0,
            "eps_avg_yearly": 0,
            "eps_latest_yearly": 0,
            "eps_growth_yearly": 0
        },
        "20021": {
            "year_quarter": 20021,
            "year": 2002,
            "quarter": 1,
            "eps": 0.45,
            "eps_growth_year": -62.18,
            "eps_4q": 2.85,
            "eps_4q_growth_year": 68.19,
            "roe": 2.69,
            "roe_4q": 17.02,
            "gross_profit": 137567,
            "gross_margin": 23.94,
            "gross_margin_4q_avg": 23.68,
            "net_income": 66407,
            "revenue": 574672,
            "common_shares": 1622269,
            "book_valuer_per_share": 15.44,
            "book_valuer_per_share_4q_avg": 15.44,
            "equity": 2505311,
            "current_ratio": 310.44,
            "debt_ratio": 19.59,
            "inventory_turnover_ratio": 0.92,
            "account_receivable_turnover_ratio": null,
            "reinvestment_rate": null,
            "research_to_sale_ratio": null,
            "price_fair": 5.4,
            "eps_avg_yearly": 1.8,
            "eps_latest_yearly": 1.8,
            "eps_growth_yearly": -188.24
        },
        "20022": {
            "year_quarter": 20022,
            "year": 2002,
            "quarter": 2,
            "eps": 0.81,
            "eps_growth_year": -14.74,
            "eps_4q": 2.58,
            "eps_4q_growth_year": 7,
            "roe": 5.33,
            "roe_4q": 16.41,
            "gross_profit": 169609,
            "gross_margin": 22.58,
            "gross_margin_4q_avg": 23.37,
            "net_income": 126074,
            "revenue": 751306,
            "common_shares": 1622269,
            "book_valuer_per_share": 13.74,
            "book_valuer_per_share_4q_avg": 14.95,
            "equity": 2228838,
            "current_ratio": 169.59,
            "debt_ratio": 29.05,
            "inventory_turnover_ratio": 1.67,
            "account_receivable_turnover_ratio": null,
            "reinvestment_rate": null,
            "research_to_sale_ratio": null,
            "price_fair": 88.2,
            "eps_avg_yearly": 2.52,
            "eps_latest_yearly": 3.24,
            "eps_growth_yearly": 65.88
        },
        "20023": {
            "year_quarter": 20023,
            "year": 2002,
            "quarter": 3,
            "eps": 0.37,
            "eps_growth_year": -19.57,
            "eps_4q": 2.46,
            "eps_4q_growth_year": -8.7,
            "roe": 2.55,
            "roe_4q": 16.02,
            "gross_profit": 113529,
            "gross_margin": 19.01,
            "gross_margin_4q_avg": 21.96,
            "net_income": 57946,
            "revenue": 597213,
            "common_shares": 1701682,
            "book_valuer_per_share": 13.59,
            "book_valuer_per_share_4q_avg": 14.45,
            "equity": 2312163,
            "current_ratio": 193.9,
            "debt_ratio": 25.17,
            "inventory_turnover_ratio": 1.4,
            "account_receivable_turnover_ratio": null,
            "reinvestment_rate": null,
            "research_to_sale_ratio": null,
            "price_fair": 6.52,
            "eps_avg_yearly": 2.17,
            "eps_latest_yearly": 1.48,
            "eps_growth_yearly": -28.51
        },
        "20024": {
            "year_quarter": 20024,
            "year": 2002,
            "quarter": 4,
            "eps": 0.33,
            "eps_growth_year": -61.18,
            "eps_4q": 1.93,
            "eps_4q_growth_year": -42.43,
            "roe": 2.18,
            "roe_4q": 12.75,
            "gross_profit": 144483,
            "gross_margin": 23.09,
            "gross_margin_4q_avg": 22.16,
            "net_income": 51527,
            "revenue": 625794,
            "common_shares": 1701682,
            "book_valuer_per_share": 13.93,
            "book_valuer_per_share_4q_avg": 14.18,
            "equity": 2415022,
            "current_ratio": 266.12,
            "debt_ratio": 24.51,
            "inventory_turnover_ratio": 1.02,
            "account_receivable_turnover_ratio": null,
            "reinvestment_rate": 23.92,
            "research_to_sale_ratio": null,
            "price_fair": 5.88,
            "eps_avg_yearly": 1.96,
            "eps_latest_yearly": 1.32,
            "eps_growth_yearly": -32.19
        },
        "20031": {
            "year_quarter": 20031,
            "year": 2003,
            "quarter": 1,
            "eps": 0.48,
            "eps_growth_year": 6.67,
            "eps_4q": 1.99,
            "eps_4q_growth_year": -30.2,
            "roe": 3.09,
            "roe_4q": 13.149999999999999,
            "gross_profit": 151565,
            "gross_margin": 22.65,
            "gross_margin_4q_avg": 21.83,
            "net_income": 75021,
            "revenue": 669096,
            "common_shares": 1701682,
            "book_valuer_per_share": 14.36,
            "book_valuer_per_share_4q_avg": 13.91,
            "equity": 2443737,
            "current_ratio": 309.33,
            "debt_ratio": 34.26,
            "inventory_turnover_ratio": 1.07,
            "account_receivable_turnover_ratio": null,
            "reinvestment_rate": -3.02,
            "research_to_sale_ratio": null,
            "price_fair": 40.23,
            "eps_avg_yearly": 1.95,
            "eps_latest_yearly": 1.92,
            "eps_growth_yearly": 10.61
        },
        "20032": {
            "year_quarter": 20032,
            "year": 2003,
            "quarter": 2,
            "eps": 1.02,
            "eps_growth_year": 25.93,
            "eps_4q": 2.16,
            "eps_4q_growth_year": -16.12,
            "roe": 6.88,
            "roe_4q": 14.7,
            "gross_profit": 183964,
            "gross_margin": 22.53,
            "gross_margin_4q_avg": 21.82,
            "net_income": 164899,
            "revenue": 816568,
            "common_shares": 1701682,
            "book_valuer_per_share": 13.82,
            "book_valuer_per_share_4q_avg": 13.93,
            "equity": 2350989,
            "current_ratio": 254.69,
            "debt_ratio": 37,
            "inventory_turnover_ratio": 1.68,
            "account_receivable_turnover_ratio": null,
            "reinvestment_rate": -8.04,
            "research_to_sale_ratio": null,
            "price_fair": 80.73,
            "eps_avg_yearly": 2.31,
            "eps_latest_yearly": 4.08,
            "eps_growth_yearly": 83.84
        },
        "20033": {
            "year_quarter": 20033,
            "year": 2003,
            "quarter": 3,
            "eps": 0.68,
            "eps_growth_year": 83.78,
            "eps_4q": 2.48,
            "eps_4q_growth_year": 0.5,
            "roe": 4.51,
            "roe_4q": 16.66,
            "gross_profit": 152247,
            "gross_margin": 19.95,
            "gross_margin_4q_avg": 22.06,
            "net_income": 110376,
            "revenue": 763023,
            "common_shares": 1753693,
            "book_valuer_per_share": 14.49,
            "book_valuer_per_share_4q_avg": 14.15,
            "equity": 2540294,
            "current_ratio": 398.76,
            "debt_ratio": 28.06,
            "inventory_turnover_ratio": 1.63,
            "account_receivable_turnover_ratio": null,
            "reinvestment_rate": -6.98,
            "research_to_sale_ratio": null,
            "price_fair": 82.8,
            "eps_avg_yearly": 2.37,
            "eps_latest_yearly": 2.72,
            "eps_growth_yearly": 52.82
        },
        "20034": {
            "year_quarter": 20034,
            "year": 2003,
            "quarter": 4,
            "eps": 0.45,
            "eps_growth_year": 36.36,
            "eps_4q": 2.56,
            "eps_4q_growth_year": 32.37,
            "roe": 2.86,
            "roe_4q": 17.34,
            "gross_profit": 162547,
            "gross_margin": 20.51,
            "gross_margin_4q_avg": 21.41,
            "net_income": 74717,
            "revenue": 792714,
            "common_shares": 1757045,
            "book_valuer_per_share": 15.02,
            "book_valuer_per_share_4q_avg": 14.42,
            "equity": 2676985,
            "current_ratio": 366.13,
            "debt_ratio": 31.54,
            "inventory_turnover_ratio": 1.26,
            "account_receivable_turnover_ratio": null,
            "reinvestment_rate": 2.13,
            "research_to_sale_ratio": null,
            "price_fair": 80.33,
            "eps_avg_yearly": 2.3,
            "eps_latest_yearly": 1.8,
            "eps_growth_yearly": 29.3
        },
        "20041": {
            "year_quarter": 20041,
            "year": 2004,
            "quarter": 1,
            "eps": 0.49,
            "eps_growth_year": 2.08,
            "eps_4q": 2.57,
            "eps_4q_growth_year": 29.38,
            "roe": 3.05,
            "roe_4q": 17.3,
            "gross_profit": 136021,
            "gross_margin": 16.81,
            "gross_margin_4q_avg": 19.95,
            "net_income": 82417,
            "revenue": 808978,
            "common_shares": 1772575,
            "book_valuer_per_share": 15.38,
            "book_valuer_per_share_4q_avg": 14.68,
            "equity": 2726100,
            "current_ratio": 369.45,
            "debt_ratio": 28.17,
            "inventory_turnover_ratio": 1.35,
            "account_receivable_turnover_ratio": null,
            "reinvestment_rate": -6.86,
            "research_to_sale_ratio": null,
            "price_fair": 79.02,
            "eps_avg_yearly": 2.26,
            "eps_latest_yearly": 1.96,
            "eps_growth_yearly": 30
        },
        "20042": {
            "year_quarter": 20042,
            "year": 2004,
            "quarter": 2,
            "eps": 0.8,
            "eps_growth_year": -21.57,
            "eps_4q": 2.38,
            "eps_4q_growth_year": 10.07,
            "roe": 4.83,
            "roe_4q": 15.25,
            "gross_profit": 206374,
            "gross_margin": 20.18,
            "gross_margin_4q_avg": 19.36,
            "net_income": 135553,
            "revenue": 1022602,
            "common_shares": 1873757,
            "book_valuer_per_share": 15.43,
            "book_valuer_per_share_4q_avg": 15.08,
            "equity": 2891338,
            "current_ratio": 203.08,
            "debt_ratio": 29.25,
            "inventory_turnover_ratio": 2,
            "account_receivable_turnover_ratio": null,
            "reinvestment_rate": -5.64,
            "research_to_sale_ratio": null,
            "price_fair": 82.32,
            "eps_avg_yearly": 2.35,
            "eps_latest_yearly": 3.2,
            "eps_growth_yearly": 52.3
        },
        "20043": {
            "year_quarter": 20043,
            "year": 2004,
            "quarter": 3,
            "eps": 0.98,
            "eps_growth_year": 44.12,
            "eps_4q": 2.61,
            "eps_4q_growth_year": 5.62,
            "roe": 5.88,
            "roe_4q": 16.62,
            "gross_profit": 239893,
            "gross_margin": 19.63,
            "gross_margin_4q_avg": 19.28,
            "net_income": 175467,
            "revenue": 1222002,
            "common_shares": 1874437,
            "book_valuer_per_share": 16.4,
            "book_valuer_per_share_4q_avg": 15.56,
            "equity": 3073882,
            "current_ratio": 261.19,
            "debt_ratio": 22.88,
            "inventory_turnover_ratio": 2.12,
            "account_receivable_turnover_ratio": null,
            "reinvestment_rate": -2.26,
            "research_to_sale_ratio": null,
            "price_fair": 87.31,
            "eps_avg_yearly": 2.49,
            "eps_latest_yearly": 3.92,
            "eps_growth_yearly": 55.73
        },
        "20044": {
            "year_quarter": 20044,
            "year": 2004,
            "quarter": 4,
            "eps": 0.66,
            "eps_growth_year": 46.67,
            "eps_4q": 2.87,
            "eps_4q_growth_year": 11.98,
            "roe": 3.8,
            "roe_4q": 17.56,
            "gross_profit": 209861,
            "gross_margin": 15.97,
            "gross_margin_4q_avg": 18.15,
            "net_income": 117683,
            "revenue": 1313808,
            "common_shares": 1874437,
            "book_valuer_per_share": 16.48,
            "book_valuer_per_share_4q_avg": 15.92,
            "equity": 3125119,
            "current_ratio": 264.01,
            "debt_ratio": 27.18,
            "inventory_turnover_ratio": 1.63,
            "account_receivable_turnover_ratio": null,
            "reinvestment_rate": 2.87,
            "research_to_sale_ratio": null,
            "price_fair": 87.73,
            "eps_avg_yearly": 2.51,
            "eps_latest_yearly": 2.64,
            "eps_growth_yearly": 40.2
        },
        "20051": {
            "year_quarter": 20051,
            "year": 2005,
            "quarter": 1,
            "eps": 0.34,
            "eps_growth_year": -30.61,
            "eps_4q": 2.6,
            "eps_4q_growth_year": 1.07,
            "roe": 2.06,
            "roe_4q": 16.57,
            "gross_profit": 138254,
            "gross_margin": 14.46,
            "gross_margin_4q_avg": 17.56,
            "net_income": 64546,
            "revenue": 956326,
            "common_shares": 1874437,
            "book_valuer_per_share": 16.78,
            "book_valuer_per_share_4q_avg": 16.27,
            "equity": 3145321,
            "current_ratio": 249.19,
            "debt_ratio": 20.93,
            "inventory_turnover_ratio": 1.17,
            "account_receivable_turnover_ratio": null,
            "reinvestment_rate": -1.22,
            "research_to_sale_ratio": null,
            "price_fair": 77.85,
            "eps_avg_yearly": 2.42,
            "eps_latest_yearly": 1.36,
            "eps_growth_yearly": 22.19
        },
        "20052": {
            "year_quarter": 20052,
            "year": 2005,
            "quarter": 2,
            "eps": 0.45,
            "eps_growth_year": -43.75,
            "eps_4q": 2.37,
            "eps_4q_growth_year": -0.56,
            "roe": 2.74,
            "roe_4q": 14.48,
            "gross_profit": 105007,
            "gross_margin": 8.66,
            "gross_margin_4q_avg": 14.68,
            "net_income": 84030,
            "revenue": 1212616,
            "common_shares": 1874437,
            "book_valuer_per_share": 15.97,
            "book_valuer_per_share_4q_avg": 16.41,
            "equity": 2993573,
            "current_ratio": 163.25,
            "debt_ratio": 29.89,
            "inventory_turnover_ratio": 2.31,
            "account_receivable_turnover_ratio": null,
            "reinvestment_rate": -0.47,
            "research_to_sale_ratio": null,
            "price_fair": 83.1,
            "eps_avg_yearly": 2.37,
            "eps_latest_yearly": 1.8,
            "eps_growth_yearly": 29.85
        },
        "20053": {
            "year_quarter": 20053,
            "year": 2005,
            "quarter": 3,
            "eps": 6.05,
            "eps_growth_year": 517.35,
            "eps_4q": 7.44,
            "eps_4q_growth_year": 184.39,
            "roe": 32.19,
            "roe_4q": 40.79,
            "gross_profit": 173347,
            "gross_margin": 13.93,
            "gross_margin_4q_avg": 13.26,
            "net_income": 1162257,
            "revenue": 1244520,
            "common_shares": 1919912,
            "book_valuer_per_share": 22.02,
            "book_valuer_per_share_4q_avg": 17.81,
            "equity": 4227573,
            "current_ratio": 372.18,
            "debt_ratio": 20.29,
            "inventory_turnover_ratio": 2.41,
            "account_receivable_turnover_ratio": null,
            "reinvestment_rate": -0.65,
            "research_to_sale_ratio": null,
            "price_fair": 134.03,
            "eps_avg_yearly": 3.83,
            "eps_latest_yearly": 24.2,
            "eps_growth_yearly": 359.71
        },
        "20054": {
            "year_quarter": 20054,
            "year": 2005,
            "quarter": 4,
            "eps": 0,
            "eps_growth_year": -100,
            "eps_4q": 6.85,
            "eps_4q_growth_year": 138.9,
            "roe": 0,
            "roe_4q": 36.99,
            "gross_profit": 194690,
            "gross_margin": 16.38,
            "gross_margin_4q_avg": 13.36,
            "net_income": 208,
            "revenue": 1188307,
            "common_shares": 1919911,
            "book_valuer_per_share": 22.01,
            "book_valuer_per_share_4q_avg": 19.2,
            "equity": 4256418,
            "current_ratio": 339.75,
            "debt_ratio": 24.5,
            "inventory_turnover_ratio": 1.97,
            "account_receivable_turnover_ratio": null,
            "reinvestment_rate": -1.98,
            "research_to_sale_ratio": null,
            "price_fair": 134.03,
            "eps_avg_yearly": 3.83,
            "eps_latest_yearly": 24.2,
            "eps_growth_yearly": 359.71
        },
        "20061": {
            "year_quarter": 20061,
            "year": 2006,
            "quarter": 1,
            "eps": 1.1,
            "eps_growth_year": 223.53,
            "eps_4q": 7.62,
            "eps_4q_growth_year": 193.26,
            "roe": 4.8,
            "roe_4q": 39.73,
            "gross_profit": 159150,
            "gross_margin": 12.45,
            "gross_margin_4q_avg": 12.86,
            "net_income": 210315,
            "revenue": 1278220,
            "common_shares": 1919911,
            "book_valuer_per_share": 23.49,
            "book_valuer_per_share_4q_avg": 20.87,
            "equity": 4510237,
            "current_ratio": 349.49,
            "debt_ratio": 20.02,
            "inventory_turnover_ratio": 2.13,
            "account_receivable_turnover_ratio": null,
            "reinvestment_rate": 2.15,
            "research_to_sale_ratio": null,
            "price_fair": 139.1,
            "eps_avg_yearly": 3.97,
            "eps_latest_yearly": 24.2,
            "eps_growth_yearly": 398.85
        },
        "20062": {
            "year_quarter": 20062,
            "year": 2006,
            "quarter": 2,
            "eps": 0.13,
            "eps_growth_year": -71.11,
            "eps_4q": 7.34,
            "eps_4q_growth_year": 210.5,
            "roe": 0.6,
            "roe_4q": 37.589999999999996,
            "gross_profit": 149082,
            "gross_margin": 10.11,
            "gross_margin_4q_avg": 13.22,
            "net_income": 24735,
            "revenue": 1474533,
            "common_shares": 1919911,
            "book_valuer_per_share": 19.21,
            "book_valuer_per_share_4q_avg": 21.68,
            "equity": 3688508,
            "current_ratio": 160.28,
            "debt_ratio": 38.05,
            "inventory_turnover_ratio": 2.63,
            "account_receivable_turnover_ratio": null,
            "reinvestment_rate": 2.74,
            "research_to_sale_ratio": null,
            "price_fair": 132.3,
            "eps_avg_yearly": 3.78,
            "eps_latest_yearly": 0.52,
            "eps_growth_yearly": 350.8
        },
        "20063": {
            "year_quarter": 20063,
            "year": 2006,
            "quarter": 3,
            "eps": 0.48,
            "eps_growth_year": -92.07,
            "eps_4q": 1.71,
            "eps_4q_growth_year": -76.96,
            "roe": 2.45,
            "roe_4q": 7.85,
            "gross_profit": 130036,
            "gross_margin": 7.16,
            "gross_margin_4q_avg": 11.53,
            "net_income": 91554,
            "revenue": 1816263,
            "common_shares": 1919911,
            "book_valuer_per_share": 19.78,
            "book_valuer_per_share_4q_avg": 21.12,
            "equity": 3797916,
            "current_ratio": 175.28,
            "debt_ratio": 34.34,
            "inventory_turnover_ratio": 3.1,
            "account_receivable_turnover_ratio": null,
            "reinvestment_rate": 2.52,
            "research_to_sale_ratio": null,
            "price_fair": 133.4,
            "eps_avg_yearly": 3.81,
            "eps_latest_yearly": 1.92,
            "eps_growth_yearly": 443.24
        },
        "20064": {
            "year_quarter": 20064,
            "year": 2006,
            "quarter": 4,
            "eps": 1.04,
            "eps_growth_year": null,
            "eps_4q": 2.74,
            "eps_4q_growth_year": -59.99,
            "roe": 5.09,
            "roe_4q": 12.940000000000001,
            "gross_profit": 102551,
            "gross_margin": 7.45,
            "gross_margin_4q_avg": 9.29,
            "net_income": 199828,
            "revenue": 1376191,
            "common_shares": 1919911,
            "book_valuer_per_share": 21,
            "book_valuer_per_share_4q_avg": 20.87,
            "equity": 4056983,
            "current_ratio": 258.99,
            "debt_ratio": 27.9,
            "inventory_turnover_ratio": 1.96,
            "account_receivable_turnover_ratio": null,
            "reinvestment_rate": 1.67,
            "research_to_sale_ratio": null,
            "price_fair": 140.5,
            "eps_avg_yearly": 4.01,
            "eps_latest_yearly": 4.16,
            "eps_growth_yearly": 479.66
        },
        "20071": {
            "year_quarter": 20071,
            "year": 2007,
            "quarter": 1,
            "eps": 0.29,
            "eps_growth_year": -73.64,
            "eps_4q": 1.96,
            "eps_4q_growth_year": -74.3,
            "roe": 1.34,
            "roe_4q": 9.479999999999999,
            "gross_profit": 108855,
            "gross_margin": 8.77,
            "gross_margin_4q_avg": 8.37,
            "net_income": 54954,
            "revenue": 1240591,
            "common_shares": 1919911,
            "book_valuer_per_share": 21.57,
            "book_valuer_per_share_4q_avg": 20.39,
            "equity": 4141269,
            "current_ratio": 288.91,
            "debt_ratio": 21.03,
            "inventory_turnover_ratio": 1.85,
            "account_receivable_turnover_ratio": null,
            "reinvestment_rate": 1.77,
            "research_to_sale_ratio": null,
            "price_fair": 138.6,
            "eps_avg_yearly": 3.96,
            "eps_latest_yearly": 1.16,
            "eps_growth_yearly": 446.07
        },
        "20072": {
            "year_quarter": 20072,
            "year": 2007,
            "quarter": 2,
            "eps": 0.64,
            "eps_growth_year": 392.31,
            "eps_4q": 2.44,
            "eps_4q_growth_year": -66.81,
            "roe": 3.09,
            "roe_4q": 11.969999999999999,
            "gross_profit": 110005,
            "gross_margin": 9.56,
            "gross_margin_4q_avg": 8.24,
            "net_income": 123316,
            "revenue": 1150256,
            "common_shares": 1919911,
            "book_valuer_per_share": 19.94,
            "book_valuer_per_share_4q_avg": 20.57,
            "equity": 3828530,
            "current_ratio": 192.51,
            "debt_ratio": 27.48,
            "inventory_turnover_ratio": 2.43,
            "account_receivable_turnover_ratio": null,
            "reinvestment_rate": 1.1,
            "research_to_sale_ratio": null,
            "price_fair": 134.8,
            "eps_avg_yearly": 3.85,
            "eps_latest_yearly": 2.56,
            "eps_growth_yearly": 448.41
        },
        "20073": {
            "year_quarter": 20073,
            "year": 2007,
            "quarter": 3,
            "eps": 0.34,
            "eps_growth_year": -29.17,
            "eps_4q": 2.33,
            "eps_4q_growth_year": 35.94,
            "roe": 1.67,
            "roe_4q": 11.19,
            "gross_profit": 117607,
            "gross_margin": 10.26,
            "gross_margin_4q_avg": 9.01,
            "net_income": 64623,
            "revenue": 1146789,
            "common_shares": 1919911,
            "book_valuer_per_share": 20.34,
            "book_valuer_per_share_4q_avg": 20.71,
            "equity": 3904333,
            "current_ratio": 233.01,
            "debt_ratio": 20.53,
            "inventory_turnover_ratio": 2.79,
            "account_receivable_turnover_ratio": null,
            "reinvestment_rate": -0.76,
            "research_to_sale_ratio": null,
            "price_fair": 131.4,
            "eps_avg_yearly": 3.75,
            "eps_latest_yearly": 1.36,
            "eps_growth_yearly": 444.54
        },
        "20074": {
            "year_quarter": 20074,
            "year": 2007,
            "quarter": 4,
            "eps": -0.24,
            "eps_growth_year": -123.08,
            "eps_4q": 1.03,
            "eps_4q_growth_year": -62.33,
            "roe": -1.17,
            "roe_4q": 4.93,
            "gross_profit": 80762,
            "gross_margin": 8.09,
            "gross_margin_4q_avg": 9.17,
            "net_income": -45301,
            "revenue": 998732,
            "common_shares": 1919911,
            "book_valuer_per_share": 19.9,
            "book_valuer_per_share_4q_avg": 20.44,
            "equity": 3852049,
            "current_ratio": 240.94,
            "debt_ratio": 23.28,
            "inventory_turnover_ratio": 1.86,
            "account_receivable_turnover_ratio": null,
            "reinvestment_rate": 14.25,
            "research_to_sale_ratio": null,
            "price_fair": 136.66,
            "eps_avg_yearly": 3.9,
            "eps_latest_yearly": 1.36,
            "eps_growth_yearly": 489.15
        },
        "20081": {
            "year_quarter": 20081,
            "year": 2008,
            "quarter": 1,
            "eps": 0.05,
            "eps_growth_year": -82.76,
            "eps_4q": 0.95,
            "eps_4q_growth_year": -51.69,
            "roe": 0.21,
            "roe_4q": 3.8,
            "gross_profit": 144721,
            "gross_margin": 15.12,
            "gross_margin_4q_avg": 10.76,
            "net_income": 7996,
            "revenue": 957185,
            "common_shares": 1919911,
            "book_valuer_per_share": 19.64,
            "book_valuer_per_share_4q_avg": 19.96,
            "equity": 3800296,
            "current_ratio": 263.17,
            "debt_ratio": 21.32,
            "inventory_turnover_ratio": 1.32,
            "account_receivable_turnover_ratio": null,
            "reinvestment_rate": 30.98,
            "research_to_sale_ratio": null,
            "price_fair": 142.33,
            "eps_avg_yearly": 4.07,
            "eps_latest_yearly": 1.36,
            "eps_growth_yearly": 526.95
        },
        "20082": {
            "year_quarter": 20082,
            "year": 2008,
            "quarter": 2,
            "eps": -0.04,
            "eps_growth_year": -106.25,
            "eps_4q": 0.11,
            "eps_4q_growth_year": -95.61,
            "roe": -0.2,
            "roe_4q": 0.51,
            "gross_profit": 112787,
            "gross_margin": 11.2,
            "gross_margin_4q_avg": 11.17,
            "net_income": -7421,
            "revenue": 1006763,
            "common_shares": 1919911,
            "book_valuer_per_share": 18.05,
            "book_valuer_per_share_4q_avg": 19.48,
            "equity": 3495793,
            "current_ratio": 175.91,
            "debt_ratio": 29.12,
            "inventory_turnover_ratio": 1.55,
            "account_receivable_turnover_ratio": null,
            "reinvestment_rate": 32.79,
            "research_to_sale_ratio": null,
            "price_fair": 145.09,
            "eps_avg_yearly": 4.15,
            "eps_latest_yearly": 1.36,
            "eps_growth_yearly": 551.85
        },
        "20083": {
            "year_quarter": 20083,
            "year": 2008,
            "quarter": 3,
            "eps": 0.31,
            "eps_growth_year": -8.82,
            "eps_4q": 0.08,
            "eps_4q_growth_year": -96.37,
            "roe": 1.67,
            "roe_4q": 0.51,
            "gross_profit": 167010,
            "gross_margin": 15.07,
            "gross_margin_4q_avg": 12.37,
            "net_income": 59817,
            "revenue": 1107941,
            "common_shares": 1919911,
            "book_valuer_per_share": 18.85,
            "book_valuer_per_share_4q_avg": 19.11,
            "equity": 3648716,
            "current_ratio": 185.51,
            "debt_ratio": 25.63,
            "inventory_turnover_ratio": 1.63,
            "account_receivable_turnover_ratio": null,
            "reinvestment_rate": 32.66,
            "research_to_sale_ratio": null,
            "price_fair": 145.88,
            "eps_avg_yearly": 4.17,
            "eps_latest_yearly": 1.36,
            "eps_growth_yearly": 598.03
        },
        "20084": {
            "year_quarter": 20084,
            "year": 2008,
            "quarter": 4,
            "eps": 0.01,
            "eps_growth_year": null,
            "eps_4q": 0.46,
            "eps_4q_growth_year": -55.15,
            "roe": -0.42,
            "roe_4q": 1.26,
            "gross_profit": 236037,
            "gross_margin": 24.29,
            "gross_margin_4q_avg": 16.42,
            "net_income": -15008,
            "revenue": 971745,
            "common_shares": 1919911,
            "book_valuer_per_share": 18.49,
            "book_valuer_per_share_4q_avg": 18.76,
            "equity": 3563651,
            "current_ratio": 212.97,
            "debt_ratio": 23.71,
            "inventory_turnover_ratio": 1.32,
            "account_receivable_turnover_ratio": 3.33,
            "reinvestment_rate": 12.56,
            "research_to_sale_ratio": null,
            "price_fair": 136.78,
            "eps_avg_yearly": 3.91,
            "eps_latest_yearly": 0.04,
            "eps_growth_yearly": 572.38
        },
        "20091": {
            "year_quarter": 20091,
            "year": 2009,
            "quarter": 1,
            "eps": 0.49,
            "eps_growth_year": 880,
            "eps_4q": 0.81,
            "eps_4q_growth_year": -14.25,
            "roe": 2.44,
            "roe_4q": 3.4899999999999998,
            "gross_profit": 179524,
            "gross_margin": 17.62,
            "gross_margin_4q_avg": 17.05,
            "net_income": 88713,
            "revenue": 1018605,
            "common_shares": 1884521,
            "book_valuer_per_share": 19.63,
            "book_valuer_per_share_4q_avg": 18.76,
            "equity": 3712677,
            "current_ratio": 223.63,
            "debt_ratio": 22.63,
            "inventory_turnover_ratio": 1.87,
            "account_receivable_turnover_ratio": 1.54,
            "reinvestment_rate": 30.41,
            "research_to_sale_ratio": null,
            "price_fair": 138.88,
            "eps_avg_yearly": 3.97,
            "eps_latest_yearly": 1.96,
            "eps_growth_yearly": 2511.78
        },
        "20092": {
            "year_quarter": 20092,
            "year": 2009,
            "quarter": 2,
            "eps": 0.54,
            "eps_growth_year": null,
            "eps_4q": 1.38,
            "eps_4q_growth_year": 1185.76,
            "roe": 2.74,
            "roe_4q": 6.43,
            "gross_profit": 177835,
            "gross_margin": 19.95,
            "gross_margin_4q_avg": 19.23,
            "net_income": 100764,
            "revenue": 891402,
            "common_shares": 1884521,
            "book_valuer_per_share": 19.25,
            "book_valuer_per_share_4q_avg": 19.06,
            "equity": 3640229,
            "current_ratio": 212.87,
            "debt_ratio": 24.15,
            "inventory_turnover_ratio": 1.84,
            "account_receivable_turnover_ratio": 1.31,
            "reinvestment_rate": 26.59,
            "research_to_sale_ratio": null,
            "price_fair": 140.14,
            "eps_avg_yearly": 4,
            "eps_latest_yearly": 2.16,
            "eps_growth_yearly": 2502.92
        },
        "20093": {
            "year_quarter": 20093,
            "year": 2009,
            "quarter": 3,
            "eps": 0.52,
            "eps_growth_year": 67.74,
            "eps_4q": 1.55,
            "eps_4q_growth_year": 1738.98,
            "roe": 2.67,
            "roe_4q": 7.43,
            "gross_profit": 147879,
            "gross_margin": 14.42,
            "gross_margin_4q_avg": 19.07,
            "net_income": 98496,
            "revenue": 1025730,
            "common_shares": 1884521,
            "book_valuer_per_share": 19.75,
            "book_valuer_per_share_4q_avg": 19.28,
            "equity": 3736166,
            "current_ratio": 246.85,
            "debt_ratio": 21.76,
            "inventory_turnover_ratio": 2.37,
            "account_receivable_turnover_ratio": 1.67,
            "reinvestment_rate": 52.11,
            "research_to_sale_ratio": null,
            "price_fair": 62.72,
            "eps_avg_yearly": 1.79,
            "eps_latest_yearly": 2.08,
            "eps_growth_yearly": 2003.66
        },
        "20094": {
            "year_quarter": 20094,
            "year": 2009,
            "quarter": 4,
            "eps": 0.34,
            "eps_growth_year": 3300,
            "eps_4q": 1.89,
            "eps_4q_growth_year": 308.34,
            "roe": 1.22,
            "roe_4q": 9.07,
            "gross_profit": 243558,
            "gross_margin": 23.23,
            "gross_margin_4q_avg": 18.81,
            "net_income": 46012,
            "revenue": 1048511,
            "common_shares": 1884521,
            "book_valuer_per_share": 20.08,
            "book_valuer_per_share_4q_avg": 19.68,
            "equity": 3797327,
            "current_ratio": 265.79,
            "debt_ratio": 22.29,
            "inventory_turnover_ratio": 2.21,
            "account_receivable_turnover_ratio": 3.28,
            "reinvestment_rate": 118.69,
            "research_to_sale_ratio": null,
            "price_fair": 61.35,
            "eps_avg_yearly": 1.75,
            "eps_latest_yearly": 1.36,
            "eps_growth_yearly": 1808.92
        },
        "20101": {
            "year_quarter": 20101,
            "year": 2010,
            "quarter": 1,
            "eps": 0.46,
            "eps_growth_year": -6.12,
            "eps_4q": 1.85,
            "eps_4q_growth_year": 127.89,
            "roe": 2.22,
            "roe_4q": 8.850000000000001,
            "gross_profit": 173771,
            "gross_margin": 18.08,
            "gross_margin_4q_avg": 18.92,
            "net_income": 85555,
            "revenue": 961029,
            "common_shares": 1884521,
            "book_valuer_per_share": 20.59,
            "book_valuer_per_share_4q_avg": 19.92,
            "equity": 3894766,
            "current_ratio": 286.96,
            "debt_ratio": 20.74,
            "inventory_turnover_ratio": 1.97,
            "account_receivable_turnover_ratio": 1.38,
            "reinvestment_rate": 164.67,
            "research_to_sale_ratio": 2.23,
            "price_fair": 61.6,
            "eps_avg_yearly": 1.76,
            "eps_latest_yearly": 1.84,
            "eps_growth_yearly": 1669.94
        },
        "20102": {
            "year_quarter": 20102,
            "year": 2010,
            "quarter": 2,
            "eps": 0.54,
            "eps_growth_year": 0.82,
            "eps_4q": 1.85,
            "eps_4q_growth_year": 34.38,
            "roe": 2.75,
            "roe_4q": 8.86,
            "gross_profit": 208543,
            "gross_margin": 17.05,
            "gross_margin_4q_avg": 18.2,
            "net_income": 104825,
            "revenue": 1223149,
            "common_shares": 1884521,
            "book_valuer_per_share": 19.64,
            "book_valuer_per_share_4q_avg": 20.02,
            "equity": 3721801,
            "current_ratio": 203.8,
            "debt_ratio": 27.55,
            "inventory_turnover_ratio": 2.28,
            "account_receivable_turnover_ratio": 1.58,
            "reinvestment_rate": 156.83,
            "research_to_sale_ratio": 2.01,
            "price_fair": 66.38,
            "eps_avg_yearly": 1.9,
            "eps_latest_yearly": 2.16,
            "eps_growth_yearly": 1705.13
        },
        "20103": {
            "year_quarter": 20103,
            "year": 2010,
            "quarter": 3,
            "eps": 0.71,
            "eps_growth_year": 35.63,
            "eps_4q": 2.04,
            "eps_4q_growth_year": 30.97,
            "roe": 3.51,
            "roe_4q": 9.700000000000001,
            "gross_profit": 226851,
            "gross_margin": 17.88,
            "gross_margin_4q_avg": 19.06,
            "net_income": 133787,
            "revenue": 1268707,
            "common_shares": 1884521,
            "book_valuer_per_share": 20.55,
            "book_valuer_per_share_4q_avg": 20.22,
            "equity": 3894096,
            "current_ratio": 280.9,
            "debt_ratio": 20.95,
            "inventory_turnover_ratio": 2.34,
            "account_receivable_turnover_ratio": 1.72,
            "reinvestment_rate": 154.12,
            "research_to_sale_ratio": 0.79,
            "price_fair": 69.07,
            "eps_avg_yearly": 1.97,
            "eps_latest_yearly": 2.84,
            "eps_growth_yearly": 1625.88
        },
        "20104": {
            "year_quarter": 20104,
            "year": 2010,
            "quarter": 4,
            "eps": 0.14,
            "eps_growth_year": -57.4,
            "eps_4q": 1.84,
            "eps_4q_growth_year": -2.59,
            "roe": 0.76,
            "roe_4q": 9.24,
            "gross_profit": 198279,
            "gross_margin": 19.93,
            "gross_margin_4q_avg": 18.24,
            "net_income": 29365,
            "revenue": 994714,
            "common_shares": 1884521,
            "book_valuer_per_share": 20.47,
            "book_valuer_per_share_4q_avg": 20.31,
            "equity": 3880263,
            "current_ratio": 278.71,
            "debt_ratio": 21.97,
            "inventory_turnover_ratio": 1.76,
            "account_receivable_turnover_ratio": 1.5,
            "reinvestment_rate": 138.09,
            "research_to_sale_ratio": 3.67,
            "price_fair": 58.57,
            "eps_avg_yearly": 1.67,
            "eps_latest_yearly": 0.56,
            "eps_growth_yearly": 1560.23
        },
        "20111": {
            "year_quarter": 20111,
            "year": 2011,
            "quarter": 1,
            "eps": 0.39,
            "eps_growth_year": -15.22,
            "eps_4q": 1.78,
            "eps_4q_growth_year": -3.81,
            "roe": 1.9,
            "roe_4q": 8.92,
            "gross_profit": 152003,
            "gross_margin": 13.98,
            "gross_margin_4q_avg": 17.21,
            "net_income": 74126,
            "revenue": 1087587,
            "common_shares": 1884521,
            "book_valuer_per_share": 20.76,
            "book_valuer_per_share_4q_avg": 20.36,
            "equity": 3938126,
            "current_ratio": 288.76,
            "debt_ratio": 20.42,
            "inventory_turnover_ratio": 2.05,
            "account_receivable_turnover_ratio": 1.62,
            "reinvestment_rate": 171.28,
            "research_to_sale_ratio": 2.01,
            "price_fair": 59.73,
            "eps_avg_yearly": 1.71,
            "eps_latest_yearly": 1.56,
            "eps_growth_yearly": 1643.79
        },
        "20112": {
            "year_quarter": 20112,
            "year": 2011,
            "quarter": 2,
            "eps": 0.22,
            "eps_growth_year": -59.26,
            "eps_4q": 1.46,
            "eps_4q_growth_year": -21.29,
            "roe": 1.17,
            "roe_4q": 7.34,
            "gross_profit": 155490,
            "gross_margin": 15.57,
            "gross_margin_4q_avg": 16.84,
            "net_income": 44534,
            "revenue": 998627,
            "common_shares": 1884521,
            "book_valuer_per_share": 19.46,
            "book_valuer_per_share_4q_avg": 20.31,
            "equity": 3695108,
            "current_ratio": 246.61,
            "debt_ratio": 24.06,
            "inventory_turnover_ratio": 1.88,
            "account_receivable_turnover_ratio": 1.4,
            "reinvestment_rate": 188.55,
            "research_to_sale_ratio": 2.13,
            "price_fair": 54.83,
            "eps_avg_yearly": 1.57,
            "eps_latest_yearly": 0.88,
            "eps_growth_yearly": 1589.03
        },
        "20113": {
            "year_quarter": 20113,
            "year": 2011,
            "quarter": 3,
            "eps": 0.54,
            "eps_growth_year": -22.81,
            "eps_4q": 1.29,
            "eps_4q_growth_year": -36.37,
            "roe": 2.8,
            "roe_4q": 6.629999999999999,
            "gross_profit": 164365,
            "gross_margin": 14.94,
            "gross_margin_4q_avg": 16.11,
            "net_income": 106071,
            "revenue": 1100151,
            "common_shares": 1884521,
            "book_valuer_per_share": 20.47,
            "book_valuer_per_share_4q_avg": 20.29,
            "equity": 3884382,
            "current_ratio": 292.5,
            "debt_ratio": 21.03,
            "inventory_turnover_ratio": 2.13,
            "account_receivable_turnover_ratio": 1.42,
            "reinvestment_rate": 190.42,
            "research_to_sale_ratio": 2.1,
            "price_fair": 57.17,
            "eps_avg_yearly": 1.63,
            "eps_latest_yearly": 2.16,
            "eps_growth_yearly": 1653.14
        },
        "20114": {
            "year_quarter": 20114,
            "year": 2011,
            "quarter": 4,
            "eps": 0.54,
            "eps_growth_year": 272.88,
            "eps_4q": 1.69,
            "eps_4q_growth_year": -8.2,
            "roe": 2.65,
            "roe_4q": 8.52,
            "gross_profit": 207897,
            "gross_margin": 18.27,
            "gross_margin_4q_avg": 15.69,
            "net_income": 104190,
            "revenue": 1137707,
            "common_shares": 1884521,
            "book_valuer_per_share": 20.95,
            "book_valuer_per_share_4q_avg": 20.41,
            "equity": 3975165,
            "current_ratio": 307.66,
            "debt_ratio": 20.83,
            "inventory_turnover_ratio": 2.01,
            "account_receivable_turnover_ratio": 1.33,
            "reinvestment_rate": 77.55,
            "research_to_sale_ratio": 1.95,
            "price_fair": 58.58,
            "eps_avg_yearly": 1.67,
            "eps_latest_yearly": 2.16,
            "eps_growth_yearly": 1525.98
        },
        "20121": {
            "year_quarter": 20121,
            "year": 2012,
            "quarter": 1,
            "eps": 0.37,
            "eps_growth_year": -5.13,
            "eps_4q": 1.68,
            "eps_4q_growth_year": -5.51,
            "roe": 1.78,
            "roe_4q": 8.399999999999999,
            "gross_profit": 186188,
            "gross_margin": 16.88,
            "gross_margin_4q_avg": 16.42,
            "net_income": 72307,
            "revenue": 1102910,
            "common_shares": 1884521,
            "book_valuer_per_share": 21.96,
            "book_valuer_per_share_4q_avg": 20.71,
            "equity": 4169109,
            "current_ratio": 345.96,
            "debt_ratio": 18.55,
            "inventory_turnover_ratio": 1.88,
            "account_receivable_turnover_ratio": 1.27,
            "reinvestment_rate": 84.68,
            "research_to_sale_ratio": 1.96,
            "price_fair": 58.1,
            "eps_avg_yearly": 1.66,
            "eps_latest_yearly": 1.48,
            "eps_growth_yearly": 1407.99
        },
        "20122": {
            "year_quarter": 20122,
            "year": 2012,
            "quarter": 2,
            "eps": 0.5,
            "eps_growth_year": 127.2,
            "eps_4q": 1.96,
            "eps_4q_growth_year": 34.81,
            "roe": 2.39,
            "roe_4q": 9.620000000000001,
            "gross_profit": 209075,
            "gross_margin": 16.51,
            "gross_margin_4q_avg": 16.65,
            "net_income": 97710,
            "revenue": 1266719,
            "common_shares": 1884521,
            "book_valuer_per_share": 21.18,
            "book_valuer_per_share_4q_avg": 21.14,
            "equity": 4016350,
            "current_ratio": 249.74,
            "debt_ratio": 24.92,
            "inventory_turnover_ratio": 2.21,
            "account_receivable_turnover_ratio": 1.4,
            "reinvestment_rate": 73.11,
            "research_to_sale_ratio": 1.94,
            "price_fair": 58.89,
            "eps_avg_yearly": 1.68,
            "eps_latest_yearly": 2,
            "eps_growth_yearly": 1323.49
        },
        "20123": {
            "year_quarter": 20123,
            "year": 2012,
            "quarter": 3,
            "eps": 0.68,
            "eps_growth_year": 25.24,
            "eps_4q": 2.1,
            "eps_4q_growth_year": 62.17,
            "roe": 3.25,
            "roe_4q": 10.07,
            "gross_profit": 241755,
            "gross_margin": 18.52,
            "gross_margin_4q_avg": 17.55,
            "net_income": 132551,
            "revenue": 1305021,
            "common_shares": 1884521,
            "book_valuer_per_share": 21.81,
            "book_valuer_per_share_4q_avg": 21.48,
            "equity": 4138509,
            "current_ratio": 285,
            "debt_ratio": 22.69,
            "inventory_turnover_ratio": 2.09,
            "account_receivable_turnover_ratio": 1.29,
            "reinvestment_rate": 66.61,
            "research_to_sale_ratio": 1.82,
            "price_fair": 61.16,
            "eps_avg_yearly": 1.75,
            "eps_latest_yearly": 2.72,
            "eps_growth_yearly": 1249.77
        },
        "20124": {
            "year_quarter": 20124,
            "year": 2012,
            "quarter": 4,
            "eps": 0.49,
            "eps_growth_year": -9.11,
            "eps_4q": 2.05,
            "eps_4q_growth_year": 21.33,
            "roe": 2.29,
            "roe_4q": 9.709999999999999,
            "gross_profit": 220118,
            "gross_margin": 16.43,
            "gross_margin_4q_avg": 17.09,
            "net_income": 95281,
            "revenue": 1340068,
            "common_shares": 1884521,
            "book_valuer_per_share": 22.08,
            "book_valuer_per_share_4q_avg": 21.76,
            "equity": 4193385,
            "current_ratio": 266.53,
            "debt_ratio": 24.65,
            "inventory_turnover_ratio": 1.93,
            "account_receivable_turnover_ratio": 1.22,
            "reinvestment_rate": 63.02,
            "research_to_sale_ratio": 1.74,
            "price_fair": 65.36,
            "eps_avg_yearly": 1.87,
            "eps_latest_yearly": 1.96,
            "eps_growth_yearly": 1266.98
        },
        "20131": {
            "year_quarter": 20131,
            "year": 2013,
            "quarter": 1,
            "eps": 0.34,
            "eps_growth_year": -8.11,
            "eps_4q": 2.02,
            "eps_4q_growth_year": 20.04,
            "roe": 1.55,
            "roe_4q": 9.48,
            "gross_profit": 165093,
            "gross_margin": 13.12,
            "gross_margin_4q_avg": 16.15,
            "net_income": 65225,
            "revenue": 1258209,
            "common_shares": 1884521,
            "book_valuer_per_share": 22.25,
            "book_valuer_per_share_4q_avg": 21.83,
            "equity": 4225422,
            "current_ratio": 290.29,
            "debt_ratio": 23.82,
            "inventory_turnover_ratio": 1.73,
            "account_receivable_turnover_ratio": 1.18,
            "reinvestment_rate": 61.96,
            "research_to_sale_ratio": 1.96,
            "price_fair": 64.05,
            "eps_avg_yearly": 1.83,
            "eps_latest_yearly": 1.36,
            "eps_growth_yearly": 59.33
        },
        "20132": {
            "year_quarter": 20132,
            "year": 2013,
            "quarter": 2,
            "eps": 0.39,
            "eps_growth_year": -22.61,
            "eps_4q": 1.9,
            "eps_4q_growth_year": -3.05,
            "roe": 1.84,
            "roe_4q": 8.93,
            "gross_profit": 214523,
            "gross_margin": 14.03,
            "gross_margin_4q_avg": 15.53,
            "net_income": 76065,
            "revenue": 1528631,
            "common_shares": 1884521,
            "book_valuer_per_share": 21.23,
            "book_valuer_per_share_4q_avg": 21.84,
            "equity": 4028498,
            "current_ratio": 201.16,
            "debt_ratio": 31.86,
            "inventory_turnover_ratio": 1.94,
            "account_receivable_turnover_ratio": 1.31,
            "reinvestment_rate": 73.53,
            "research_to_sale_ratio": 1.65,
            "price_fair": 62.74,
            "eps_avg_yearly": 1.79,
            "eps_latest_yearly": 1.56,
            "eps_growth_yearly": 60.45
        },
        "20133": {
            "year_quarter": 20133,
            "year": 2013,
            "quarter": 3,
            "eps": 1.9,
            "eps_growth_year": 178.65,
            "eps_4q": 3.12,
            "eps_4q_growth_year": 48.39,
            "roe": 8.66,
            "roe_4q": 14.34,
            "gross_profit": 263776,
            "gross_margin": 16.39,
            "gross_margin_4q_avg": 14.99,
            "net_income": 360807,
            "revenue": 1609605,
            "common_shares": 1884521,
            "book_valuer_per_share": 22.68,
            "book_valuer_per_share_4q_avg": 22.06,
            "equity": 4305783,
            "current_ratio": 251.52,
            "debt_ratio": 27.93,
            "inventory_turnover_ratio": 1.94,
            "account_receivable_turnover_ratio": 1.24,
            "reinvestment_rate": 63.31,
            "research_to_sale_ratio": 2.6,
            "price_fair": 74.81,
            "eps_avg_yearly": 2.14,
            "eps_latest_yearly": 7.6,
            "eps_growth_yearly": 158.17
        },
        "20134": {
            "year_quarter": 20134,
            "year": 2013,
            "quarter": 4,
            "eps": 0.46,
            "eps_growth_year": -6.74,
            "eps_4q": 3.08,
            "eps_4q_growth_year": 50.34,
            "roe": 2.07,
            "roe_4q": 14.120000000000001,
            "gross_profit": 283538,
            "gross_margin": 19.01,
            "gross_margin_4q_avg": 15.64,
            "net_income": 90215,
            "revenue": 1491235,
            "common_shares": 1884521,
            "book_valuer_per_share": 23.26,
            "book_valuer_per_share_4q_avg": 22.36,
            "equity": 4418541,
            "current_ratio": 240.16,
            "debt_ratio": 28.71,
            "inventory_turnover_ratio": 1.61,
            "account_receivable_turnover_ratio": 1.2,
            "reinvestment_rate": -1.79,
            "research_to_sale_ratio": 2.94,
            "price_fair": 75.86,
            "eps_avg_yearly": 2.17,
            "eps_latest_yearly": 1.84,
            "eps_growth_yearly": 147.88
        },
        "20141": {
            "year_quarter": 20141,
            "year": 2014,
            "quarter": 1,
            "eps": 0.28,
            "eps_growth_year": -17.65,
            "eps_4q": 3.02,
            "eps_4q_growth_year": 49.67,
            "roe": 1.23,
            "roe_4q": 13.8,
            "gross_profit": 271170,
            "gross_margin": 17.52,
            "gross_margin_4q_avg": 16.74,
            "net_income": 54832,
            "revenue": 1547763,
            "common_shares": 1884521,
            "book_valuer_per_share": 23.78,
            "book_valuer_per_share_4q_avg": 22.74,
            "equity": 4518885,
            "current_ratio": 245.33,
            "debt_ratio": 27.95,
            "inventory_turnover_ratio": 1.63,
            "account_receivable_turnover_ratio": 1.26,
            "reinvestment_rate": -6.54,
            "research_to_sale_ratio": 2.71,
            "price_fair": 74.29,
            "eps_avg_yearly": 2.12,
            "eps_latest_yearly": 1.12,
            "eps_growth_yearly": 129.27
        },
        "20142": {
            "year_quarter": 20142,
            "year": 2014,
            "quarter": 2,
            "eps": 0.73,
            "eps_growth_year": 87.18,
            "eps_4q": 3.36,
            "eps_4q_growth_year": 76.72,
            "roe": 3.23,
            "roe_4q": 15.19,
            "gross_profit": 347848,
            "gross_margin": 19.7,
            "gross_margin_4q_avg": 18.16,
            "net_income": 142285,
            "revenue": 1766059,
            "common_shares": 1884521,
            "book_valuer_per_share": 22.3,
            "book_valuer_per_share_4q_avg": 23.01,
            "equity": 4279649,
            "current_ratio": 181.97,
            "debt_ratio": 34.81,
            "inventory_turnover_ratio": 1.94,
            "account_receivable_turnover_ratio": 1.31,
            "reinvestment_rate": -1.1,
            "research_to_sale_ratio": 2.56,
            "price_fair": 75.95,
            "eps_avg_yearly": 2.17,
            "eps_latest_yearly": 2.92,
            "eps_growth_yearly": 165.1
        },
        "20143": {
            "year_quarter": 20143,
            "year": 2014,
            "quarter": 3,
            "eps": 1,
            "eps_growth_year": -47.37,
            "eps_4q": 2.47,
            "eps_4q_growth_year": -20.73,
            "roe": 4.41,
            "roe_4q": 10.940000000000001,
            "gross_profit": 368913,
            "gross_margin": 19.59,
            "gross_margin_4q_avg": 18.96,
            "net_income": 194326,
            "revenue": 1883536,
            "common_shares": 1884521,
            "book_valuer_per_share": 23.57,
            "book_valuer_per_share_4q_avg": 23.23,
            "equity": 4525264,
            "current_ratio": 200.26,
            "debt_ratio": 32.18,
            "inventory_turnover_ratio": 2.05,
            "account_receivable_turnover_ratio": 1.24,
            "reinvestment_rate": 9.77,
            "research_to_sale_ratio": 3.06,
            "price_fair": 78.49,
            "eps_avg_yearly": 2.24,
            "eps_latest_yearly": 4,
            "eps_growth_yearly": 166.48
        },
        "20144": {
            "year_quarter": 20144,
            "year": 2014,
            "quarter": 4,
            "eps": 0.68,
            "eps_growth_year": 49.16,
            "eps_4q": 2.7,
            "eps_4q_growth_year": -12.58,
            "roe": 2.93,
            "roe_4q": 11.8,
            "gross_profit": 368455,
            "gross_margin": 19.63,
            "gross_margin_4q_avg": 19.11,
            "net_income": 135276,
            "revenue": 1877394,
            "common_shares": 1884521,
            "book_valuer_per_share": 24.37,
            "book_valuer_per_share_4q_avg": 23.51,
            "equity": 4699101,
            "current_ratio": 201.13,
            "debt_ratio": 31.83,
            "inventory_turnover_ratio": 1.9,
            "account_receivable_turnover_ratio": 1.17,
            "reinvestment_rate": 21.9,
            "research_to_sale_ratio": 3.01,
            "price_fair": 83.21,
            "eps_avg_yearly": 2.38,
            "eps_latest_yearly": 2.72,
            "eps_growth_yearly": 178.55
        },
        "20151": {
            "year_quarter": 20151,
            "year": 2015,
            "quarter": 1,
            "eps": 0.88,
            "eps_growth_year": 214.29,
            "eps_4q": 3.3,
            "eps_4q_growth_year": 9.33,
            "roe": 3.55,
            "roe_4q": 14.120000000000001,
            "gross_profit": 407194,
            "gross_margin": 21.19,
            "gross_margin_4q_avg": 20.03,
            "net_income": 169794,
            "revenue": 1921805,
            "common_shares": 1884521,
            "book_valuer_per_share": 25.23,
            "book_valuer_per_share_4q_avg": 23.87,
            "equity": 4866385,
            "current_ratio": 218.86,
            "debt_ratio": 29.77,
            "inventory_turnover_ratio": 1.84,
            "account_receivable_turnover_ratio": 1.21,
            "reinvestment_rate": 21.15,
            "research_to_sale_ratio": 2.27,
            "price_fair": 87.5,
            "eps_avg_yearly": 2.5,
            "eps_latest_yearly": 3.52,
            "eps_growth_yearly": 141.26
        },
        "20152": {
            "year_quarter": 20152,
            "year": 2015,
            "quarter": 2,
            "eps": 0.93,
            "eps_growth_year": 27.4,
            "eps_4q": 3.5,
            "eps_4q_growth_year": 4.14,
            "roe": 3.8,
            "roe_4q": 14.69,
            "gross_profit": 432930,
            "gross_margin": 21.97,
            "gross_margin_4q_avg": 20.6,
            "net_income": 180532,
            "revenue": 1970293,
            "common_shares": 1884521,
            "book_valuer_per_share": 24,
            "book_valuer_per_share_4q_avg": 24.29,
            "equity": 4636044,
            "current_ratio": 188.01,
            "debt_ratio": 34.49,
            "inventory_turnover_ratio": 1.9,
            "account_receivable_turnover_ratio": 1.23,
            "reinvestment_rate": 19.45,
            "research_to_sale_ratio": 2.33,
            "price_fair": 93.71,
            "eps_avg_yearly": 2.68,
            "eps_latest_yearly": 3.72,
            "eps_growth_yearly": 153.58
        },
        "20153": {
            "year_quarter": 20153,
            "year": 2015,
            "quarter": 3,
            "eps": 1.44,
            "eps_growth_year": 44,
            "eps_4q": 3.94,
            "eps_4q_growth_year": 59.45,
            "roe": 5.76,
            "roe_4q": 16.04,
            "gross_profit": 474478,
            "gross_margin": 22.24,
            "gross_margin_4q_avg": 21.26,
            "net_income": 277159,
            "revenue": 2133918,
            "common_shares": 1884521,
            "book_valuer_per_share": 25.84,
            "book_valuer_per_share_4q_avg": 24.86,
            "equity": 4985286,
            "current_ratio": 235.84,
            "debt_ratio": 30.34,
            "inventory_turnover_ratio": 2.06,
            "account_receivable_turnover_ratio": 1.23,
            "reinvestment_rate": 1.24,
            "research_to_sale_ratio": 2.41,
            "price_fair": 101.59,
            "eps_avg_yearly": 2.9,
            "eps_latest_yearly": 5.76,
            "eps_growth_yearly": 130.92
        },
        "20154": {
            "year_quarter": 20154,
            "year": 2015,
            "quarter": 4,
            "eps": 0.97,
            "eps_growth_year": 41.86,
            "eps_4q": 4.22,
            "eps_4q_growth_year": 56.74,
            "roe": 3.74,
            "roe_4q": 16.85,
            "gross_profit": 496722,
            "gross_margin": 25.34,
            "gross_margin_4q_avg": 22.69,
            "net_income": 189279,
            "revenue": 1960538,
            "common_shares": 1884521,
            "book_valuer_per_share": 26.54,
            "book_valuer_per_share_4q_avg": 25.4,
            "equity": 5123664,
            "current_ratio": 252.37,
            "debt_ratio": 30.31,
            "inventory_turnover_ratio": 1.81,
            "account_receivable_turnover_ratio": 1.13,
            "reinvestment_rate": -1.05,
            "research_to_sale_ratio": 2.64,
            "price_fair": 105.35,
            "eps_avg_yearly": 3.01,
            "eps_latest_yearly": 3.88,
            "eps_growth_yearly": 122.76
        },
        "20161": {
            "year_quarter": 20161,
            "year": 2016,
            "quarter": 1,
            "eps": 0.96,
            "eps_growth_year": 9.09,
            "eps_4q": 4.3,
            "eps_4q_growth_year": 30.22,
            "roe": 3.52,
            "roe_4q": 16.82,
            "gross_profit": 509390,
            "gross_margin": 25.76,
            "gross_margin_4q_avg": 23.83,
            "net_income": 184676,
            "revenue": 1977441,
            "common_shares": 1884521,
            "book_valuer_per_share": 27.88,
            "book_valuer_per_share_4q_avg": 26.07,
            "equity": 5380424,
            "current_ratio": 278.48,
            "debt_ratio": 27.05,
            "inventory_turnover_ratio": 1.89,
            "account_receivable_turnover_ratio": 1.24,
            "reinvestment_rate": -5.35,
            "research_to_sale_ratio": 2.5,
            "price_fair": 110.51,
            "eps_avg_yearly": 3.16,
            "eps_latest_yearly": 3.84,
            "eps_growth_yearly": 130.38
        },
        "20162": {
            "year_quarter": 20162,
            "year": 2016,
            "quarter": 2,
            "eps": 1.28,
            "eps_growth_year": 37.63,
            "eps_4q": 4.64,
            "eps_4q_growth_year": 32.57,
            "roe": 4.74,
            "roe_4q": 17.759999999999998,
            "gross_profit": 548971,
            "gross_margin": 24.81,
            "gross_margin_4q_avg": 24.54,
            "net_income": 245079,
            "revenue": 2212462,
            "common_shares": 1884521,
            "book_valuer_per_share": 25.72,
            "book_valuer_per_share_4q_avg": 26.5,
            "equity": 4961920,
            "current_ratio": 211.88,
            "debt_ratio": 35.41,
            "inventory_turnover_ratio": 2.22,
            "account_receivable_turnover_ratio": 1.31,
            "reinvestment_rate": -9.11,
            "research_to_sale_ratio": 2.28,
            "price_fair": 117.34,
            "eps_avg_yearly": 3.35,
            "eps_latest_yearly": 5.12,
            "eps_growth_yearly": 129.93
        },
        "20163": {
            "year_quarter": 20163,
            "year": 2016,
            "quarter": 3,
            "eps": 1.12,
            "eps_growth_year": -22.22,
            "eps_4q": 4.32,
            "eps_4q_growth_year": 9.76,
            "roe": 4.3,
            "roe_4q": 16.299999999999997,
            "gross_profit": 539448,
            "gross_margin": 25.02,
            "gross_margin_4q_avg": 25.23,
            "net_income": 216620,
            "revenue": 2155721,
            "common_shares": 1884521,
            "book_valuer_per_share": 26.55,
            "book_valuer_per_share_4q_avg": 26.67,
            "equity": 5124155,
            "current_ratio": 267.1,
            "debt_ratio": 28.77,
            "inventory_turnover_ratio": 2.21,
            "account_receivable_turnover_ratio": 1.21,
            "reinvestment_rate": -9.3,
            "research_to_sale_ratio": 2.28,
            "price_fair": 121.19,
            "eps_avg_yearly": 3.46,
            "eps_latest_yearly": 4.48,
            "eps_growth_yearly": 117.8
        },
        "20164": {
            "year_quarter": 20164,
            "year": 2016,
            "quarter": 4,
            "eps": 1,
            "eps_growth_year": 2.78,
            "eps_4q": 4.35,
            "eps_4q_growth_year": 2.97,
            "roe": 3.45,
            "roe_4q": 16.01,
            "gross_profit": 517552,
            "gross_margin": 25.21,
            "gross_margin_4q_avg": 25.2,
            "net_income": 178870,
            "revenue": 2053108,
            "common_shares": 1884521,
            "book_valuer_per_share": 27.24,
            "book_valuer_per_share_4q_avg": 26.85,
            "equity": 5243537,
            "current_ratio": 262.7,
            "debt_ratio": 30.82,
            "inventory_turnover_ratio": 2.06,
            "account_receivable_turnover_ratio": 1.18,
            "reinvestment_rate": -8.87,
            "research_to_sale_ratio": 2.61,
            "price_fair": 125.65,
            "eps_avg_yearly": 3.59,
            "eps_latest_yearly": 4,
            "eps_growth_yearly": 122.11
        },
        "20171": {
            "year_quarter": 20171,
            "year": 2017,
            "quarter": 1,
            "eps": 0.51,
            "eps_growth_year": -46.88,
            "eps_4q": 3.9,
            "eps_4q_growth_year": -9.23,
            "roe": 1.86,
            "roe_4q": 14.35,
            "gross_profit": 396191,
            "gross_margin": 21.08,
            "gross_margin_4q_avg": 24.03,
            "net_income": 97342,
            "revenue": 1879076,
            "common_shares": 1884521,
            "book_valuer_per_share": 26.99,
            "book_valuer_per_share_4q_avg": 26.63,
            "equity": 5198513,
            "current_ratio": 291.65,
            "debt_ratio": 27.62,
            "inventory_turnover_ratio": 1.89,
            "account_receivable_turnover_ratio": 1.2,
            "reinvestment_rate": -7.33,
            "research_to_sale_ratio": 2.25,
            "price_fair": 127.14,
            "eps_avg_yearly": 3.63,
            "eps_latest_yearly": 2.04,
            "eps_growth_yearly": 117.51
        },
        "20172": {
            "year_quarter": 20172,
            "year": 2017,
            "quarter": 2,
            "eps": 0.81,
            "eps_growth_year": -36.72,
            "eps_4q": 3.44,
            "eps_4q_growth_year": -25.89,
            "roe": 3.15,
            "roe_4q": 12.760000000000002,
            "gross_profit": 418359,
            "gross_margin": 20.63,
            "gross_margin_4q_avg": 22.99,
            "net_income": 158008,
            "revenue": 2027879,
            "common_shares": 1884521,
            "book_valuer_per_share": 25.09,
            "book_valuer_per_share_4q_avg": 26.47,
            "equity": 4840048,
            "current_ratio": 214.31,
            "debt_ratio": 35.58,
            "inventory_turnover_ratio": 2.01,
            "account_receivable_turnover_ratio": 1.39,
            "reinvestment_rate": -8.5,
            "research_to_sale_ratio": 2.1,
            "price_fair": 130.81,
            "eps_avg_yearly": 3.74,
            "eps_latest_yearly": 3.24,
            "eps_growth_yearly": 128.54
        },
        "20173": {
            "year_quarter": 20173,
            "year": 2017,
            "quarter": 3,
            "eps": 0.94,
            "eps_growth_year": -16.07,
            "eps_4q": 3.25,
            "eps_4q_growth_year": -24.72,
            "roe": 3.7,
            "roe_4q": 12.16,
            "gross_profit": 434727,
            "gross_margin": 20.55,
            "gross_margin_4q_avg": 21.87,
            "net_income": 182282,
            "revenue": 2115458,
            "common_shares": 1884521,
            "book_valuer_per_share": 25.98,
            "book_valuer_per_share_4q_avg": 26.33,
            "equity": 5006814,
            "current_ratio": 246.05,
            "debt_ratio": 30.97,
            "inventory_turnover_ratio": 2.07,
            "account_receivable_turnover_ratio": 1.36,
            "reinvestment_rate": -1.2,
            "research_to_sale_ratio": 2,
            "price_fair": 122.41,
            "eps_avg_yearly": 3.5,
            "eps_latest_yearly": 3.76,
            "eps_growth_yearly": 35.76
        },
        "20174": {
            "year_quarter": 20174,
            "year": 2017,
            "quarter": 4,
            "eps": 0.66,
            "eps_growth_year": -33.74,
            "eps_4q": 2.92,
            "eps_4q_growth_year": -32.91,
            "roe": 2.59,
            "roe_4q": 11.299999999999999,
            "gross_profit": 393179,
            "gross_margin": 19.82,
            "gross_margin_4q_avg": 20.52,
            "net_income": 131715,
            "revenue": 1983988,
            "common_shares": 1884521,
            "book_valuer_per_share": 26.71,
            "book_valuer_per_share_4q_avg": 26.19,
            "equity": 5151579,
            "current_ratio": 236.93,
            "debt_ratio": 31.14,
            "inventory_turnover_ratio": 1.87,
            "account_receivable_turnover_ratio": 1.26,
            "reinvestment_rate": 4.4,
            "research_to_sale_ratio": 2.23,
            "price_fair": 124.16,
            "eps_avg_yearly": 3.55,
            "eps_latest_yearly": 2.64,
            "eps_growth_yearly": 47.26
        },
        "20181": {
            "year_quarter": 20181,
            "year": 2018,
            "quarter": 1,
            "eps": 0.23,
            "eps_growth_year": -54.9,
            "eps_4q": 2.64,
            "eps_4q_growth_year": -32.38,
            "roe": 0.89,
            "roe_4q": 10.33,
            "gross_profit": 318245,
            "gross_margin": 17.18,
            "gross_margin_4q_avg": 19.55,
            "net_income": 46274,
            "revenue": 1852659,
            "common_shares": 1884521,
            "book_valuer_per_share": 26.92,
            "book_valuer_per_share_4q_avg": 26.18,
            "equity": 5193749,
            "current_ratio": 249.45,
            "debt_ratio": 28.66,
            "inventory_turnover_ratio": 1.64,
            "account_receivable_turnover_ratio": 1.37,
            "reinvestment_rate": -7.8,
            "research_to_sale_ratio": 2.38,
            "price_fair": 123.73,
            "eps_avg_yearly": 3.54,
            "eps_latest_yearly": 0.92,
            "eps_growth_yearly": 40.75
        },
        "20182": {
            "year_quarter": 20182,
            "year": 2018,
            "quarter": 2,
            "eps": 1.09,
            "eps_growth_year": 34.57,
            "eps_4q": 2.92,
            "eps_4q_growth_year": -15.21,
            "roe": 4.16,
            "roe_4q": 11.34,
            "gross_profit": 414980,
            "gross_margin": 20.04,
            "gross_margin_4q_avg": 19.4,
            "net_income": 212334,
            "revenue": 2070382,
            "common_shares": 1884521,
            "book_valuer_per_share": 25.98,
            "book_valuer_per_share_4q_avg": 26.4,
            "equity": 5022536,
            "current_ratio": 207.51,
            "debt_ratio": 33.85,
            "inventory_turnover_ratio": 1.69,
            "account_receivable_turnover_ratio": 1.51,
            "reinvestment_rate": -2.66,
            "research_to_sale_ratio": 2.22,
            "price_fair": 126.88,
            "eps_avg_yearly": 3.63,
            "eps_latest_yearly": 4.36,
            "eps_growth_yearly": 94.05
        },
        "20183": {
            "year_quarter": 20183,
            "year": 2018,
            "quarter": 3,
            "eps": 1.34,
            "eps_growth_year": 42.55,
            "eps_4q": 3.32,
            "eps_4q_growth_year": 2.05,
            "roe": 5.06,
            "roe_4q": 12.7,
            "gross_profit": 495899,
            "gross_margin": 22.06,
            "gross_margin_4q_avg": 19.78,
            "net_income": 258297,
            "revenue": 2247688,
            "common_shares": 1884521,
            "book_valuer_per_share": 26.87,
            "book_valuer_per_share_4q_avg": 26.62,
            "equity": 5192005,
            "current_ratio": 237.63,
            "debt_ratio": 29.9,
            "inventory_turnover_ratio": 1.86,
            "account_receivable_turnover_ratio": 1.37,
            "reinvestment_rate": -6.44,
            "research_to_sale_ratio": 2.05,
            "price_fair": 129.85,
            "eps_avg_yearly": 3.71,
            "eps_latest_yearly": 5.36,
            "eps_growth_yearly": 90.54
        },
        "20184": {
            "year_quarter": 20184,
            "year": 2018,
            "quarter": 4,
            "eps": 1.02,
            "eps_growth_year": 54.1,
            "eps_4q": 3.68,
            "eps_4q_growth_year": 26.03,
            "roe": 3.7,
            "roe_4q": 13.81,
            "gross_profit": 494993,
            "gross_margin": 23.21,
            "gross_margin_4q_avg": 20.62,
            "net_income": 194520,
            "revenue": 2132729,
            "common_shares": 1884521,
            "book_valuer_per_share": 27.56,
            "book_valuer_per_share_4q_avg": 26.83,
            "equity": 5325063,
            "current_ratio": 243.6,
            "debt_ratio": 32.45,
            "inventory_turnover_ratio": 1.75,
            "account_receivable_turnover_ratio": 1.31,
            "reinvestment_rate": -9.98,
            "research_to_sale_ratio": 2.36,
            "price_fair": 132.83,
            "eps_avg_yearly": 3.8,
            "eps_latest_yearly": 4.08,
            "eps_growth_yearly": 92.57
        },
        "20191": {
            "year_quarter": 20191,
            "year": 2019,
            "quarter": 1,
            "eps": 0.88,
            "eps_growth_year": 282.61,
            "eps_4q": 4.33,
            "eps_4q_growth_year": 64.12,
            "roe": 3.08,
            "roe_4q": 16,
            "gross_profit": 451489,
            "gross_margin": 22.66,
            "gross_margin_4q_avg": 21.99,
            "net_income": 167624,
            "revenue": 1992254,
            "common_shares": 1884521,
            "book_valuer_per_share": 28.77,
            "book_valuer_per_share_4q_avg": 27.3,
            "equity": 5554372,
            "current_ratio": 274.83,
            "debt_ratio": 30.24,
            "inventory_turnover_ratio": 1.56,
            "account_receivable_turnover_ratio": 1.38,
            "reinvestment_rate": -4.14,
            "research_to_sale_ratio": 2.29,
            "price_fair": 132.83,
            "eps_avg_yearly": 3.8,
            "eps_latest_yearly": 3.52,
            "eps_growth_yearly": 81.79
        },
        "20192": {
            "year_quarter": 20192,
            "year": 2019,
            "quarter": 2,
            "eps": 1.36,
            "eps_growth_year": 24.77,
            "eps_4q": 4.6,
            "eps_4q_growth_year": 57.57,
            "roe": 4.81,
            "roe_4q": 16.65,
            "gross_profit": 563846,
            "gross_margin": 24.53,
            "gross_margin_4q_avg": 23.12,
            "net_income": 261327,
            "revenue": 2299017,
            "common_shares": 1884521,
            "book_valuer_per_share": 27.46,
            "book_valuer_per_share_4q_avg": 27.67,
            "equity": 5311671,
            "current_ratio": 221.55,
            "debt_ratio": 36.84,
            "inventory_turnover_ratio": 1.73,
            "account_receivable_turnover_ratio": 1.58,
            "reinvestment_rate": -2.95,
            "research_to_sale_ratio": 2.12,
            "price_fair": 136.59,
            "eps_avg_yearly": 3.9,
            "eps_latest_yearly": 5.44,
            "eps_growth_yearly": 94
        },
        "20193": {
            "year_quarter": 20193,
            "year": 2019,
            "quarter": 3,
            "eps": 1.38,
            "eps_growth_year": 2.99,
            "eps_4q": 4.64,
            "eps_4q_growth_year": 39.62,
            "roe": 4.93,
            "roe_4q": 16.52,
            "gross_profit": 564429,
            "gross_margin": 24.61,
            "gross_margin_4q_avg": 23.75,
            "net_income": 266697,
            "revenue": 2293292,
            "common_shares": 1884521,
            "book_valuer_per_share": 28.44,
            "book_valuer_per_share_4q_avg": 28.06,
            "equity": 5502279,
            "current_ratio": 259.93,
            "debt_ratio": 32.63,
            "inventory_turnover_ratio": 1.81,
            "account_receivable_turnover_ratio": 1.4,
            "reinvestment_rate": 6.19,
            "research_to_sale_ratio": 2.1,
            "price_fair": 136.06,
            "eps_avg_yearly": 3.89,
            "eps_latest_yearly": 5.52,
            "eps_growth_yearly": 80.66
        },
        "20194": {
            "year_quarter": 20194,
            "year": 2019,
            "quarter": 4,
            "eps": 0.76,
            "eps_growth_year": -25.12,
            "eps_4q": 4.38,
            "eps_4q_growth_year": 19.13,
            "roe": 2.66,
            "roe_4q": 15.479999999999999,
            "gross_profit": 477276,
            "gross_margin": 22.76,
            "gross_margin_4q_avg": 23.64,
            "net_income": 147543,
            "revenue": 2097343,
            "common_shares": 1884521,
            "book_valuer_per_share": 28.97,
            "book_valuer_per_share_4q_avg": 28.41,
            "equity": 5607114,
            "current_ratio": 266.16,
            "debt_ratio": 32.96,
            "inventory_turnover_ratio": 1.75,
            "account_receivable_turnover_ratio": 1.29,
            "reinvestment_rate": 14.16,
            "research_to_sale_ratio": 2.59,
            "price_fair": 134.23,
            "eps_avg_yearly": 3.84,
            "eps_latest_yearly": 3.04,
            "eps_growth_yearly": 77.59
        },
        "20201": {
            "year_quarter": 20201,
            "year": 2020,
            "quarter": 1,
            "eps": 0.8,
            "eps_growth_year": -9.09,
            "eps_4q": 4.3,
            "eps_4q_growth_year": -0.69,
            "roe": 2.67,
            "roe_4q": 15.07,
            "gross_profit": 378481,
            "gross_margin": 21.54,
            "gross_margin_4q_avg": 23.36,
            "net_income": 151106,
            "revenue": 1756793,
            "common_shares": 1884521,
            "book_valuer_per_share": 29.49,
            "book_valuer_per_share_4q_avg": 28.59,
            "equity": 5704925,
            "current_ratio": 322.91,
            "debt_ratio": 29.13,
            "inventory_turnover_ratio": 1.41,
            "account_receivable_turnover_ratio": 1.26,
            "reinvestment_rate": 14.61,
            "research_to_sale_ratio": 2.68,
            "price_fair": 132.83,
            "eps_avg_yearly": 3.8,
            "eps_latest_yearly": 3.2,
            "eps_growth_yearly": 79.16
        },
        "20202": {
            "year_quarter": 20202,
            "year": 2020,
            "quarter": 2,
            "eps": 1.3,
            "eps_growth_year": -4.41,
            "eps_4q": 4.24,
            "eps_4q_growth_year": -7.77,
            "roe": 4.4,
            "roe_4q": 14.66,
            "gross_profit": 572426,
            "gross_margin": 25.55,
            "gross_margin_4q_avg": 23.62,
            "net_income": 245597,
            "revenue": 2240790,
            "common_shares": 1884521,
            "book_valuer_per_share": 28.24,
            "book_valuer_per_share_4q_avg": 28.79,
            "equity": 5466398,
            "current_ratio": 235.94,
            "debt_ratio": 35.64,
            "inventory_turnover_ratio": 1.67,
            "account_receivable_turnover_ratio": 1.48,
            "reinvestment_rate": 18.3,
            "research_to_sale_ratio": 2.15,
            "price_fair": 133,
            "eps_avg_yearly": 3.8,
            "eps_latest_yearly": 5.2,
            "eps_growth_yearly": 86.45
        },
        "20203": {
            "year_quarter": 20203,
            "year": 2020,
            "quarter": 3,
            "eps": 1.46,
            "eps_growth_year": 5.8,
            "eps_4q": 4.32,
            "eps_4q_growth_year": -6.92,
            "roe": 5,
            "roe_4q": 14.73,
            "gross_profit": 656330,
            "gross_margin": 24.99,
            "gross_margin_4q_avg": 23.71,
            "net_income": 279508,
            "revenue": 2626594,
            "common_shares": 1884521,
            "book_valuer_per_share": 29.75,
            "book_valuer_per_share_4q_avg": 29.11,
            "equity": 5723363,
            "current_ratio": 260.16,
            "debt_ratio": 32.94,
            "inventory_turnover_ratio": 1.99,
            "account_receivable_turnover_ratio": 1.39,
            "reinvestment_rate": 18.5,
            "research_to_sale_ratio": 2.03,
            "price_fair": 135.98,
            "eps_avg_yearly": 3.89,
            "eps_latest_yearly": 5.84,
            "eps_growth_yearly": 92.66
        },
        "20204": {
            "year_quarter": 20204,
            "year": 2020,
            "quarter": 4,
            "eps": 0.82,
            "eps_growth_year": 7.34,
            "eps_4q": 4.37,
            "eps_4q_growth_year": -0.22,
            "roe": 2.68,
            "roe_4q": 14.75,
            "gross_profit": 557522,
            "gross_margin": 23.14,
            "gross_margin_4q_avg": 23.81,
            "net_income": 156439,
            "revenue": 2409799,
            "common_shares": 1884521,
            "book_valuer_per_share": 31,
            "book_valuer_per_share_4q_avg": 29.62,
            "equity": 5963433,
            "current_ratio": 249.72,
            "debt_ratio": 33.88,
            "inventory_turnover_ratio": 1.65,
            "account_receivable_turnover_ratio": 1.24,
            "reinvestment_rate": 19.89,
            "research_to_sale_ratio": 2.36,
            "price_fair": 134.4,
            "eps_avg_yearly": 3.84,
            "eps_latest_yearly": 3.28,
            "eps_growth_yearly": 84.38
        },
        "20211": {
            "year_quarter": 20211,
            "year": 2021,
            "quarter": 1,
            "eps": 0.88,
            "eps_growth_year": 10,
            "eps_4q": 4.45,
            "eps_4q_growth_year": 3.46,
            "roe": 2.75,
            "roe_4q": 14.83,
            "gross_profit": 436230,
            "gross_margin": 20.1,
            "gross_margin_4q_avg": 23.45,
            "net_income": 166261,
            "revenue": 2170678,
            "common_shares": 1884521,
            "book_valuer_per_share": 31.92,
            "book_valuer_per_share_4q_avg": 30.23,
            "equity": 6137898,
            "current_ratio": 284.42,
            "debt_ratio": 30.7,
            "inventory_turnover_ratio": 1.3,
            "account_receivable_turnover_ratio": 1.17,
            "reinvestment_rate": 19.89,
            "research_to_sale_ratio": 2.34,
            "price_fair": 137.64,
            "eps_avg_yearly": 3.93,
            "eps_latest_yearly": 3.52,
            "eps_growth_yearly": 98.45
        },
        "20212": {
            "year_quarter": 20212,
            "year": 2021,
            "quarter": 2,
            "eps": 0.72,
            "eps_growth_year": -44.62,
            "eps_4q": 3.87,
            "eps_4q_growth_year": -8.7,
            "roe": 2.21,
            "roe_4q": 12.64,
            "gross_profit": 445312,
            "gross_margin": 17.1,
            "gross_margin_4q_avg": 21.33,
            "net_income": 137120,
            "revenue": 2604092,
            "common_shares": 1884521,
            "book_valuer_per_share": 32.68,
            "book_valuer_per_share_4q_avg": 31.34,
            "equity": 6281564,
            "current_ratio": 274.82,
            "debt_ratio": 31.14,
            "inventory_turnover_ratio": 1.45,
            "account_receivable_turnover_ratio": 1.38,
            "reinvestment_rate": 18.52,
            "research_to_sale_ratio": 2.03,
            "price_fair": 136.85,
            "eps_avg_yearly": 3.91,
            "eps_latest_yearly": 2.88,
            "eps_growth_yearly": 79.2
        },
        "20213": {
            "year_quarter": 20213,
            "year": 2021,
            "quarter": 3,
            "eps": 1.17,
            "eps_growth_year": -19.86,
            "eps_4q": 3.59,
            "eps_4q_growth_year": -16.9,
            "roe": 3.65,
            "roe_4q": 11.29,
            "gross_profit": 382079,
            "gross_margin": 16.02,
            "gross_margin_4q_avg": 19.09,
            "net_income": 223188,
            "revenue": 2384785,
            "common_shares": 1884521,
            "book_valuer_per_share": 31.17,
            "book_valuer_per_share_4q_avg": 31.69,
            "equity": 5931428,
            "current_ratio": 254.59,
            "debt_ratio": 32.59,
            "inventory_turnover_ratio": 1.29,
            "account_receivable_turnover_ratio": 1.34,
            "reinvestment_rate": 2.76,
            "research_to_sale_ratio": 2.25,
            "price_fair": 138.86,
            "eps_avg_yearly": 3.97,
            "eps_latest_yearly": 4.68,
            "eps_growth_yearly": 90.82
        },
        "20214": {
            "year_quarter": 20214,
            "year": 2021,
            "quarter": 4,
            "eps": 0.77,
            "eps_growth_year": -5.43,
            "eps_4q": 3.54,
            "eps_4q_growth_year": -18.98,
            "roe": 2.45,
            "roe_4q": 11.059999999999999,
            "gross_profit": 424579,
            "gross_margin": 16.8,
            "gross_margin_4q_avg": 17.51,
            "net_income": 147284,
            "revenue": 2526564,
            "common_shares": 1884521,
            "book_valuer_per_share": 32.12,
            "book_valuer_per_share_4q_avg": 31.97,
            "equity": 6112920,
            "current_ratio": 271.03,
            "debt_ratio": 30.72,
            "inventory_turnover_ratio": 1.35,
            "account_receivable_turnover_ratio": 1.44,
            "reinvestment_rate": -2.46,
            "research_to_sale_ratio": 2.03,
            "price_fair": 139.83,
            "eps_avg_yearly": 4,
            "eps_latest_yearly": 3.08,
            "eps_growth_yearly": 89.72
        },
        "20221": {
            "year_quarter": 20221,
            "year": 2022,
            "quarter": 1,
            "eps": 0.63,
            "eps_growth_year": -28.41,
            "eps_4q": 3.29,
            "eps_4q_growth_year": -25.97,
            "roe": 1.92,
            "roe_4q": 10.23,
            "gross_profit": 299990,
            "gross_margin": 13.63,
            "gross_margin_4q_avg": 15.89,
            "net_income": 119610,
            "revenue": 2200746,
            "common_shares": 1884521,
            "book_valuer_per_share": 33.21,
            "book_valuer_per_share_4q_avg": 32.3,
            "equity": 6320167,
            "current_ratio": 293.84,
            "debt_ratio": 28.41,
            "inventory_turnover_ratio": 1.2,
            "account_receivable_turnover_ratio": 1.25,
            "reinvestment_rate": 7.54,
            "research_to_sale_ratio": 2.15,
            "price_fair": 143.33,
            "eps_avg_yearly": 4.1,
            "eps_latest_yearly": 2.52,
            "eps_growth_yearly": 101.46
        },
        "20222": {
            "year_quarter": 20222,
            "year": 2022,
            "quarter": 2,
            "eps": 1.49,
            "eps_growth_year": 106.94,
            "eps_4q": 4.07,
            "eps_4q_growth_year": 5.14,
            "roe": 4.54,
            "roe_4q": 12.56,
            "gross_profit": 483104,
            "gross_margin": 19.49,
            "gross_margin_4q_avg": 16.49,
            "net_income": 282658,
            "revenue": 2478771,
            "common_shares": 1884521,
            "book_valuer_per_share": 32.22,
            "book_valuer_per_share_4q_avg": 32.18,
            "equity": 6130011,
            "current_ratio": 249.44,
            "debt_ratio": 32.64,
            "inventory_turnover_ratio": 1.27,
            "account_receivable_turnover_ratio": 1.36,
            "reinvestment_rate": -1.77,
            "research_to_sale_ratio": 1.94,
            "price_fair": 146.83,
            "eps_avg_yearly": 4.2,
            "eps_latest_yearly": 5.96,
            "eps_growth_yearly": 42.11
        },
        "20223": {
            "year_quarter": 20223,
            "year": 2022,
            "quarter": 3,
            "eps": 2.01,
            "eps_growth_year": 71.79,
            "eps_4q": 4.91,
            "eps_4q_growth_year": 36.87,
            "roe": 5.97,
            "roe_4q": 14.879999999999999,
            "gross_profit": 540615,
            "gross_margin": 19.89,
            "gross_margin_4q_avg": 17.45,
            "net_income": 379343,
            "revenue": 2718058,
            "common_shares": 1884521,
            "book_valuer_per_share": 34.56,
            "book_valuer_per_share_4q_avg": 33.03,
            "equity": 6570326,
            "current_ratio": 294.12,
            "debt_ratio": 28.87,
            "inventory_turnover_ratio": 1.5,
            "account_receivable_turnover_ratio": 1.39,
            "reinvestment_rate": -3.67,
            "research_to_sale_ratio": 1.84,
            "price_fair": 152.69,
            "eps_avg_yearly": 4.36,
            "eps_latest_yearly": 8.04,
            "eps_growth_yearly": 45.1
        },
        "20224": {
            "year_quarter": 20224,
            "year": 2022,
            "quarter": 4,
            "eps": 0.69,
            "eps_growth_year": -10.47,
            "eps_4q": 4.83,
            "eps_4q_growth_year": 36.3,
            "roe": 2,
            "roe_4q": 14.43,
            "gross_profit": 524368,
            "gross_margin": 24.58,
            "gross_margin_4q_avg": 19.4,
            "net_income": 132943,
            "revenue": 2133345,
            "common_shares": 1884521,
            "book_valuer_per_share": 35.26,
            "book_valuer_per_share_4q_avg": 33.81,
            "equity": 6705800,
            "current_ratio": 289.16,
            "debt_ratio": 27.18,
            "inventory_turnover_ratio": 1.23,
            "account_receivable_turnover_ratio": 1.25,
            "reinvestment_rate": 10.54,
            "research_to_sale_ratio": 2.34,
            "price_fair": 149.8,
            "eps_avg_yearly": 4.28,
            "eps_latest_yearly": 2.76,
            "eps_growth_yearly": 34.65
        },
        "20231": {
            "year_quarter": 20231,
            "year": 2023,
            "quarter": 1,
            "eps": 0.51,
            "eps_growth_year": -19.05,
            "eps_4q": 4.71,
            "eps_4q_growth_year": 43.08,
            "roe": 1.5,
            "roe_4q": 14.009999999999998,
            "gross_profit": 330744,
            "gross_margin": 18.64,
            "gross_margin_4q_avg": 20.65,
            "net_income": 97397,
            "revenue": 1774016,
            "common_shares": 1884521,
            "book_valuer_per_share": 32.99,
            "book_valuer_per_share_4q_avg": 33.76,
            "equity": 6278059,
            "current_ratio": 248.05,
            "debt_ratio": 30.08,
            "inventory_turnover_ratio": 1.19,
            "account_receivable_turnover_ratio": 1.35,
            "reinvestment_rate": 4.88,
            "research_to_sale_ratio": 2.46,
            "price_fair": 146.56,
            "eps_avg_yearly": 4.19,
            "eps_latest_yearly": 2.04,
            "eps_growth_yearly": 31.56
        },
        "20232": {
            "year_quarter": 20232,
            "year": 2023,
            "quarter": 2,
            "eps": 1.19,
            "eps_growth_year": -20.13,
            "eps_4q": 4.41,
            "eps_4q_growth_year": 8.48,
            "roe": 3.56,
            "roe_4q": 13.030000000000001,
            "gross_profit": 411132,
            "gross_margin": 19.48,
            "gross_margin_4q_avg": 20.65,
            "net_income": 226005,
            "revenue": 2110133,
            "common_shares": 1884521,
            "book_valuer_per_share": 33.81,
            "book_valuer_per_share_4q_avg": 34.16,
            "equity": 6427547,
            "current_ratio": 292.16,
            "debt_ratio": 26.15,
            "inventory_turnover_ratio": 1.47,
            "account_receivable_turnover_ratio": 1.64,
            "reinvestment_rate": 3.53,
            "research_to_sale_ratio": 2.27,
            "price_fair": 145.08,
            "eps_avg_yearly": 4.15,
            "eps_latest_yearly": 4.76,
            "eps_growth_yearly": 51.26
        }
    },
    "months": {
        "2001-06": {
            "month": "2001-06",
            "price": "27.90",
            "revenue": 273300
        },
        "2001-07": {
            "month": "2001-07",
            "price": "25.70",
            "revenue": 233798
        },
        "2001-08": {
            "month": "2001-08",
            "price": "25.00",
            "revenue": 262916
        },
        "2001-09": {
            "month": "2001-09",
            "price": "20.38",
            "revenue": 190503
        },
        "2001-10": {
            "month": "2001-10",
            "price": "19.60",
            "revenue": 269370
        },
        "2001-11": {
            "month": "2001-11",
            "price": "22.16",
            "revenue": 218516
        },
        "2001-12": {
            "month": "2001-12",
            "price": "26.24",
            "revenue": 209440
        },
        "2002-01": {
            "month": "2002-01",
            "price": "28.09",
            "revenue": 182533
        },
        "2002-02": {
            "month": "2002-02",
            "price": "25.64",
            "revenue": 166503
        },
        "2002-03": {
            "month": "2002-03",
            "price": "26.23",
            "revenue": 210322
        },
        "2002-04": {
            "month": "2002-04",
            "price": "26.69",
            "revenue": 246722
        },
        "2002-05": {
            "month": "2002-05",
            "price": "24.64",
            "revenue": 280751
        },
        "2002-06": {
            "month": "2002-06",
            "price": "24.99",
            "revenue": 224654
        },
        "2002-07": {
            "month": "2002-07",
            "price": "22.40",
            "revenue": 204788
        },
        "2002-08": {
            "month": "2002-08",
            "price": "20.15",
            "revenue": 212844
        },
        "2002-09": {
            "month": "2002-09",
            "price": "20.26",
            "revenue": 179581
        },
        "2002-10": {
            "month": "2002-10",
            "price": "18.30",
            "revenue": 208277
        },
        "2002-11": {
            "month": "2002-11",
            "price": "19.70",
            "revenue": 204260
        },
        "2002-12": {
            "month": "2002-12",
            "price": "19.64",
            "revenue": 216361
        },
        "2003-01": {
            "month": "2003-01",
            "price": "21.02",
            "revenue": 235568
        },
        "2003-02": {
            "month": "2003-02",
            "price": "19.69",
            "revenue": 163721
        },
        "2003-03": {
            "month": "2003-03",
            "price": "19.08",
            "revenue": 269700
        },
        "2003-04": {
            "month": "2003-04",
            "price": "19.76",
            "revenue": 281297
        },
        "2003-05": {
            "month": "2003-05",
            "price": "21.32",
            "revenue": 295637
        },
        "2003-06": {
            "month": "2003-06",
            "price": "23.00",
            "revenue": 243525
        },
        "2003-07": {
            "month": "2003-07",
            "price": "24.05",
            "revenue": 265157
        },
        "2003-08": {
            "month": "2003-08",
            "price": "26.83",
            "revenue": 231874
        },
        "2003-09": {
            "month": "2003-09",
            "price": "25.57",
            "revenue": 262208
        },
        "2003-10": {
            "month": "2003-10",
            "price": "27.62",
            "revenue": 251934
        },
        "2003-11": {
            "month": "2003-11",
            "price": "30.09",
            "revenue": 233339
        },
        "2003-12": {
            "month": "2003-12",
            "price": "29.10",
            "revenue": 290455
        },
        "2004-01": {
            "month": "2004-01",
            "price": "32.29",
            "revenue": 244224
        },
        "2004-02": {
            "month": "2004-02",
            "price": "34.12",
            "revenue": 264004
        },
        "2004-03": {
            "month": "2004-03",
            "price": "33.80",
            "revenue": 307006
        },
        "2004-04": {
            "month": "2004-04",
            "price": "32.57",
            "revenue": 301416
        },
        "2004-05": {
            "month": "2004-05",
            "price": "29.85",
            "revenue": 321569
        },
        "2004-06": {
            "month": "2004-06",
            "price": "30.55",
            "revenue": 387775
        },
        "2004-07": {
            "month": "2004-07",
            "price": "30.86",
            "revenue": 385968
        },
        "2004-08": {
            "month": "2004-08",
            "price": "29.06",
            "revenue": 394261
        },
        "2004-09": {
            "month": "2004-09",
            "price": "30.04",
            "revenue": 456208
        },
        "2004-10": {
            "month": "2004-10",
            "price": "30.84",
            "revenue": 422708
        },
        "2004-11": {
            "month": "2004-11",
            "price": "32.83",
            "revenue": 427873
        },
        "2004-12": {
            "month": "2004-12",
            "price": "34.12",
            "revenue": 463577
        },
        "2005-01": {
            "month": "2005-01",
            "price": "35.04",
            "revenue": 384495
        },
        "2005-02": {
            "month": "2005-02",
            "price": "35.59",
            "revenue": 222890
        },
        "2005-03": {
            "month": "2005-03",
            "price": "35.27",
            "revenue": 349028
        },
        "2005-04": {
            "month": "2005-04",
            "price": "35.46",
            "revenue": 365862
        },
        "2005-05": {
            "month": "2005-05",
            "price": "34.80",
            "revenue": 423275
        },
        "2005-06": {
            "month": "2005-06",
            "price": "35.74",
            "revenue": 424913
        },
        "2005-07": {
            "month": "2005-07",
            "price": "35.92",
            "revenue": 390543
        },
        "2005-08": {
            "month": "2005-08",
            "price": "35.90",
            "revenue": 425033
        },
        "2005-09": {
            "month": "2005-09",
            "price": "35.78",
            "revenue": 430557
        },
        "2005-10": {
            "month": "2005-10",
            "price": "35.81",
            "revenue": 390442
        },
        "2005-11": {
            "month": "2005-11",
            "price": "35.56",
            "revenue": 478906
        },
        "2005-12": {
            "month": "2005-12",
            "price": "36.33",
            "revenue": 437147
        },
        "2006-01": {
            "month": "2006-01",
            "price": "35.94",
            "revenue": 418654
        },
        "2006-02": {
            "month": "2006-02",
            "price": "35.25",
            "revenue": 341760
        },
        "2006-03": {
            "month": "2006-03",
            "price": "35.24",
            "revenue": 406143
        },
        "2006-04": {
            "month": "2006-04",
            "price": "35.65",
            "revenue": 511014
        },
        "2006-05": {
            "month": "2006-05",
            "price": "36.28",
            "revenue": 456962
        },
        "2006-06": {
            "month": "2006-06",
            "price": "36.17",
            "revenue": 519951
        },
        "2006-07": {
            "month": "2006-07",
            "price": "35.43",
            "revenue": 539441
        },
        "2006-08": {
            "month": "2006-08",
            "price": "31.75",
            "revenue": 666071
        },
        "2006-09": {
            "month": "2006-09",
            "price": "28.21",
            "revenue": 585123
        },
        "2006-10": {
            "month": "2006-10",
            "price": "30.81",
            "revenue": 562596
        },
        "2006-11": {
            "month": "2006-11",
            "price": "30.90",
            "revenue": 506382
        },
        "2006-12": {
            "month": "2006-12",
            "price": "29.05",
            "revenue": 320981
        },
        "2007-01": {
            "month": "2007-01",
            "price": "28.15",
            "revenue": 416863
        },
        "2007-02": {
            "month": "2007-02",
            "price": "27.46",
            "revenue": 467781
        },
        "2007-03": {
            "month": "2007-03",
            "price": "27.78",
            "revenue": 362883
        },
        "2007-04": {
            "month": "2007-04",
            "price": "28.99",
            "revenue": 352263
        },
        "2007-05": {
            "month": "2007-05",
            "price": "28.72",
            "revenue": 389207
        },
        "2007-06": {
            "month": "2007-06",
            "price": "29.07",
            "revenue": 386371
        },
        "2007-07": {
            "month": "2007-07",
            "price": "28.36",
            "revenue": 376899
        },
        "2007-08": {
            "month": "2007-08",
            "price": "25.61",
            "revenue": 417149
        },
        "2007-09": {
            "month": "2007-09",
            "price": "24.99",
            "revenue": 365659
        },
        "2007-10": {
            "month": "2007-10",
            "price": "25.03",
            "revenue": 342136
        },
        "2007-11": {
            "month": "2007-11",
            "price": "21.24",
            "revenue": 381124
        },
        "2007-12": {
            "month": "2007-12",
            "price": "20.68",
            "revenue": 284215
        },
        "2008-01": {
            "month": "2008-01",
            "price": "18.98",
            "revenue": 313804
        },
        "2008-02": {
            "month": "2008-02",
            "price": "17.47",
            "revenue": 200339
        },
        "2008-03": {
            "month": "2008-03",
            "price": "17.83",
            "revenue": 277623
        },
        "2008-04": {
            "month": "2008-04",
            "price": "18.75",
            "revenue": 282959
        },
        "2008-05": {
            "month": "2008-05",
            "price": "18.75",
            "revenue": 276917
        },
        "2008-06": {
            "month": "2008-06",
            "price": "17.66",
            "revenue": 250301
        },
        "2008-07": {
            "month": "2008-07",
            "price": "14.20",
            "revenue": 307026
        },
        "2008-08": {
            "month": "2008-08",
            "price": "13.70",
            "revenue": 306053
        },
        "2008-09": {
            "month": "2008-09",
            "price": "12.99",
            "revenue": 259925
        },
        "2008-10": {
            "month": "2008-10",
            "price": "10.80",
            "revenue": 287647
        },
        "2008-11": {
            "month": "2008-11",
            "price": "11.02",
            "revenue": 231916
        },
        "2008-12": {
            "month": "2008-12",
            "price": "11.19",
            "revenue": 230049
        },
        "2009-01": {
            "month": "2009-01",
            "price": "10.69",
            "revenue": 306207
        },
        "2009-02": {
            "month": "2009-02",
            "price": "10.01",
            "revenue": 231527
        },
        "2009-03": {
            "month": "2009-03",
            "price": "11.00",
            "revenue": 255866
        },
        "2009-04": {
            "month": "2009-04",
            "price": "16.05",
            "revenue": 260116
        },
        "2009-05": {
            "month": "2009-05",
            "price": "17.04",
            "revenue": 203317
        },
        "2009-06": {
            "month": "2009-06",
            "price": "15.34",
            "revenue": 199506
        },
        "2009-07": {
            "month": "2009-07",
            "price": "15.23",
            "revenue": 287399
        },
        "2009-08": {
            "month": "2009-08",
            "price": "15.52",
            "revenue": 234183
        },
        "2009-09": {
            "month": "2009-09",
            "price": "18.41",
            "revenue": 219255
        },
        "2009-10": {
            "month": "2009-10",
            "price": "18.14",
            "revenue": 259710
        },
        "2009-11": {
            "month": "2009-11",
            "price": "19.13",
            "revenue": 242852
        },
        "2009-12": {
            "month": "2009-12",
            "price": "19.38",
            "revenue": 247827
        },
        "2010-01": {
            "month": "2010-01",
            "price": "20.21",
            "revenue": 262837
        },
        "2010-02": {
            "month": "2010-02",
            "price": "19.16",
            "revenue": 209948
        },
        "2010-03": {
            "month": "2010-03",
            "price": "19.85",
            "revenue": 274792
        },
        "2010-04": {
            "month": "2010-04",
            "price": "20.75",
            "revenue": 295977
        },
        "2010-05": {
            "month": "2010-05",
            "price": "19.78",
            "revenue": 319877
        },
        "2010-06": {
            "month": "2010-06",
            "price": "20.24",
            "revenue": 280699
        },
        "2010-07": {
            "month": "2010-07",
            "price": "18.98",
            "revenue": 372371
        },
        "2010-08": {
            "month": "2010-08",
            "price": "19.96",
            "revenue": 312446
        },
        "2010-09": {
            "month": "2010-09",
            "price": "19.98",
            "revenue": 266650
        },
        "2010-10": {
            "month": "2010-10",
            "price": "19.95",
            "revenue": 284016
        },
        "2010-11": {
            "month": "2010-11",
            "price": "20.39",
            "revenue": 262989
        },
        "2010-12": {
            "month": "2010-12",
            "price": "22.19",
            "revenue": 241747
        },
        "2011-01": {
            "month": "2011-01",
            "price": "23.59",
            "revenue": 314140
        },
        "2011-02": {
            "month": "2011-02",
            "price": "23.40",
            "revenue": 197456
        },
        "2011-03": {
            "month": "2011-03",
            "price": "22.86",
            "revenue": 310720
        },
        "2011-04": {
            "month": "2011-04",
            "price": "23.26",
            "revenue": 249656
        },
        "2011-05": {
            "month": "2011-05",
            "price": "22.18",
            "revenue": 274475
        },
        "2011-06": {
            "month": "2011-06",
            "price": "21.19",
            "revenue": 240760
        },
        "2011-07": {
            "month": "2011-07",
            "price": "20.19",
            "revenue": 249489
        },
        "2011-08": {
            "month": "2011-08",
            "price": "18.18",
            "revenue": 271216
        },
        "2011-09": {
            "month": "2011-09",
            "price": "17.56",
            "revenue": 270421
        },
        "2011-10": {
            "month": "2011-10",
            "price": "17.46",
            "revenue": 261046
        },
        "2011-11": {
            "month": "2011-11",
            "price": "17.01",
            "revenue": 242359
        },
        "2011-12": {
            "month": "2011-12",
            "price": "16.91",
            "revenue": 285856
        },
        "2012-01": {
            "month": "2012-01",
            "price": "16.70",
            "revenue": 277120
        },
        "2012-02": {
            "month": "2012-02",
            "price": "17.80",
            "revenue": 225133
        },
        "2012-03": {
            "month": "2012-03",
            "price": "18.53",
            "revenue": 317348
        },
        "2012-04": {
            "month": "2012-04",
            "price": "19.13",
            "revenue": 315664
        },
        "2012-05": {
            "month": "2012-05",
            "price": "19.62",
            "revenue": 322269
        },
        "2012-06": {
            "month": "2012-06",
            "price": "19.85",
            "revenue": 322814
        },
        "2012-07": {
            "month": "2012-07",
            "price": "19.93",
            "revenue": 360581
        },
        "2012-08": {
            "month": "2012-08",
            "price": "22.91",
            "revenue": 331420
        },
        "2012-09": {
            "month": "2012-09",
            "price": "23.44",
            "revenue": 291390
        },
        "2012-10": {
            "month": "2012-10",
            "price": "23.49",
            "revenue": 319309
        },
        "2012-11": {
            "month": "2012-11",
            "price": "23.82",
            "revenue": 337533
        },
        "2012-12": {
            "month": "2012-12",
            "price": "24.95",
            "revenue": 361277
        },
        "2013-01": {
            "month": "2013-01",
            "price": "26.42",
            "revenue": 537676
        },
        "2013-02": {
            "month": "2013-02",
            "price": "27.69",
            "revenue": 309955
        },
        "2013-03": {
            "month": "2013-03",
            "price": "28.43",
            "revenue": 440653
        },
        "2013-04": {
            "month": "2013-04",
            "price": "28.09",
            "revenue": 491761
        },
        "2013-05": {
            "month": "2013-05",
            "price": "28.38",
            "revenue": 515858
        },
        "2013-06": {
            "month": "2013-06",
            "price": "27.15",
            "revenue": 498463
        },
        "2013-07": {
            "month": "2013-07",
            "price": "32.65",
            "revenue": 559532
        },
        "2013-08": {
            "month": "2013-08",
            "price": "31.26",
            "revenue": 531977
        },
        "2013-09": {
            "month": "2013-09",
            "price": "31.78",
            "revenue": 526730
        },
        "2013-10": {
            "month": "2013-10",
            "price": "32.46",
            "revenue": 434836
        },
        "2013-11": {
            "month": "2013-11",
            "price": "31.74",
            "revenue": 473601
        },
        "2013-12": {
            "month": "2013-12",
            "price": "32.12",
            "revenue": 547866
        },
        "2014-01": {
            "month": "2014-01",
            "price": "32.31",
            "revenue": 593890
        },
        "2014-02": {
            "month": "2014-02",
            "price": "32.60",
            "revenue": 363964
        },
        "2014-03": {
            "month": "2014-03",
            "price": "31.94",
            "revenue": 595976
        },
        "2014-04": {
            "month": "2014-04",
            "price": "31.89",
            "revenue": 598589
        },
        "2014-05": {
            "month": "2014-05",
            "price": "31.60",
            "revenue": 568870
        },
        "2014-06": {
            "month": "2014-06",
            "price": "31.70",
            "revenue": 592203
        },
        "2014-07": {
            "month": "2014-07",
            "price": "29.68",
            "revenue": 585574
        },
        "2014-08": {
            "month": "2014-08",
            "price": "28.81",
            "revenue": 577161
        },
        "2014-09": {
            "month": "2014-09",
            "price": "29.64",
            "revenue": 720921
        },
        "2014-10": {
            "month": "2014-10",
            "price": "28.87",
            "revenue": 627990
        },
        "2014-11": {
            "month": "2014-11",
            "price": "29.73",
            "revenue": 587367
        },
        "2014-12": {
            "month": "2014-12",
            "price": "30.15",
            "revenue": 664211
        },
        "2015-01": {
            "month": "2015-01",
            "price": "33.25",
            "revenue": 692377
        },
        "2015-02": {
            "month": "2015-02",
            "price": "34.98",
            "revenue": 522710
        },
        "2015-03": {
            "month": "2015-03",
            "price": "39.18",
            "revenue": 706802
        },
        "2015-04": {
            "month": "2015-04",
            "price": "38.12",
            "revenue": 634934
        },
        "2015-05": {
            "month": "2015-05",
            "price": "39.71",
            "revenue": 615206
        },
        "2015-06": {
            "month": "2015-06",
            "price": "40.49",
            "revenue": 719513
        },
        "2015-07": {
            "month": "2015-07",
            "price": "37.24",
            "revenue": 668221
        },
        "2015-08": {
            "month": "2015-08",
            "price": "42.40",
            "revenue": 665235
        },
        "2015-09": {
            "month": "2015-09",
            "price": "53.63",
            "revenue": 799533
        },
        "2015-10": {
            "month": "2015-10",
            "price": "51.70",
            "revenue": 630414
        },
        "2015-11": {
            "month": "2015-11",
            "price": "49.81",
            "revenue": 591238
        },
        "2015-12": {
            "month": "2015-12",
            "price": "45.13",
            "revenue": 746095
        },
        "2016-01": {
            "month": "2016-01",
            "price": "41.49",
            "revenue": 778420
        },
        "2016-02": {
            "month": "2016-02",
            "price": "44.77",
            "revenue": 542680
        },
        "2016-03": {
            "month": "2016-03",
            "price": "45.21",
            "revenue": 656468
        },
        "2016-04": {
            "month": "2016-04",
            "price": "43.21",
            "revenue": 673898
        },
        "2016-05": {
            "month": "2016-05",
            "price": "43.20",
            "revenue": 800605
        },
        "2016-06": {
            "month": "2016-06",
            "price": "45.98",
            "revenue": 738801
        },
        "2016-07": {
            "month": "2016-07",
            "price": "51.07",
            "revenue": 679043
        },
        "2016-08": {
            "month": "2016-08",
            "price": "45.29",
            "revenue": 783084
        },
        "2016-09": {
            "month": "2016-09",
            "price": "42.88",
            "revenue": 693025
        },
        "2016-10": {
            "month": "2016-10",
            "price": "40.81",
            "revenue": 638778
        },
        "2016-11": {
            "month": "2016-11",
            "price": "40.64",
            "revenue": 677741
        },
        "2016-12": {
            "month": "2016-12",
            "price": "41.71",
            "revenue": 736009
        },
        "2017-01": {
            "month": "2017-01",
            "price": "42.39",
            "revenue": 717620
        },
        "2017-02": {
            "month": "2017-02",
            "price": "43.33",
            "revenue": 467217
        },
        "2017-03": {
            "month": "2017-03",
            "price": "42.55",
            "revenue": 694180
        },
        "2017-04": {
            "month": "2017-04",
            "price": "41.97",
            "revenue": 681703
        },
        "2017-05": {
            "month": "2017-05",
            "price": "41.59",
            "revenue": 730886
        },
        "2017-06": {
            "month": "2017-06",
            "price": "41.82",
            "revenue": 613950
        },
        "2017-07": {
            "month": "2017-07",
            "price": "39.73",
            "revenue": 686772
        },
        "2017-08": {
            "month": "2017-08",
            "price": "38.01",
            "revenue": 765439
        },
        "2017-09": {
            "month": "2017-09",
            "price": "38.20",
            "revenue": 661590
        },
        "2017-10": {
            "month": "2017-10",
            "price": "38.52",
            "revenue": 631960
        },
        "2017-11": {
            "month": "2017-11",
            "price": "38.36",
            "revenue": 619824
        },
        "2017-12": {
            "month": "2017-12",
            "price": "38.08",
            "revenue": 736223
        },
        "2018-01": {
            "month": "2018-01",
            "price": "37.95",
            "revenue": 786257
        },
        "2018-02": {
            "month": "2018-02",
            "price": "36.75",
            "revenue": 487496
        },
        "2018-03": {
            "month": "2018-03",
            "price": "37.00",
            "revenue": 578278
        },
        "2018-04": {
            "month": "2018-04",
            "price": "36.34",
            "revenue": 706276
        },
        "2018-05": {
            "month": "2018-05",
            "price": "35.10",
            "revenue": 655813
        },
        "2018-06": {
            "month": "2018-06",
            "price": "34.89",
            "revenue": 708586
        },
        "2018-07": {
            "month": "2018-07",
            "price": "33.95",
            "revenue": 706426
        },
        "2018-08": {
            "month": "2018-08",
            "price": "34.90",
            "revenue": 821380
        },
        "2018-09": {
            "month": "2018-09",
            "price": "34.83",
            "revenue": 719689
        },
        "2018-10": {
            "month": "2018-10",
            "price": "32.70",
            "revenue": 717127
        },
        "2018-11": {
            "month": "2018-11",
            "price": "33.90",
            "revenue": 673436
        },
        "2018-12": {
            "month": "2018-12",
            "price": "34.65",
            "revenue": 741055
        },
        "2019-01": {
            "month": "2019-01",
            "price": "34.95",
            "revenue": 838120
        },
        "2019-02": {
            "month": "2019-02",
            "price": "36.62",
            "revenue": 415748
        },
        "2019-03": {
            "month": "2019-03",
            "price": "37.17",
            "revenue": 736942
        },
        "2019-04": {
            "month": "2019-04",
            "price": "39.50",
            "revenue": 834254
        },
        "2019-05": {
            "month": "2019-05",
            "price": "41.62",
            "revenue": 747629
        },
        "2019-06": {
            "month": "2019-06",
            "price": "45.66",
            "revenue": 718497
        },
        "2019-07": {
            "month": "2019-07",
            "price": "44.36",
            "revenue": 792671
        },
        "2019-08": {
            "month": "2019-08",
            "price": "44.06",
            "revenue": 820109
        },
        "2019-09": {
            "month": "2019-09",
            "price": "45.29",
            "revenue": 698275
        },
        "2019-10": {
            "month": "2019-10",
            "price": "44.14",
            "revenue": 663342
        },
        "2019-11": {
            "month": "2019-11",
            "price": "43.94",
            "revenue": 725474
        },
        "2019-12": {
            "month": "2019-12",
            "price": "43.94",
            "revenue": 690684
        },
        "2020-01": {
            "month": "2020-01",
            "price": "43.40",
            "revenue": 655642
        },
        "2020-02": {
            "month": "2020-02",
            "price": "41.64",
            "revenue": 489665
        },
        "2020-03": {
            "month": "2020-03",
            "price": "37.53",
            "revenue": 612336
        },
        "2020-04": {
            "month": "2020-04",
            "price": "38.21",
            "revenue": 748782
        },
        "2020-05": {
            "month": "2020-05",
            "price": "40.25",
            "revenue": 742651
        },
        "2020-06": {
            "month": "2020-06",
            "price": "41.25",
            "revenue": 754144
        },
        "2020-07": {
            "month": "2020-07",
            "price": "39.44",
            "revenue": 828798
        },
        "2020-08": {
            "month": "2020-08",
            "price": "41.21",
            "revenue": 906113
        },
        "2020-09": {
            "month": "2020-09",
            "price": "42.93",
            "revenue": 884277
        },
        "2020-10": {
            "month": "2020-10",
            "price": "43.19",
            "revenue": 797361
        },
        "2020-11": {
            "month": "2020-11",
            "price": "44.29",
            "revenue": 789467
        },
        "2020-12": {
            "month": "2020-12",
            "price": "44.92",
            "revenue": 824403
        },
        "2021-01": {
            "month": "2021-01",
            "price": "44.37",
            "revenue": 813378
        },
        "2021-02": {
            "month": "2021-02",
            "price": "44.13",
            "revenue": 530609
        },
        "2021-03": {
            "month": "2021-03",
            "price": "45.70",
            "revenue": 826660
        },
        "2021-04": {
            "month": "2021-04",
            "price": "47.53",
            "revenue": 865750
        },
        "2021-05": {
            "month": "2021-05",
            "price": "44.78",
            "revenue": 923458
        },
        "2021-06": {
            "month": "2021-06",
            "price": "45.02",
            "revenue": 814502
        },
        "2021-07": {
            "month": "2021-07",
            "price": "44.89",
            "revenue": 941940
        },
        "2021-08": {
            "month": "2021-08",
            "price": "41.01",
            "revenue": 815764
        },
        "2021-09": {
            "month": "2021-09",
            "price": "40.95",
            "revenue": 627651
        },
        "2021-10": {
            "month": "2021-10",
            "price": "40.81",
            "revenue": 902840
        },
        "2021-11": {
            "month": "2021-11",
            "price": "40.81",
            "revenue": 810056
        },
        "2021-12": {
            "month": "2021-12",
            "price": "41.04",
            "revenue": 811960
        },
        "2022-01": {
            "month": "2022-01",
            "price": "41.49",
            "revenue": 928156
        },
        "2022-02": {
            "month": "2022-02",
            "price": "42.39",
            "revenue": 586905
        },
        "2022-03": {
            "month": "2022-03",
            "price": "42.40",
            "revenue": 685377
        },
        "2022-04": {
            "month": "2022-04",
            "price": "42.29",
            "revenue": 749436
        },
        "2022-05": {
            "month": "2022-05",
            "price": "41.20",
            "revenue": 818677
        },
        "2022-06": {
            "month": "2022-06",
            "price": "40.37",
            "revenue": 908126
        },
        "2022-07": {
            "month": "2022-07",
            "price": "38.89",
            "revenue": 992611
        },
        "2022-08": {
            "month": "2022-08",
            "price": "41.46",
            "revenue": 894986
        },
        "2022-09": {
            "month": "2022-09",
            "price": "42.76",
            "revenue": 828298
        },
        "2022-10": {
            "month": "2022-10",
            "price": "40.41",
            "revenue": 746892
        },
        "2022-11": {
            "month": "2022-11",
            "price": "41.24",
            "revenue": 733613
        },
        "2022-12": {
            "month": "2022-12",
            "price": "41.51",
            "revenue": 651931
        },
        "2023-01": {
            "month": "2023-01",
            "price": "41.85",
            "revenue": 706904
        },
        "2023-02": {
            "month": "2023-02",
            "price": "42.41",
            "revenue": 473150
        },
        "2023-03": {
            "month": "2023-03",
            "price": "43.66",
            "revenue": 593825
        },
        "2023-04": {
            "month": "2023-04",
            "price": "43.64",
            "revenue": 644907
        },
        "2023-05": {
            "month": "2023-05",
            "price": "43.82",
            "revenue": 748214
        },
        "2023-06": {
            "month": "2023-06",
            "price": "43.36",
            "revenue": 717057
        },
        "2023-07": {
            "month": "2023-07",
            "price": "42.82",
            "revenue": 636773
        },
        "2023-08": {
            "month": "2023-08",
            "price": "42.43",
            "revenue": 914124
        }
    }
}
