{
    "summary": {
        "stock_name": "新保",
        "stock_id": "9925",
        "category": "其他",
        "main_business": "防盜,防火,防災之安全維護<br>現金或其他貴重物品運送及人身之安全維護<br>門禁設備,數位影像監控之系統規劃,設計保養,修理按裝,及諮詢顧問",
        "website_url": "http://www.sks.com.tw",
        "ceo": "洪國超",
        "pe_ratio": 17,
        "report_year_from": 2001,
        "report_year_to": 2023,
        "age": 22,
        "eps_negative_percentage": 0,
        "eps_growth_avg": {
            "last_all": 4.97,
            "last_2y": 5.56,
            "last_4y": 0.6,
            "last_8y": -0.68,
            "last_12y": 0.96,
            "last_16y": 1.31,
            "last_20y": 4.97,
            "at_2006_last_3y": 29.88,
            "at_2007_last_3y": 5.95,
            "at_2008_last_3y": -1.96,
            "at_2009_last_3y": 2.43,
            "at_2010_last_3y": -1.81,
            "at_2011_last_3y": 0.04,
            "at_2012_last_3y": 10.31,
            "at_2013_last_3y": 4.65,
            "at_2014_last_3y": 6.38,
            "at_2015_last_3y": 4.28,
            "at_2016_last_3y": -0.03,
            "at_2017_last_3y": -2.28,
            "at_2018_last_3y": -5.21,
            "at_2019_last_3y": -6.61,
            "at_2020_last_3y": -2.19,
            "at_2021_last_3y": 0.75,
            "at_2022_last_3y": 3.6,
            "at_2023_last_3y": 3.6,
            "at_2006_last_all": 18.52,
            "at_2007_last_all": 16.15,
            "at_2008_last_all": 9.12,
            "at_2009_last_all": 11.49,
            "at_2010_last_all": 9.48,
            "at_2011_last_all": 9.71,
            "at_2012_last_all": 9.55,
            "at_2013_last_all": 9.21,
            "at_2014_last_all": 8.53,
            "at_2015_last_all": 8.16,
            "at_2016_last_all": 7,
            "at_2017_last_all": 6.34,
            "at_2018_last_all": 5.3,
            "at_2019_last_all": 4.87,
            "at_2020_last_all": 5.06,
            "at_2021_last_all": 5.22,
            "at_2022_last_all": 4.97,
            "at_2023_last_all": 4.97
        },
        "latest_eps": 2.49,
        "latest_price": 41.8,
        "latest_roe": 8.65,
        "latest_gross_margin": 36.65,
        "latest_equity": 11751683,
        "latest_revenue": 1890536,
        "latest_gross_profit": 692909,
        "latest_net_income": 207269,
        "latest_debt_ratio": 33.29,
        "latest_current_ratio": 171.18,
        "latest_account_receivable_turnover_ratio": 2.84,
        "latest_inventory_turnover_ratio": 5.1,
        "latest_reinvestment_rate": 8.62,
        "latest_research_to_sale_ratio": 0.7
    },
    "eps_dividends": {
        "1993": {
            "cash": 0,
            "stock": 10.2,
            "eps": 0
        },
        "1994": {
            "cash": 0,
            "stock": 2.5,
            "eps": 0
        },
        "1995": {
            "cash": 0,
            "stock": 2,
            "eps": 0
        },
        "1996": {
            "cash": 1,
            "stock": 1.5,
            "eps": 0
        },
        "1997": {
            "cash": 0,
            "stock": 3,
            "eps": 0
        },
        "1998": {
            "cash": 0,
            "stock": 3,
            "eps": 0
        },
        "1999": {
            "cash": 0,
            "stock": 3,
            "eps": 0
        },
        "2000": {
            "cash": 3,
            "stock": 3,
            "eps": 0
        },
        "2001": {
            "cash": 0.5,
            "stock": 2,
            "eps": 1.45
        },
        "2002": {
            "cash": 0.5,
            "stock": 1.5,
            "eps": 1.06
        },
        "2003": {
            "cash": 0.5,
            "stock": 0.5,
            "eps": 2.12
        },
        "2004": {
            "cash": 1,
            "stock": 0.2,
            "eps": 2.09
        },
        "2005": {
            "cash": 1,
            "stock": 0.4,
            "eps": 2.31
        },
        "2006": {
            "cash": 1.3,
            "stock": 0.2,
            "eps": 2.55
        },
        "2007": {
            "cash": 1.6,
            "stock": 0.1,
            "eps": 2.66
        },
        "2008": {
            "cash": 1.8,
            "stock": 0.2,
            "eps": 1.78
        },
        "2009": {
            "cash": 1,
            "stock": 0,
            "eps": 2.28
        },
        "2010": {
            "cash": 1.6,
            "stock": 0,
            "eps": 2.13
        },
        "2011": {
            "cash": 3.4,
            "stock": 0,
            "eps": 2.38
        },
        "2012": {
            "cash": 0,
            "stock": 0,
            "eps": 2.57
        },
        "2013": {
            "cash": 1.8,
            "stock": 0,
            "eps": 2.71
        },
        "2014": {
            "cash": 1.8,
            "stock": 0.1,
            "eps": 2.72
        },
        "2015": {
            "cash": 1.9,
            "stock": 0,
            "eps": 2.81
        },
        "2016": {
            "cash": 2,
            "stock": 0,
            "eps": 2.55
        },
        "2017": {
            "cash": 2,
            "stock": 0,
            "eps": 2.46
        },
        "2018": {
            "cash": 2,
            "stock": 0,
            "eps": 2.18
        },
        "2019": {
            "cash": 2,
            "stock": 0,
            "eps": 2.13
        },
        "2020": {
            "cash": 1.9,
            "stock": 0.1,
            "eps": 2.31
        },
        "2021": {
            "cash": 2,
            "stock": 0,
            "eps": 2.5
        },
        "2022": {
            "cash": 2,
            "stock": 0,
            "eps": 2.5
        },
        "2023": {
            "cash": 2,
            "stock": 0,
            "eps": 0.5
        }
    },
    "dividends": {
        "1993-05-18": {
            "cash": 0,
            "stock": 10.2
        },
        "1994-05-26": {
            "cash": 0,
            "stock": 2.5
        },
        "1995-05-18": {
            "cash": 0,
            "stock": 2
        },
        "1996-05-01": {
            "cash": 1,
            "stock": 1.5
        },
        "1997-05-17": {
            "cash": 0,
            "stock": 3
        },
        "1998-05-16": {
            "cash": 0,
            "stock": 3
        },
        "1999-05-15": {
            "cash": 0,
            "stock": 3
        },
        "2000-05-06": {
            "cash": 3,
            "stock": 3
        },
        "2001-05-25": {
            "cash": 0.5,
            "stock": 2
        },
        "2002-05-16": {
            "cash": 0.5,
            "stock": 1.5
        },
        "2003-05-28": {
            "cash": 0.5,
            "stock": 0.5
        },
        "2004-04-06": {
            "cash": 1,
            "stock": 0.2
        },
        "2005-04-26": {
            "cash": 1,
            "stock": 0.4
        },
        "2006-04-21": {
            "cash": 1.3,
            "stock": 0.2
        },
        "2007-04-25": {
            "cash": 1.6,
            "stock": 0.1
        },
        "2008-04-24": {
            "cash": 1.8,
            "stock": 0.2
        },
        "2009-04-27": {
            "cash": 1,
            "stock": 0
        },
        "2010-04-26": {
            "cash": 1.6,
            "stock": 0
        },
        "2011-01-01": {
            "cash": 1.7,
            "stock": 0
        },
        "2011-04-21": {
            "cash": 1.7,
            "stock": 0
        },
        "2013-03-27": {
            "cash": 1.8,
            "stock": 0
        },
        "2014-09-19": {
            "cash": 1.8,
            "stock": 0.1
        },
        "2015-08-25": {
            "cash": 1.9,
            "stock": 0
        },
        "2016-08-25": {
            "cash": 2,
            "stock": 0
        },
        "2017-08-25": {
            "cash": 2,
            "stock": 0
        },
        "2018-08-24": {
            "cash": 2,
            "stock": 0
        },
        "2019-08-23": {
            "cash": 2,
            "stock": 0
        },
        "2020-09-08": {
            "cash": 1.9,
            "stock": 0.1
        },
        "2021-09-15": {
            "cash": 2,
            "stock": 0
        },
        "2022-08-25": {
            "cash": 2,
            "stock": 0
        },
        "2023-03-10": {
            "cash": 2,
            "stock": 0
        }
    },
    "prices": {
        "200101": "24.66",
        "200102": "27.28",
        "200103": "26.77",
        "200104": "27.12",
        "200105": "26.17",
        "200106": "22.80",
        "200107": "20.02",
        "200108": "21.31",
        "200109": "19.18",
        "200110": "20.53",
        "200111": "21.77",
        "200112": "21.79",
        "200201": "22.25",
        "200202": "21.48",
        "200203": "21.34",
        "200204": "21.90",
        "200205": "20.70",
        "200206": "20.04",
        "200207": "16.27",
        "200208": "14.78",
        "200209": "13.66",
        "200210": "13.27",
        "200211": "13.83",
        "200212": "13.92",
        "200301": "14.94",
        "200302": "14.72",
        "200303": "14.78",
        "200304": "15.50",
        "200305": "15.75",
        "200306": "16.16",
        "200307": "15.67",
        "200308": "15.05",
        "200309": "14.27",
        "200310": "14.77",
        "200311": "16.20",
        "200312": "15.56",
        "200401": "16.36",
        "200402": "17.92",
        "200403": "18.86",
        "200404": "18.73",
        "200405": "16.67",
        "200406": "16.47",
        "200407": "15.75",
        "200408": "15.25",
        "200409": "16.48",
        "200410": "16.34",
        "200411": "16.38",
        "200412": "16.57",
        "200501": "17.63",
        "200502": "18.59",
        "200503": "19.51",
        "200504": "18.55",
        "200505": "18.24",
        "200506": "18.92",
        "200507": "18.89",
        "200508": "18.35",
        "200509": "19.98",
        "200510": "22.07",
        "200511": "21.78",
        "200512": "21.60",
        "200601": "22.97",
        "200602": "23.76",
        "200603": "24.32",
        "200604": "24.32",
        "200605": "27.94",
        "200606": "27.66",
        "200607": "28.98",
        "200608": "28.40",
        "200609": "28.22",
        "200610": "28.18",
        "200611": "28.61",
        "200612": "29.62",
        "200701": "29.91",
        "200702": "29.77",
        "200703": "31.57",
        "200704": "31.47",
        "200705": "31.54",
        "200706": "30.32",
        "200707": "31.32",
        "200708": "30.97",
        "200709": "34.08",
        "200710": "32.22",
        "200711": "31.77",
        "200712": "29.89",
        "200801": "28.60",
        "200802": "28.05",
        "200803": "28.09",
        "200804": "29.00",
        "200805": "31.31",
        "200806": "30.66",
        "200807": "28.85",
        "200808": "26.28",
        "200809": "20.39",
        "200810": "15.71",
        "200811": "13.55",
        "200812": "14.10",
        "200901": "14.84",
        "200902": "14.08",
        "200903": "14.16",
        "200904": "16.04",
        "200905": "18.27",
        "200906": "18.45",
        "200907": "19.37",
        "200908": "18.58",
        "200909": "20.45",
        "200910": "21.37",
        "200911": "21.43",
        "200912": "21.61",
        "201001": "22.68",
        "201002": "21.98",
        "201003": "22.62",
        "201004": "23.80",
        "201005": "22.86",
        "201006": "23.03",
        "201007": "23.40",
        "201008": "22.56",
        "201009": "22.25",
        "201010": "22.97",
        "201011": "23.63",
        "201012": "24.04",
        "201101": "24.39",
        "201102": "23.85",
        "201103": "23.47",
        "201104": "24.27",
        "201105": "25.29",
        "201106": "26.52",
        "201107": "26.99",
        "201108": "25.18",
        "201109": "24.83",
        "201110": "25.54",
        "201111": "26.05",
        "201112": "26.70",
        "201201": "26.70",
        "201202": "27.26",
        "201203": "27.91",
        "201204": "28.32",
        "201205": "29.67",
        "201206": "29.46",
        "201207": "30.69",
        "201208": "31.05",
        "201209": "32.84",
        "201210": "34.45",
        "201211": "33.74",
        "201212": "34.58",
        "201301": "35.10",
        "201302": "35.97",
        "201303": "35.77",
        "201304": "36.19",
        "201305": "37.32",
        "201306": "36.31",
        "201307": "36.62",
        "201308": "35.97",
        "201309": "36.15",
        "201310": "36.62",
        "201311": "36.80",
        "201312": "37.52",
        "201401": "39.05",
        "201402": "41.07",
        "201403": "41.86",
        "201404": "41.66",
        "201405": "40.94",
        "201406": "40.86",
        "201407": "41.18",
        "201408": "41.00",
        "201409": "40.62",
        "201410": "38.81",
        "201411": "38.02",
        "201412": "38.67",
        "201501": "38.58",
        "201502": "38.90",
        "201503": "40.58",
        "201504": "40.44",
        "201505": "40.92",
        "201506": "40.20",
        "201507": "39.21",
        "201508": "36.37",
        "201509": "37.08",
        "201510": "38.34",
        "201511": "39.10",
        "201512": "38.71",
        "201601": "38.28",
        "201602": "38.54",
        "201603": "39.58",
        "201604": "39.98",
        "201605": "39.98",
        "201606": "40.17",
        "201607": "41.47",
        "201608": "40.48",
        "201609": "40.21",
        "201610": "40.10",
        "201611": "39.90",
        "201612": "39.85",
        "201701": "39.64",
        "201702": "39.86",
        "201703": "40.13",
        "201704": "39.99",
        "201705": "39.69",
        "201706": "39.49",
        "201707": "39.38",
        "201708": "38.52",
        "201709": "38.89",
        "201710": "38.83",
        "201711": "38.50",
        "201712": "38.46",
        "201801": "38.84",
        "201802": "38.30",
        "201803": "38.48",
        "201804": "38.79",
        "201805": "38.54",
        "201806": "38.12",
        "201807": "37.77",
        "201808": "36.83",
        "201809": "35.69",
        "201810": "34.43",
        "201811": "34.41",
        "201812": "36.06",
        "201901": "37.65",
        "201902": "38.16",
        "201903": "37.86",
        "201904": "38.20",
        "201905": "38.05",
        "201906": "38.08",
        "201907": "38.28",
        "201908": "37.12",
        "201909": "37.75",
        "201910": "37.50",
        "201911": "37.40",
        "201912": "37.35",
        "202001": "37.34",
        "202002": "37.17",
        "202003": "34.82",
        "202004": "35.50",
        "202005": "36.08",
        "202006": "36.89",
        "202007": "37.54",
        "202008": "36.11",
        "202009": "36.38",
        "202010": "36.62",
        "202011": "36.92",
        "202012": "37.12",
        "202101": "37.06",
        "202102": "37.08",
        "202103": "37.82",
        "202104": "38.37",
        "202105": "38.21",
        "202106": "38.71",
        "202107": "39.17",
        "202108": "38.89",
        "202109": "38.08",
        "202110": "38.23",
        "202111": "38.94",
        "202112": "39.28",
        "202201": "39.24",
        "202202": "39.47",
        "202203": "39.56",
        "202204": "40.00",
        "202205": "39.31",
        "202206": "39.69",
        "202207": "39.74",
        "202208": "39.52",
        "202209": "39.64",
        "202210": "38.68",
        "202211": "38.92",
        "202212": "39.16",
        "202301": "39.48",
        "202302": "40.26",
        "202303": "40.63",
        "202304": "40.89",
        "202305": "41.71",
        "202306": "41.64"
    },
    "quarters": {
        "20011": {
            "year_quarter": 20011,
            "year": 2001,
            "quarter": 1,
            "eps": 0.6,
            "eps_growth_year": -38.78,
            "eps_4q": 1.87,
            "eps_4q_growth_year": -45.79,
            "roe": 3.43,
            "roe_4q": 3.43,
            "gross_profit": 364836,
            "gross_margin": 57,
            "gross_margin_4q_avg": 57,
            "net_income": 151565,
            "revenue": 640115,
            "common_shares": 2628711,
            "book_valuer_per_share": 16.93,
            "book_valuer_per_share_4q_avg": 16.93,
            "equity": 4449517,
            "current_ratio": 49.39,
            "debt_ratio": 24.09,
            "inventory_turnover_ratio": 9.55,
            "account_receivable_turnover_ratio": null,
            "reinvestment_rate": null,
            "research_to_sale_ratio": null,
            "price_fair": 0,
            "eps_avg_yearly": 0,
            "eps_latest_yearly": 0,
            "eps_growth_yearly": 0
        },
        "20012": {
            "year_quarter": 20012,
            "year": 2001,
            "quarter": 2,
            "eps": 0.19,
            "eps_growth_year": -67.24,
            "eps_4q": 1.24,
            "eps_4q_growth_year": -50.47,
            "roe": 1.36,
            "roe_4q": 4.79,
            "gross_profit": 357182,
            "gross_margin": 54.99,
            "gross_margin_4q_avg": 56,
            "net_income": 57754,
            "revenue": 649572,
            "common_shares": 2628711,
            "book_valuer_per_share": 15.49,
            "book_valuer_per_share_4q_avg": 16.21,
            "equity": 4070912,
            "current_ratio": 47.37,
            "debt_ratio": 31.22,
            "inventory_turnover_ratio": 10.31,
            "account_receivable_turnover_ratio": null,
            "reinvestment_rate": null,
            "research_to_sale_ratio": null,
            "price_fair": 0,
            "eps_avg_yearly": 0,
            "eps_latest_yearly": 0,
            "eps_growth_yearly": 0
        },
        "20013": {
            "year_quarter": 20013,
            "year": 2001,
            "quarter": 3,
            "eps": 0.34,
            "eps_growth_year": 9.68,
            "eps_4q": 1.34,
            "eps_4q_growth_year": -45.4,
            "roe": 2.49,
            "roe_4q": 7.280000000000001,
            "gross_profit": 352487,
            "gross_margin": 56.82,
            "gross_margin_4q_avg": 56.27,
            "net_income": 100741,
            "revenue": 620336,
            "common_shares": 3115687,
            "book_valuer_per_share": 12.94,
            "book_valuer_per_share_4q_avg": 15.12,
            "equity": 4032351,
            "current_ratio": 43.22,
            "debt_ratio": 33.74,
            "inventory_turnover_ratio": 8.41,
            "account_receivable_turnover_ratio": null,
            "reinvestment_rate": null,
            "research_to_sale_ratio": null,
            "price_fair": 0,
            "eps_avg_yearly": 0,
            "eps_latest_yearly": 0,
            "eps_growth_yearly": 0
        },
        "20014": {
            "year_quarter": 20014,
            "year": 2001,
            "quarter": 4,
            "eps": 0.32,
            "eps_growth_year": -3.03,
            "eps_4q": 1.39,
            "eps_4q_growth_year": -30.02,
            "roe": 2.25,
            "roe_4q": 9.530000000000001,
            "gross_profit": 346979,
            "gross_margin": 55.78,
            "gross_margin_4q_avg": 56.15,
            "net_income": 92307,
            "revenue": 622046,
            "common_shares": 3115687,
            "book_valuer_per_share": 13.02,
            "book_valuer_per_share_4q_avg": 14.6,
            "equity": 4177923,
            "current_ratio": 87.96,
            "debt_ratio": 35.99,
            "inventory_turnover_ratio": 6.79,
            "account_receivable_turnover_ratio": null,
            "reinvestment_rate": null,
            "research_to_sale_ratio": null,
            "price_fair": 0,
            "eps_avg_yearly": 0,
            "eps_latest_yearly": 0,
            "eps_growth_yearly": 0
        },
        "20021": {
            "year_quarter": 20021,
            "year": 2002,
            "quarter": 1,
            "eps": 0.5,
            "eps_growth_year": -16.67,
            "eps_4q": 1.39,
            "eps_4q_growth_year": -25.89,
            "roe": 3.37,
            "roe_4q": 9.469999999999999,
            "gross_profit": 352746,
            "gross_margin": 57.88,
            "gross_margin_4q_avg": 56.37,
            "net_income": 141551,
            "revenue": 609493,
            "common_shares": 3115687,
            "book_valuer_per_share": 13.56,
            "book_valuer_per_share_4q_avg": 13.75,
            "equity": 4226349,
            "current_ratio": 49.23,
            "debt_ratio": 32.48,
            "inventory_turnover_ratio": 5.62,
            "account_receivable_turnover_ratio": null,
            "reinvestment_rate": null,
            "research_to_sale_ratio": null,
            "price_fair": 70,
            "eps_avg_yearly": 2,
            "eps_latest_yearly": 2,
            "eps_growth_yearly": 225
        },
        "20022": {
            "year_quarter": 20022,
            "year": 2002,
            "quarter": 2,
            "eps": 0.46,
            "eps_growth_year": 142.11,
            "eps_4q": 1.5,
            "eps_4q_growth_year": 20.79,
            "roe": 3.51,
            "roe_4q": 11.62,
            "gross_profit": 353023,
            "gross_margin": 56.52,
            "gross_margin_4q_avg": 56.75,
            "net_income": 148409,
            "revenue": 624569,
            "common_shares": 3115687,
            "book_valuer_per_share": 13.54,
            "book_valuer_per_share_4q_avg": 13.27,
            "equity": 4218185,
            "current_ratio": 54.34,
            "debt_ratio": 33.6,
            "inventory_turnover_ratio": 5.52,
            "account_receivable_turnover_ratio": null,
            "reinvestment_rate": null,
            "research_to_sale_ratio": null,
            "price_fair": 67.2,
            "eps_avg_yearly": 1.92,
            "eps_latest_yearly": 1.84,
            "eps_growth_yearly": 96.5
        },
        "20023": {
            "year_quarter": 20023,
            "year": 2002,
            "quarter": 3,
            "eps": -0.24,
            "eps_growth_year": -170.59,
            "eps_4q": 0.86,
            "eps_4q_growth_year": -35.61,
            "roe": -1.84,
            "roe_4q": 7.29,
            "gross_profit": 363826,
            "gross_margin": 55.69,
            "gross_margin_4q_avg": 56.47,
            "net_income": -77038,
            "revenue": 653302,
            "common_shares": 3547966,
            "book_valuer_per_share": 11.67,
            "book_valuer_per_share_4q_avg": 12.95,
            "equity": 4141147,
            "current_ratio": 57.69,
            "debt_ratio": 33.47,
            "inventory_turnover_ratio": 5.57,
            "account_receivable_turnover_ratio": null,
            "reinvestment_rate": null,
            "research_to_sale_ratio": null,
            "price_fair": 67.2,
            "eps_avg_yearly": 1.92,
            "eps_latest_yearly": 1.84,
            "eps_growth_yearly": 96.5
        },
        "20024": {
            "year_quarter": 20024,
            "year": 2002,
            "quarter": 4,
            "eps": 0.34,
            "eps_growth_year": 6.25,
            "eps_4q": 1,
            "eps_4q_growth_year": -28.26,
            "roe": 2.58,
            "roe_4q": 7.62,
            "gross_profit": 369473,
            "gross_margin": 55.95,
            "gross_margin_4q_avg": 56.51,
            "net_income": 109563,
            "revenue": 660354,
            "common_shares": 3547966,
            "book_valuer_per_share": 11.98,
            "book_valuer_per_share_4q_avg": 12.69,
            "equity": 4355966,
            "current_ratio": 98.42,
            "debt_ratio": 36.39,
            "inventory_turnover_ratio": 5.44,
            "account_receivable_turnover_ratio": null,
            "reinvestment_rate": 9.9,
            "research_to_sale_ratio": null,
            "price_fair": 67.2,
            "eps_avg_yearly": 1.92,
            "eps_latest_yearly": 1.84,
            "eps_growth_yearly": 96.5
        },
        "20031": {
            "year_quarter": 20031,
            "year": 2003,
            "quarter": 1,
            "eps": 0.52,
            "eps_growth_year": 4,
            "eps_4q": 1.07,
            "eps_4q_growth_year": -22.62,
            "roe": 3.88,
            "roe_4q": 8.129999999999999,
            "gross_profit": 361523,
            "gross_margin": 55.92,
            "gross_margin_4q_avg": 56.02,
            "net_income": 170296,
            "revenue": 646455,
            "common_shares": 3547966,
            "book_valuer_per_share": 12.46,
            "book_valuer_per_share_4q_avg": 12.41,
            "equity": 4421006,
            "current_ratio": 71.71,
            "debt_ratio": 30.96,
            "inventory_turnover_ratio": 6.04,
            "account_receivable_turnover_ratio": null,
            "reinvestment_rate": 0.66,
            "research_to_sale_ratio": null,
            "price_fair": 69.07,
            "eps_avg_yearly": 1.97,
            "eps_latest_yearly": 2.08,
            "eps_growth_yearly": 134.92
        },
        "20032": {
            "year_quarter": 20032,
            "year": 2003,
            "quarter": 2,
            "eps": 0.36,
            "eps_growth_year": -21.74,
            "eps_4q": 0.95,
            "eps_4q_growth_year": -36.64,
            "roe": 2.87,
            "roe_4q": 7.49,
            "gross_profit": 368645,
            "gross_margin": 56.11,
            "gross_margin_4q_avg": 55.92,
            "net_income": 124049,
            "revenue": 657059,
            "common_shares": 3547966,
            "book_valuer_per_share": 11.9,
            "book_valuer_per_share_4q_avg": 12,
            "equity": 4223195,
            "current_ratio": 56.21,
            "debt_ratio": 38.97,
            "inventory_turnover_ratio": 7.52,
            "account_receivable_turnover_ratio": null,
            "reinvestment_rate": 27.05,
            "research_to_sale_ratio": null,
            "price_fair": 64.4,
            "eps_avg_yearly": 1.84,
            "eps_latest_yearly": 1.44,
            "eps_growth_yearly": 70.42
        },
        "20033": {
            "year_quarter": 20033,
            "year": 2003,
            "quarter": 3,
            "eps": 0.91,
            "eps_growth_year": null,
            "eps_4q": 2.11,
            "eps_4q_growth_year": 145.07,
            "roe": 7.01,
            "roe_4q": 16.339999999999996,
            "gross_profit": 372031,
            "gross_margin": 56.76,
            "gross_margin_4q_avg": 56.19,
            "net_income": 306717,
            "revenue": 655468,
            "common_shares": 3620741,
            "book_valuer_per_share": 12.51,
            "book_valuer_per_share_4q_avg": 12.21,
            "equity": 4529664,
            "current_ratio": 96.76,
            "debt_ratio": 35.03,
            "inventory_turnover_ratio": 7.63,
            "account_receivable_turnover_ratio": null,
            "reinvestment_rate": 24.83,
            "research_to_sale_ratio": null,
            "price_fair": 77,
            "eps_avg_yearly": 2.2,
            "eps_latest_yearly": 3.64,
            "eps_growth_yearly": 178.56
        },
        "20034": {
            "year_quarter": 20034,
            "year": 2003,
            "quarter": 4,
            "eps": 0.33,
            "eps_growth_year": -2.94,
            "eps_4q": 2.11,
            "eps_4q_growth_year": 111.21,
            "roe": 2.39,
            "roe_4q": 16.15,
            "gross_profit": 377538,
            "gross_margin": 56.07,
            "gross_margin_4q_avg": 56.22,
            "net_income": 111204,
            "revenue": 673350,
            "common_shares": 3620742,
            "book_valuer_per_share": 12.82,
            "book_valuer_per_share_4q_avg": 12.42,
            "equity": 4780722,
            "current_ratio": 146.44,
            "debt_ratio": 38.34,
            "inventory_turnover_ratio": 7.17,
            "account_receivable_turnover_ratio": null,
            "reinvestment_rate": -11.33,
            "research_to_sale_ratio": null,
            "price_fair": 71.87,
            "eps_avg_yearly": 2.05,
            "eps_latest_yearly": 1.32,
            "eps_growth_yearly": 106.31
        },
        "20041": {
            "year_quarter": 20041,
            "year": 2004,
            "quarter": 1,
            "eps": 0.64,
            "eps_growth_year": 23.08,
            "eps_4q": 2.26,
            "eps_4q_growth_year": 110.35,
            "roe": 4.45,
            "roe_4q": 16.72,
            "gross_profit": 379433,
            "gross_margin": 57.08,
            "gross_margin_4q_avg": 56.51,
            "net_income": 214639,
            "revenue": 664717,
            "common_shares": 3620742,
            "book_valuer_per_share": 13.43,
            "book_valuer_per_share_4q_avg": 12.67,
            "equity": 4861899,
            "current_ratio": 112.11,
            "debt_ratio": 34.15,
            "inventory_turnover_ratio": 6.19,
            "account_receivable_turnover_ratio": null,
            "reinvestment_rate": -19.05,
            "research_to_sale_ratio": null,
            "price_fair": 74.4,
            "eps_avg_yearly": 2.13,
            "eps_latest_yearly": 2.56,
            "eps_growth_yearly": 144.8
        },
        "20042": {
            "year_quarter": 20042,
            "year": 2004,
            "quarter": 2,
            "eps": 0.63,
            "eps_growth_year": 75,
            "eps_4q": 2.48,
            "eps_4q_growth_year": 161.78,
            "roe": 4.49,
            "roe_4q": 18.340000000000003,
            "gross_profit": 393491,
            "gross_margin": 55.22,
            "gross_margin_4q_avg": 56.28,
            "net_income": 215031,
            "revenue": 712606,
            "common_shares": 3620742,
            "book_valuer_per_share": 13.01,
            "book_valuer_per_share_4q_avg": 12.94,
            "equity": 4709877,
            "current_ratio": 99.49,
            "debt_ratio": 36.71,
            "inventory_turnover_ratio": 8.27,
            "account_receivable_turnover_ratio": null,
            "reinvestment_rate": -24.01,
            "research_to_sale_ratio": null,
            "price_fair": 76.13,
            "eps_avg_yearly": 2.18,
            "eps_latest_yearly": 2.52,
            "eps_growth_yearly": 125.92
        },
        "20043": {
            "year_quarter": 20043,
            "year": 2004,
            "quarter": 3,
            "eps": 0.59,
            "eps_growth_year": -35.16,
            "eps_4q": 2.16,
            "eps_4q_growth_year": 2.52,
            "roe": 4.22,
            "roe_4q": 15.55,
            "gross_profit": 398432,
            "gross_margin": 56.29,
            "gross_margin_4q_avg": 56.17,
            "net_income": 203078,
            "revenue": 707763,
            "common_shares": 3435933,
            "book_valuer_per_share": 14.3,
            "book_valuer_per_share_4q_avg": 13.39,
            "equity": 4914201,
            "current_ratio": 100.8,
            "debt_ratio": 35.72,
            "inventory_turnover_ratio": 7.64,
            "account_receivable_turnover_ratio": null,
            "reinvestment_rate": -20.44,
            "research_to_sale_ratio": null,
            "price_fair": 76.84,
            "eps_avg_yearly": 2.2,
            "eps_latest_yearly": 2.36,
            "eps_growth_yearly": 109.11
        },
        "20044": {
            "year_quarter": 20044,
            "year": 2004,
            "quarter": 4,
            "eps": 0.23,
            "eps_growth_year": -30.3,
            "eps_4q": 2.05,
            "eps_4q_growth_year": -2.83,
            "roe": 1.58,
            "roe_4q": 14.739999999999998,
            "gross_profit": 406823,
            "gross_margin": 54.76,
            "gross_margin_4q_avg": 55.84,
            "net_income": 79790,
            "revenue": 742918,
            "common_shares": 3435933,
            "book_valuer_per_share": 14.53,
            "book_valuer_per_share_4q_avg": 13.82,
            "equity": 5161647,
            "current_ratio": 155.2,
            "debt_ratio": 37.22,
            "inventory_turnover_ratio": 5.25,
            "account_receivable_turnover_ratio": null,
            "reinvestment_rate": -19.06,
            "research_to_sale_ratio": null,
            "price_fair": 72.38,
            "eps_avg_yearly": 2.07,
            "eps_latest_yearly": 0.92,
            "eps_growth_yearly": 73.79
        },
        "20051": {
            "year_quarter": 20051,
            "year": 2005,
            "quarter": 1,
            "eps": 0.38,
            "eps_growth_year": -40.62,
            "eps_4q": 1.83,
            "eps_4q_growth_year": -18.98,
            "roe": 2.54,
            "roe_4q": 12.83,
            "gross_profit": 438951,
            "gross_margin": 56.18,
            "gross_margin_4q_avg": 55.61,
            "net_income": 130687,
            "revenue": 781377,
            "common_shares": 3435933,
            "book_valuer_per_share": 14.91,
            "book_valuer_per_share_4q_avg": 14.19,
            "equity": 5123822,
            "current_ratio": 125.32,
            "debt_ratio": 30.72,
            "inventory_turnover_ratio": 4.52,
            "account_receivable_turnover_ratio": null,
            "reinvestment_rate": -22.63,
            "research_to_sale_ratio": null,
            "price_fair": 70.64,
            "eps_avg_yearly": 2.02,
            "eps_latest_yearly": 1.52,
            "eps_growth_yearly": 90.8
        },
        "20052": {
            "year_quarter": 20052,
            "year": 2005,
            "quarter": 2,
            "eps": 0.75,
            "eps_growth_year": 19.05,
            "eps_4q": 1.92,
            "eps_4q_growth_year": -22.72,
            "roe": 5.23,
            "roe_4q": 13.57,
            "gross_profit": 467358,
            "gross_margin": 52.13,
            "gross_margin_4q_avg": 54.84,
            "net_income": 265329,
            "revenue": 896541,
            "common_shares": 3435933,
            "book_valuer_per_share": 14.59,
            "book_valuer_per_share_4q_avg": 14.58,
            "equity": 5014485,
            "current_ratio": 110.3,
            "debt_ratio": 35.35,
            "inventory_turnover_ratio": 5.79,
            "account_receivable_turnover_ratio": null,
            "reinvestment_rate": -15.17,
            "research_to_sale_ratio": null,
            "price_fair": 73.5,
            "eps_avg_yearly": 2.1,
            "eps_latest_yearly": 3,
            "eps_growth_yearly": 115.69
        },
        "20053": {
            "year_quarter": 20053,
            "year": 2005,
            "quarter": 3,
            "eps": 0.7,
            "eps_growth_year": 18.64,
            "eps_4q": 2.04,
            "eps_4q_growth_year": -5.74,
            "roe": 4.85,
            "roe_4q": 14.200000000000001,
            "gross_profit": 453245,
            "gross_margin": 55.65,
            "gross_margin_4q_avg": 54.68,
            "net_income": 249052,
            "revenue": 814401,
            "common_shares": 3579810,
            "book_valuer_per_share": 14.71,
            "book_valuer_per_share_4q_avg": 14.69,
            "equity": 5264314,
            "current_ratio": 109.35,
            "debt_ratio": 30.23,
            "inventory_turnover_ratio": 3.57,
            "account_receivable_turnover_ratio": null,
            "reinvestment_rate": -15.39,
            "research_to_sale_ratio": null,
            "price_fair": 75.38,
            "eps_avg_yearly": 2.15,
            "eps_latest_yearly": 2.8,
            "eps_growth_yearly": 104.74
        },
        "20054": {
            "year_quarter": 20054,
            "year": 2005,
            "quarter": 4,
            "eps": 0.48,
            "eps_growth_year": 108.7,
            "eps_4q": 2.28,
            "eps_4q_growth_year": 10.94,
            "roe": 3.15,
            "roe_4q": 15.77,
            "gross_profit": 437001,
            "gross_margin": 51.65,
            "gross_margin_4q_avg": 53.9,
            "net_income": 172158,
            "revenue": 846007,
            "common_shares": 3579810,
            "book_valuer_per_share": 15.18,
            "book_valuer_per_share_4q_avg": 14.85,
            "equity": 5661333,
            "current_ratio": 177.12,
            "debt_ratio": 35.44,
            "inventory_turnover_ratio": 2.88,
            "account_receivable_turnover_ratio": null,
            "reinvestment_rate": -15.74,
            "research_to_sale_ratio": null,
            "price_fair": 74.8,
            "eps_avg_yearly": 2.14,
            "eps_latest_yearly": 1.92,
            "eps_growth_yearly": 88.28
        },
        "20061": {
            "year_quarter": 20061,
            "year": 2006,
            "quarter": 1,
            "eps": 0.69,
            "eps_growth_year": 81.58,
            "eps_4q": 2.62,
            "eps_4q_growth_year": 43.1,
            "roe": 4.27,
            "roe_4q": 17.5,
            "gross_profit": 461179,
            "gross_margin": 53.35,
            "gross_margin_4q_avg": 53.2,
            "net_income": 246031,
            "revenue": 864451,
            "common_shares": 3579810,
            "book_valuer_per_share": 16.4,
            "book_valuer_per_share_4q_avg": 15.22,
            "equity": 5870058,
            "current_ratio": 153.15,
            "debt_ratio": 26.01,
            "inventory_turnover_ratio": 2.8,
            "account_receivable_turnover_ratio": null,
            "reinvestment_rate": -20.83,
            "research_to_sale_ratio": null,
            "price_fair": 76.7,
            "eps_avg_yearly": 2.19,
            "eps_latest_yearly": 2.76,
            "eps_growth_yearly": 84.7
        },
        "20062": {
            "year_quarter": 20062,
            "year": 2006,
            "quarter": 2,
            "eps": 0.99,
            "eps_growth_year": 32,
            "eps_4q": 2.86,
            "eps_4q_growth_year": 48.92,
            "roe": 5.95,
            "roe_4q": 18.22,
            "gross_profit": 462362,
            "gross_margin": 54.09,
            "gross_margin_4q_avg": 53.69,
            "net_income": 353686,
            "revenue": 854782,
            "common_shares": 3579810,
            "book_valuer_per_share": 16.82,
            "book_valuer_per_share_4q_avg": 15.78,
            "equity": 6021033,
            "current_ratio": 139.26,
            "debt_ratio": 30.01,
            "inventory_turnover_ratio": 3.55,
            "account_receivable_turnover_ratio": null,
            "reinvestment_rate": -15.91,
            "research_to_sale_ratio": null,
            "price_fair": 82,
            "eps_avg_yearly": 2.34,
            "eps_latest_yearly": 3.96,
            "eps_growth_yearly": 99.41
        },
        "20063": {
            "year_quarter": 20063,
            "year": 2006,
            "quarter": 3,
            "eps": 0.67,
            "eps_growth_year": -4.29,
            "eps_4q": 2.78,
            "eps_4q_growth_year": 36.36,
            "roe": 4.02,
            "roe_4q": 17.389999999999997,
            "gross_profit": 464220,
            "gross_margin": 55.2,
            "gross_margin_4q_avg": 53.57,
            "net_income": 245328,
            "revenue": 841035,
            "common_shares": 3662492,
            "book_valuer_per_share": 16.87,
            "book_valuer_per_share_4q_avg": 16.32,
            "equity": 6178655,
            "current_ratio": 160.2,
            "debt_ratio": 23.83,
            "inventory_turnover_ratio": 4.24,
            "account_receivable_turnover_ratio": null,
            "reinvestment_rate": -13.82,
            "research_to_sale_ratio": null,
            "price_fair": 82.79,
            "eps_avg_yearly": 2.37,
            "eps_latest_yearly": 2.68,
            "eps_growth_yearly": 84.17
        },
        "20064": {
            "year_quarter": 20064,
            "year": 2006,
            "quarter": 4,
            "eps": 0.2,
            "eps_growth_year": -58.33,
            "eps_4q": 2.5,
            "eps_4q_growth_year": 9.94,
            "roe": 1.13,
            "roe_4q": 15.37,
            "gross_profit": 454778,
            "gross_margin": 54.94,
            "gross_margin_4q_avg": 54.4,
            "net_income": 73325,
            "revenue": 827778,
            "common_shares": 3662492,
            "book_valuer_per_share": 17.83,
            "book_valuer_per_share_4q_avg": 16.98,
            "equity": 6809873,
            "current_ratio": 204.25,
            "debt_ratio": 32.57,
            "inventory_turnover_ratio": 2.98,
            "account_receivable_turnover_ratio": null,
            "reinvestment_rate": -6.35,
            "research_to_sale_ratio": null,
            "price_fair": 79.36,
            "eps_avg_yearly": 2.27,
            "eps_latest_yearly": 0.8,
            "eps_growth_yearly": 61.37
        },
        "20071": {
            "year_quarter": 20071,
            "year": 2007,
            "quarter": 1,
            "eps": 0.61,
            "eps_growth_year": -11.59,
            "eps_4q": 2.46,
            "eps_4q_growth_year": -5.76,
            "roe": 3.31,
            "roe_4q": 14.41,
            "gross_profit": 437072,
            "gross_margin": 52.18,
            "gross_margin_4q_avg": 54.1,
            "net_income": 221106,
            "revenue": 837615,
            "common_shares": 3662492,
            "book_valuer_per_share": 17.83,
            "book_valuer_per_share_4q_avg": 17.34,
            "equity": 6531941,
            "current_ratio": 168.91,
            "debt_ratio": 23.57,
            "inventory_turnover_ratio": 3.03,
            "account_receivable_turnover_ratio": null,
            "reinvestment_rate": -11.35,
            "research_to_sale_ratio": null,
            "price_fair": 80.15,
            "eps_avg_yearly": 2.29,
            "eps_latest_yearly": 2.44,
            "eps_growth_yearly": 99.38
        },
        "20072": {
            "year_quarter": 20072,
            "year": 2007,
            "quarter": 2,
            "eps": 0.97,
            "eps_growth_year": -2.02,
            "eps_4q": 2.43,
            "eps_4q_growth_year": -14.92,
            "roe": 5.47,
            "roe_4q": 13.93,
            "gross_profit": 434106,
            "gross_margin": 51.25,
            "gross_margin_4q_avg": 53.39,
            "net_income": 358265,
            "revenue": 847117,
            "common_shares": 3662492,
            "book_valuer_per_share": 17.95,
            "book_valuer_per_share_4q_avg": 17.62,
            "equity": 6574810,
            "current_ratio": 156.99,
            "debt_ratio": 27.3,
            "inventory_turnover_ratio": 4.32,
            "account_receivable_turnover_ratio": null,
            "reinvestment_rate": -22.83,
            "research_to_sale_ratio": null,
            "price_fair": 85.49,
            "eps_avg_yearly": 2.44,
            "eps_latest_yearly": 3.88,
            "eps_growth_yearly": 121.83
        },
        "20073": {
            "year_quarter": 20073,
            "year": 2007,
            "quarter": 3,
            "eps": 0.69,
            "eps_growth_year": 2.99,
            "eps_4q": 2.46,
            "eps_4q_growth_year": -11.28,
            "roe": 3.87,
            "roe_4q": 13.780000000000001,
            "gross_profit": 444706,
            "gross_margin": 52.26,
            "gross_margin_4q_avg": 52.66,
            "net_income": 253754,
            "revenue": 850919,
            "common_shares": 3711502,
            "book_valuer_per_share": 17.62,
            "book_valuer_per_share_4q_avg": 17.81,
            "equity": 6538894,
            "current_ratio": 156.82,
            "debt_ratio": 23.49,
            "inventory_turnover_ratio": 4.17,
            "account_receivable_turnover_ratio": null,
            "reinvestment_rate": -23.97,
            "research_to_sale_ratio": null,
            "price_fair": 83.56,
            "eps_avg_yearly": 2.39,
            "eps_latest_yearly": 2.76,
            "eps_growth_yearly": 76.42
        },
        "20074": {
            "year_quarter": 20074,
            "year": 2007,
            "quarter": 4,
            "eps": 0.39,
            "eps_growth_year": 95,
            "eps_4q": 2.62,
            "eps_4q_growth_year": 4.66,
            "roe": 2.24,
            "roe_4q": 14.89,
            "gross_profit": 427787,
            "gross_margin": 51.11,
            "gross_margin_4q_avg": 51.7,
            "net_income": 145594,
            "revenue": 836922,
            "common_shares": 3711501,
            "book_valuer_per_share": 16.68,
            "book_valuer_per_share_4q_avg": 17.52,
            "equity": 6463232,
            "current_ratio": 173.15,
            "debt_ratio": 33.59,
            "inventory_turnover_ratio": 2.73,
            "account_receivable_turnover_ratio": null,
            "reinvestment_rate": 6.15,
            "research_to_sale_ratio": null,
            "price_fair": 84.09,
            "eps_avg_yearly": 2.4,
            "eps_latest_yearly": 1.56,
            "eps_growth_yearly": 81.48
        },
        "20081": {
            "year_quarter": 20081,
            "year": 2008,
            "quarter": 1,
            "eps": 0.62,
            "eps_growth_year": 1.64,
            "eps_4q": 2.55,
            "eps_4q_growth_year": 3.64,
            "roe": 3.61,
            "roe_4q": 15.189999999999998,
            "gross_profit": 553753,
            "gross_margin": 38.89,
            "gross_margin_4q_avg": 48.38,
            "net_income": 239467,
            "revenue": 1423851,
            "common_shares": 3711501,
            "book_valuer_per_share": 17.54,
            "book_valuer_per_share_4q_avg": 17.45,
            "equity": 6793083,
            "current_ratio": 194.54,
            "debt_ratio": 30.12,
            "inventory_turnover_ratio": 4.4,
            "account_receivable_turnover_ratio": null,
            "reinvestment_rate": 13.15,
            "research_to_sale_ratio": null,
            "price_fair": 83.91,
            "eps_avg_yearly": 2.4,
            "eps_latest_yearly": 2.48,
            "eps_growth_yearly": 72.74
        },
        "20082": {
            "year_quarter": 20082,
            "year": 2008,
            "quarter": 2,
            "eps": 0.23,
            "eps_growth_year": -76.29,
            "eps_4q": 1.67,
            "eps_4q_growth_year": -31.47,
            "roe": 1.55,
            "roe_4q": 11.27,
            "gross_profit": 575242,
            "gross_margin": 38.65,
            "gross_margin_4q_avg": 45.23,
            "net_income": 98297,
            "revenue": 1488235,
            "common_shares": 3711501,
            "book_valuer_per_share": 15.11,
            "book_valuer_per_share_4q_avg": 16.74,
            "equity": 5856862,
            "current_ratio": 146.67,
            "debt_ratio": 37.97,
            "inventory_turnover_ratio": 4.39,
            "account_receivable_turnover_ratio": null,
            "reinvestment_rate": 13.25,
            "research_to_sale_ratio": null,
            "price_fair": 80.41,
            "eps_avg_yearly": 2.3,
            "eps_latest_yearly": 0.92,
            "eps_growth_yearly": 57.41
        },
        "20083": {
            "year_quarter": 20083,
            "year": 2008,
            "quarter": 3,
            "eps": 0.23,
            "eps_growth_year": -66.67,
            "eps_4q": 1.56,
            "eps_4q_growth_year": -36.59,
            "roe": 1.43,
            "roe_4q": 8.83,
            "gross_profit": 576856,
            "gross_margin": 40.16,
            "gross_margin_4q_avg": 42.2,
            "net_income": 80224,
            "revenue": 1436266,
            "common_shares": 3798545,
            "book_valuer_per_share": 13.54,
            "book_valuer_per_share_4q_avg": 15.72,
            "equity": 5362123,
            "current_ratio": 134.48,
            "debt_ratio": 38.04,
            "inventory_turnover_ratio": 4,
            "account_receivable_turnover_ratio": null,
            "reinvestment_rate": 13.67,
            "research_to_sale_ratio": null,
            "price_fair": 77.26,
            "eps_avg_yearly": 2.21,
            "eps_latest_yearly": 0.92,
            "eps_growth_yearly": 58.99
        },
        "20084": {
            "year_quarter": 20084,
            "year": 2008,
            "quarter": 4,
            "eps": 0.7,
            "eps_growth_year": 79.49,
            "eps_4q": 1.65,
            "eps_4q_growth_year": -36.9,
            "roe": 5.19,
            "roe_4q": 11.78,
            "gross_profit": 534960,
            "gross_margin": 35.29,
            "gross_margin_4q_avg": 38.25,
            "net_income": 280970,
            "revenue": 1515904,
            "common_shares": 3798545,
            "book_valuer_per_share": 13.76,
            "book_valuer_per_share_4q_avg": 14.99,
            "equity": 5457620,
            "current_ratio": 140.96,
            "debt_ratio": 37.29,
            "inventory_turnover_ratio": 5.06,
            "account_receivable_turnover_ratio": 6.1,
            "reinvestment_rate": 9.26,
            "research_to_sale_ratio": null,
            "price_fair": 81.38,
            "eps_avg_yearly": 2.33,
            "eps_latest_yearly": 2.8,
            "eps_growth_yearly": 125.33
        },
        "20091": {
            "year_quarter": 20091,
            "year": 2009,
            "quarter": 1,
            "eps": 0.47,
            "eps_growth_year": -24.19,
            "eps_4q": 1.53,
            "eps_4q_growth_year": -39.94,
            "roe": 3.37,
            "roe_4q": 11.540000000000001,
            "gross_profit": 562479,
            "gross_margin": 37.49,
            "gross_margin_4q_avg": 37.9,
            "net_income": 188113,
            "revenue": 1500232,
            "common_shares": 3798545,
            "book_valuer_per_share": 14.4,
            "book_valuer_per_share_4q_avg": 14.2,
            "equity": 5714302,
            "current_ratio": 155.97,
            "debt_ratio": 35.94,
            "inventory_turnover_ratio": 5.65,
            "account_receivable_turnover_ratio": 2.97,
            "reinvestment_rate": 14.05,
            "research_to_sale_ratio": null,
            "price_fair": 82.16,
            "eps_avg_yearly": 2.35,
            "eps_latest_yearly": 1.88,
            "eps_growth_yearly": 100.82
        },
        "20092": {
            "year_quarter": 20092,
            "year": 2009,
            "quarter": 2,
            "eps": 0.98,
            "eps_growth_year": 326.09,
            "eps_4q": 2.23,
            "eps_4q_growth_year": 33.81,
            "roe": 6.7,
            "roe_4q": 16.69,
            "gross_profit": 490255,
            "gross_margin": 32.41,
            "gross_margin_4q_avg": 36.34,
            "net_income": 395123,
            "revenue": 1512697,
            "common_shares": 3798545,
            "book_valuer_per_share": 15.21,
            "book_valuer_per_share_4q_avg": 14.23,
            "equity": 6079461,
            "current_ratio": 173.87,
            "debt_ratio": 33.65,
            "inventory_turnover_ratio": 6.38,
            "account_receivable_turnover_ratio": 2.78,
            "reinvestment_rate": 10.8,
            "research_to_sale_ratio": null,
            "price_fair": 84.18,
            "eps_avg_yearly": 2.41,
            "eps_latest_yearly": 3.92,
            "eps_growth_yearly": 103.6
        },
        "20093": {
            "year_quarter": 20093,
            "year": 2009,
            "quarter": 3,
            "eps": 0.5,
            "eps_growth_year": 117.39,
            "eps_4q": 2.54,
            "eps_4q_growth_year": 62.21,
            "roe": 3.2,
            "roe_4q": 18.46,
            "gross_profit": 521387,
            "gross_margin": 39.15,
            "gross_margin_4q_avg": 36.09,
            "net_income": 197110,
            "revenue": 1331744,
            "common_shares": 3798545,
            "book_valuer_per_share": 15.63,
            "book_valuer_per_share_4q_avg": 14.75,
            "equity": 6258262,
            "current_ratio": 186.47,
            "debt_ratio": 32.27,
            "inventory_turnover_ratio": 5.19,
            "account_receivable_turnover_ratio": 2.4,
            "reinvestment_rate": 9.66,
            "research_to_sale_ratio": null,
            "price_fair": 82.43,
            "eps_avg_yearly": 2.36,
            "eps_latest_yearly": 2,
            "eps_growth_yearly": 93.02
        },
        "20094": {
            "year_quarter": 20094,
            "year": 2009,
            "quarter": 4,
            "eps": 0.33,
            "eps_growth_year": -52.86,
            "eps_4q": 2.28,
            "eps_4q_growth_year": 37.84,
            "roe": 2.09,
            "roe_4q": 15.36,
            "gross_profit": 650175,
            "gross_margin": 44.72,
            "gross_margin_4q_avg": 38.44,
            "net_income": 132580,
            "revenue": 1453866,
            "common_shares": 3798545,
            "book_valuer_per_share": 16.26,
            "book_valuer_per_share_4q_avg": 15.38,
            "equity": 6446754,
            "current_ratio": 203.31,
            "debt_ratio": 31,
            "inventory_turnover_ratio": 5.09,
            "account_receivable_turnover_ratio": 5.84,
            "reinvestment_rate": 45.18,
            "research_to_sale_ratio": null,
            "price_fair": 81.11,
            "eps_avg_yearly": 2.32,
            "eps_latest_yearly": 1.32,
            "eps_growth_yearly": 92.38
        },
        "20101": {
            "year_quarter": 20101,
            "year": 2010,
            "quarter": 1,
            "eps": 0.47,
            "eps_growth_year": 0,
            "eps_4q": 2.28,
            "eps_4q_growth_year": 48.5,
            "roe": 2.94,
            "roe_4q": 14.93,
            "gross_profit": 529024,
            "gross_margin": 37.49,
            "gross_margin_4q_avg": 38.44,
            "net_income": 192513,
            "revenue": 1411102,
            "common_shares": 3798545,
            "book_valuer_per_share": 16.63,
            "book_valuer_per_share_4q_avg": 15.93,
            "equity": 6628885,
            "current_ratio": 207.79,
            "debt_ratio": 30.66,
            "inventory_turnover_ratio": 5.45,
            "account_receivable_turnover_ratio": 2.7,
            "reinvestment_rate": 53.77,
            "research_to_sale_ratio": null,
            "price_fair": 79.19,
            "eps_avg_yearly": 2.26,
            "eps_latest_yearly": 1.88,
            "eps_growth_yearly": 92.05
        },
        "20102": {
            "year_quarter": 20102,
            "year": 2010,
            "quarter": 2,
            "eps": 0.49,
            "eps_growth_year": -49.76,
            "eps_4q": 1.79,
            "eps_4q_growth_year": -19.63,
            "roe": 3.11,
            "roe_4q": 11.34,
            "gross_profit": 549014,
            "gross_margin": 35.08,
            "gross_margin_4q_avg": 39.11,
            "net_income": 196673,
            "revenue": 1565023,
            "common_shares": 3798545,
            "book_valuer_per_share": 15.11,
            "book_valuer_per_share_4q_avg": 15.91,
            "equity": 6015266,
            "current_ratio": 143.32,
            "debt_ratio": 44.86,
            "inventory_turnover_ratio": 6.56,
            "account_receivable_turnover_ratio": 2.66,
            "reinvestment_rate": 52.5,
            "research_to_sale_ratio": null,
            "price_fair": 74.81,
            "eps_avg_yearly": 2.14,
            "eps_latest_yearly": 1.96,
            "eps_growth_yearly": 82.24
        },
        "20103": {
            "year_quarter": 20103,
            "year": 2010,
            "quarter": 3,
            "eps": 0.6,
            "eps_growth_year": 20.23,
            "eps_4q": 1.9,
            "eps_4q_growth_year": -25.22,
            "roe": 3.93,
            "roe_4q": 12.07,
            "gross_profit": 558706,
            "gross_margin": 34.47,
            "gross_margin_4q_avg": 37.94,
            "net_income": 243276,
            "revenue": 1620751,
            "common_shares": 3798545,
            "book_valuer_per_share": 15.92,
            "book_valuer_per_share_4q_avg": 15.98,
            "equity": 6354056,
            "current_ratio": 154.37,
            "debt_ratio": 43.15,
            "inventory_turnover_ratio": 7.1,
            "account_receivable_turnover_ratio": 2.68,
            "reinvestment_rate": 51.15,
            "research_to_sale_ratio": null,
            "price_fair": 74.2,
            "eps_avg_yearly": 2.12,
            "eps_latest_yearly": 2.4,
            "eps_growth_yearly": 95.94
        },
        "20104": {
            "year_quarter": 20104,
            "year": 2010,
            "quarter": 4,
            "eps": 0.57,
            "eps_growth_year": 73.64,
            "eps_4q": 2.14,
            "eps_4q_growth_year": -6.14,
            "roe": 3.5,
            "roe_4q": 13.479999999999999,
            "gross_profit": 566941,
            "gross_margin": 34.37,
            "gross_margin_4q_avg": 35.35,
            "net_income": 231921,
            "revenue": 1649633,
            "common_shares": 3798545,
            "book_valuer_per_share": 17.21,
            "book_valuer_per_share_4q_avg": 16.22,
            "equity": 6880032,
            "current_ratio": 160.53,
            "debt_ratio": 43.03,
            "inventory_turnover_ratio": 7.22,
            "account_receivable_turnover_ratio": 2.93,
            "reinvestment_rate": 40,
            "research_to_sale_ratio": null,
            "price_fair": 77.44,
            "eps_avg_yearly": 2.21,
            "eps_latest_yearly": 2.28,
            "eps_growth_yearly": 112.22
        },
        "20111": {
            "year_quarter": 20111,
            "year": 2011,
            "quarter": 1,
            "eps": 0.5,
            "eps_growth_year": 6.38,
            "eps_4q": 2.16,
            "eps_4q_growth_year": -4.98,
            "roe": 2.92,
            "roe_4q": 13.459999999999999,
            "gross_profit": 567975,
            "gross_margin": 35.03,
            "gross_margin_4q_avg": 34.74,
            "net_income": 200667,
            "revenue": 1621243,
            "common_shares": 3798545,
            "book_valuer_per_share": 17.21,
            "book_valuer_per_share_4q_avg": 16.36,
            "equity": 6870983,
            "current_ratio": 162.09,
            "debt_ratio": 42.49,
            "inventory_turnover_ratio": 7.12,
            "account_receivable_turnover_ratio": 3.04,
            "reinvestment_rate": 49.98,
            "research_to_sale_ratio": null,
            "price_fair": 76.48,
            "eps_avg_yearly": 2.19,
            "eps_latest_yearly": 2,
            "eps_growth_yearly": 57.9
        },
        "20112": {
            "year_quarter": 20112,
            "year": 2011,
            "quarter": 2,
            "eps": 0.69,
            "eps_growth_year": 40.06,
            "eps_4q": 2.36,
            "eps_4q_growth_year": 31.82,
            "roe": 4.13,
            "roe_4q": 14.48,
            "gross_profit": 617236,
            "gross_margin": 37.71,
            "gross_margin_4q_avg": 35.4,
            "net_income": 275605,
            "revenue": 1636867,
            "common_shares": 3798545,
            "book_valuer_per_share": 16.11,
            "book_valuer_per_share_4q_avg": 16.61,
            "equity": 6470733,
            "current_ratio": 144.65,
            "debt_ratio": 47.46,
            "inventory_turnover_ratio": 7.72,
            "account_receivable_turnover_ratio": 2.95,
            "reinvestment_rate": 50.08,
            "research_to_sale_ratio": null,
            "price_fair": 74.03,
            "eps_avg_yearly": 2.12,
            "eps_latest_yearly": 2.76,
            "eps_growth_yearly": 52.65
        },
        "20113": {
            "year_quarter": 20113,
            "year": 2011,
            "quarter": 3,
            "eps": 0.65,
            "eps_growth_year": 8.81,
            "eps_4q": 2.42,
            "eps_4q_growth_year": 27.39,
            "roe": 4.13,
            "roe_4q": 14.68,
            "gross_profit": 614789,
            "gross_margin": 39.98,
            "gross_margin_4q_avg": 36.77,
            "net_income": 266051,
            "revenue": 1537675,
            "common_shares": 3798545,
            "book_valuer_per_share": 15.94,
            "book_valuer_per_share_4q_avg": 16.62,
            "equity": 6398953,
            "current_ratio": 152.16,
            "debt_ratio": 43.59,
            "inventory_turnover_ratio": 6.84,
            "account_receivable_turnover_ratio": 2.6,
            "reinvestment_rate": 49.39,
            "research_to_sale_ratio": null,
            "price_fair": 73.68,
            "eps_avg_yearly": 2.11,
            "eps_latest_yearly": 2.6,
            "eps_growth_yearly": 58.42
        },
        "20114": {
            "year_quarter": 20114,
            "year": 2011,
            "quarter": 4,
            "eps": 0.54,
            "eps_growth_year": -6.32,
            "eps_4q": 2.38,
            "eps_4q_growth_year": 11.15,
            "roe": 3.33,
            "roe_4q": 14.51,
            "gross_profit": 643644,
            "gross_margin": 35.7,
            "gross_margin_4q_avg": 37.11,
            "net_income": 215527,
            "revenue": 1802951,
            "common_shares": 3798545,
            "book_valuer_per_share": 16.29,
            "book_valuer_per_share_4q_avg": 16.39,
            "equity": 6535832,
            "current_ratio": 152.52,
            "debt_ratio": 44.03,
            "inventory_turnover_ratio": 6.92,
            "account_receivable_turnover_ratio": 3.16,
            "reinvestment_rate": 38.83,
            "research_to_sale_ratio": null,
            "price_fair": 74.99,
            "eps_avg_yearly": 2.14,
            "eps_latest_yearly": 2.16,
            "eps_growth_yearly": 65.06
        },
        "20121": {
            "year_quarter": 20121,
            "year": 2012,
            "quarter": 1,
            "eps": 0.62,
            "eps_growth_year": 24,
            "eps_4q": 2.5,
            "eps_4q_growth_year": 15.49,
            "roe": 3.66,
            "roe_4q": 15.25,
            "gross_profit": 636049,
            "gross_margin": 36.67,
            "gross_margin_4q_avg": 37.52,
            "net_income": 246248,
            "revenue": 1734452,
            "common_shares": 3798545,
            "book_valuer_per_share": 17.25,
            "book_valuer_per_share_4q_avg": 16.4,
            "equity": 6925985,
            "current_ratio": 163.31,
            "debt_ratio": 41.98,
            "inventory_turnover_ratio": 6.23,
            "account_receivable_turnover_ratio": 3.05,
            "reinvestment_rate": 38.5,
            "research_to_sale_ratio": null,
            "price_fair": 74.99,
            "eps_avg_yearly": 2.14,
            "eps_latest_yearly": 2.48,
            "eps_growth_yearly": 54.02
        },
        "20122": {
            "year_quarter": 20122,
            "year": 2012,
            "quarter": 2,
            "eps": 0.79,
            "eps_growth_year": 14.64,
            "eps_4q": 2.6,
            "eps_4q_growth_year": 10.12,
            "roe": 4.64,
            "roe_4q": 15.760000000000002,
            "gross_profit": 623642,
            "gross_margin": 37.38,
            "gross_margin_4q_avg": 37.43,
            "net_income": 310417,
            "revenue": 1668528,
            "common_shares": 3798545,
            "book_valuer_per_share": 16.08,
            "book_valuer_per_share_4q_avg": 16.39,
            "equity": 6465818,
            "current_ratio": 145.3,
            "debt_ratio": 46.06,
            "inventory_turnover_ratio": 6.82,
            "account_receivable_turnover_ratio": 2.67,
            "reinvestment_rate": 38.56,
            "research_to_sale_ratio": null,
            "price_fair": 79.89,
            "eps_avg_yearly": 2.28,
            "eps_latest_yearly": 3.16,
            "eps_growth_yearly": 76.6
        },
        "20123": {
            "year_quarter": 20123,
            "year": 2012,
            "quarter": 3,
            "eps": 0.69,
            "eps_growth_year": 6.14,
            "eps_4q": 2.64,
            "eps_4q_growth_year": 9.37,
            "roe": 4.19,
            "roe_4q": 15.82,
            "gross_profit": 631661,
            "gross_margin": 35.87,
            "gross_margin_4q_avg": 36.41,
            "net_income": 277059,
            "revenue": 1760913,
            "common_shares": 3798545,
            "book_valuer_per_share": 16.82,
            "book_valuer_per_share_4q_avg": 16.61,
            "equity": 6761427,
            "current_ratio": 156.56,
            "debt_ratio": 42.79,
            "inventory_turnover_ratio": 8.06,
            "account_receivable_turnover_ratio": 2.66,
            "reinvestment_rate": 37.25,
            "research_to_sale_ratio": null,
            "price_fair": 83.91,
            "eps_avg_yearly": 2.4,
            "eps_latest_yearly": 2.76,
            "eps_growth_yearly": 73.43
        },
        "20124": {
            "year_quarter": 20124,
            "year": 2012,
            "quarter": 4,
            "eps": 0.47,
            "eps_growth_year": -13.17,
            "eps_4q": 2.57,
            "eps_4q_growth_year": 8.06,
            "roe": 2.92,
            "roe_4q": 15.41,
            "gross_profit": 594841,
            "gross_margin": 35.26,
            "gross_margin_4q_avg": 36.3,
            "net_income": 199729,
            "revenue": 1686919,
            "common_shares": 3798545,
            "book_valuer_per_share": 17.25,
            "book_valuer_per_share_4q_avg": 16.85,
            "equity": 6936005,
            "current_ratio": 161.24,
            "debt_ratio": 41.98,
            "inventory_turnover_ratio": 7.32,
            "account_receivable_turnover_ratio": 2.75,
            "reinvestment_rate": 37.48,
            "research_to_sale_ratio": null,
            "price_fair": 57.03,
            "eps_avg_yearly": 2.34,
            "eps_latest_yearly": 1.88,
            "eps_growth_yearly": 14.37
        },
        "20131": {
            "year_quarter": 20131,
            "year": 2013,
            "quarter": 1,
            "eps": 0.54,
            "eps_growth_year": -12.9,
            "eps_4q": 2.49,
            "eps_4q_growth_year": -0.34,
            "roe": 2.74,
            "roe_4q": 14.490000000000002,
            "gross_profit": 640811,
            "gross_margin": 36.03,
            "gross_margin_4q_avg": 36.14,
            "net_income": 214286,
            "revenue": 1778407,
            "common_shares": 3798545,
            "book_valuer_per_share": 21.61,
            "book_valuer_per_share_4q_avg": 17.94,
            "equity": 8727284,
            "current_ratio": 165.35,
            "debt_ratio": 36.67,
            "inventory_turnover_ratio": 7.16,
            "account_receivable_turnover_ratio": 3.14,
            "reinvestment_rate": 102.02,
            "research_to_sale_ratio": null,
            "price_fair": 82.51,
            "eps_avg_yearly": 2.36,
            "eps_latest_yearly": 2.16,
            "eps_growth_yearly": 26.31
        },
        "20132": {
            "year_quarter": 20132,
            "year": 2013,
            "quarter": 2,
            "eps": 0.89,
            "eps_growth_year": 12.59,
            "eps_4q": 2.59,
            "eps_4q_growth_year": -0.46,
            "roe": 4.19,
            "roe_4q": 14.040000000000003,
            "gross_profit": 665739,
            "gross_margin": 33.63,
            "gross_margin_4q_avg": 35.2,
            "net_income": 360379,
            "revenue": 1979588,
            "common_shares": 3798545,
            "book_valuer_per_share": 20.87,
            "book_valuer_per_share_4q_avg": 19.14,
            "equity": 8471748,
            "current_ratio": 150.07,
            "debt_ratio": 41.23,
            "inventory_turnover_ratio": 8.14,
            "account_receivable_turnover_ratio": 3.05,
            "reinvestment_rate": 103.68,
            "research_to_sale_ratio": null,
            "price_fair": 59.28,
            "eps_avg_yearly": 2.34,
            "eps_latest_yearly": 3.56,
            "eps_growth_yearly": 15.39
        },
        "20133": {
            "year_quarter": 20133,
            "year": 2013,
            "quarter": 3,
            "eps": 0.76,
            "eps_growth_year": 9.46,
            "eps_4q": 2.66,
            "eps_4q_growth_year": 0.74,
            "roe": 3.4,
            "roe_4q": 13.25,
            "gross_profit": 659095,
            "gross_margin": 36.48,
            "gross_margin_4q_avg": 35.35,
            "net_income": 294600,
            "revenue": 1806625,
            "common_shares": 3798545,
            "book_valuer_per_share": 21.83,
            "book_valuer_per_share_4q_avg": 20.39,
            "equity": 8847221,
            "current_ratio": 166.57,
            "debt_ratio": 39.2,
            "inventory_turnover_ratio": 5.01,
            "account_receivable_turnover_ratio": 2.44,
            "reinvestment_rate": 92.34,
            "research_to_sale_ratio": null,
            "price_fair": 81.55,
            "eps_avg_yearly": 2.4,
            "eps_latest_yearly": 3.04,
            "eps_growth_yearly": 23.98
        },
        "20134": {
            "year_quarter": 20134,
            "year": 2013,
            "quarter": 4,
            "eps": 0.52,
            "eps_growth_year": 11.95,
            "eps_4q": 2.72,
            "eps_4q_growth_year": 5.68,
            "roe": 2.32,
            "roe_4q": 12.65,
            "gross_profit": 623783,
            "gross_margin": 31.96,
            "gross_margin_4q_avg": 34.53,
            "net_income": 208903,
            "revenue": 1951814,
            "common_shares": 3798545,
            "book_valuer_per_share": 22.6,
            "book_valuer_per_share_4q_avg": 21.73,
            "equity": 9155172,
            "current_ratio": 171.06,
            "debt_ratio": 38.88,
            "inventory_turnover_ratio": 5.33,
            "account_receivable_turnover_ratio": 2.88,
            "reinvestment_rate": 54.68,
            "research_to_sale_ratio": null,
            "price_fair": 84.65,
            "eps_avg_yearly": 2.45,
            "eps_latest_yearly": 2.08,
            "eps_growth_yearly": 24.59
        },
        "20141": {
            "year_quarter": 20141,
            "year": 2014,
            "quarter": 1,
            "eps": 0.71,
            "eps_growth_year": 31.48,
            "eps_4q": 2.89,
            "eps_4q_growth_year": 15.86,
            "roe": 3.06,
            "roe_4q": 12.969999999999999,
            "gross_profit": 662922,
            "gross_margin": 38.46,
            "gross_margin_4q_avg": 35.13,
            "net_income": 281564,
            "revenue": 1723532,
            "common_shares": 3798545,
            "book_valuer_per_share": 22.84,
            "book_valuer_per_share_4q_avg": 22.04,
            "equity": 9252902,
            "current_ratio": 176.36,
            "debt_ratio": 37.64,
            "inventory_turnover_ratio": 4.95,
            "account_receivable_turnover_ratio": 2.89,
            "reinvestment_rate": 53.25,
            "research_to_sale_ratio": null,
            "price_fair": 83.03,
            "eps_avg_yearly": 2.51,
            "eps_latest_yearly": 2.84,
            "eps_growth_yearly": 23.11
        },
        "20142": {
            "year_quarter": 20142,
            "year": 2014,
            "quarter": 2,
            "eps": 0.62,
            "eps_growth_year": -30.34,
            "eps_4q": 2.6,
            "eps_4q_growth_year": 0.25,
            "roe": 2.76,
            "roe_4q": 11.540000000000001,
            "gross_profit": 658782,
            "gross_margin": 38.17,
            "gross_margin_4q_avg": 36.27,
            "net_income": 249948,
            "revenue": 1725790,
            "common_shares": 3798545,
            "book_valuer_per_share": 21.71,
            "book_valuer_per_share_4q_avg": 22.25,
            "equity": 8830389,
            "current_ratio": 163.18,
            "debt_ratio": 40.15,
            "inventory_turnover_ratio": 5.05,
            "account_receivable_turnover_ratio": 3.03,
            "reinvestment_rate": 52.75,
            "research_to_sale_ratio": null,
            "price_fair": 73.36,
            "eps_avg_yearly": 2.54,
            "eps_latest_yearly": 2.48,
            "eps_growth_yearly": 18.88
        },
        "20143": {
            "year_quarter": 20143,
            "year": 2014,
            "quarter": 3,
            "eps": 0.99,
            "eps_growth_year": 30.26,
            "eps_4q": 2.83,
            "eps_4q_growth_year": 6.42,
            "roe": 4.37,
            "roe_4q": 12.51,
            "gross_profit": 652644,
            "gross_margin": 37.77,
            "gross_margin_4q_avg": 36.59,
            "net_income": 394509,
            "revenue": 1728016,
            "common_shares": 3836530,
            "book_valuer_per_share": 22.42,
            "book_valuer_per_share_4q_avg": 22.39,
            "equity": 9218246,
            "current_ratio": 179.95,
            "debt_ratio": 36.42,
            "inventory_turnover_ratio": 5.4,
            "account_receivable_turnover_ratio": 3.11,
            "reinvestment_rate": 52.79,
            "research_to_sale_ratio": null,
            "price_fair": 92.31,
            "eps_avg_yearly": 2.64,
            "eps_latest_yearly": 3.96,
            "eps_growth_yearly": 28.19
        },
        "20144": {
            "year_quarter": 20144,
            "year": 2014,
            "quarter": 4,
            "eps": 0.4,
            "eps_growth_year": -22.85,
            "eps_4q": 2.72,
            "eps_4q_growth_year": 0.04,
            "roe": 1.67,
            "roe_4q": 11.860000000000001,
            "gross_profit": 635741,
            "gross_margin": 37.54,
            "gross_margin_4q_avg": 37.99,
            "net_income": 156451,
            "revenue": 1693495,
            "common_shares": 3836530,
            "book_valuer_per_share": 23.16,
            "book_valuer_per_share_4q_avg": 22.53,
            "equity": 9553282,
            "current_ratio": 173.62,
            "debt_ratio": 38.36,
            "inventory_turnover_ratio": 4.69,
            "account_receivable_turnover_ratio": 3.1,
            "reinvestment_rate": 59.54,
            "research_to_sale_ratio": null,
            "price_fair": 63.68,
            "eps_avg_yearly": 2.6,
            "eps_latest_yearly": 1.6,
            "eps_growth_yearly": 14.54
        },
        "20151": {
            "year_quarter": 20151,
            "year": 2015,
            "quarter": 1,
            "eps": 0.6,
            "eps_growth_year": -15.49,
            "eps_4q": 2.62,
            "eps_4q_growth_year": -9.41,
            "roe": 2.49,
            "roe_4q": 11.290000000000001,
            "gross_profit": 653989,
            "gross_margin": 38.29,
            "gross_margin_4q_avg": 37.94,
            "net_income": 240348,
            "revenue": 1707893,
            "common_shares": 3836530,
            "book_valuer_per_share": 23.57,
            "book_valuer_per_share_4q_avg": 22.72,
            "equity": 9738919,
            "current_ratio": 188.76,
            "debt_ratio": 35.14,
            "inventory_turnover_ratio": 4.37,
            "account_receivable_turnover_ratio": 3,
            "reinvestment_rate": 59.92,
            "research_to_sale_ratio": null,
            "price_fair": 91.7,
            "eps_avg_yearly": 2.62,
            "eps_latest_yearly": 2.4,
            "eps_growth_yearly": 30.11
        },
        "20152": {
            "year_quarter": 20152,
            "year": 2015,
            "quarter": 2,
            "eps": 0.85,
            "eps_growth_year": 37.1,
            "eps_4q": 2.85,
            "eps_4q_growth_year": 9.94,
            "roe": 3.5,
            "roe_4q": 12.030000000000001,
            "gross_profit": 653184,
            "gross_margin": 37.23,
            "gross_margin_4q_avg": 37.71,
            "net_income": 335729,
            "revenue": 1754667,
            "common_shares": 3836530,
            "book_valuer_per_share": 22.76,
            "book_valuer_per_share_4q_avg": 22.98,
            "equity": 9436565,
            "current_ratio": 173,
            "debt_ratio": 38.05,
            "inventory_turnover_ratio": 4.73,
            "account_receivable_turnover_ratio": 3.04,
            "reinvestment_rate": 60.43,
            "research_to_sale_ratio": null,
            "price_fair": 93.1,
            "eps_avg_yearly": 2.66,
            "eps_latest_yearly": 3.4,
            "eps_growth_yearly": 31.03
        },
        "20153": {
            "year_quarter": 20153,
            "year": 2015,
            "quarter": 3,
            "eps": 0.87,
            "eps_growth_year": -12.12,
            "eps_4q": 2.73,
            "eps_4q_growth_year": -3.68,
            "roe": 3.74,
            "roe_4q": 11.4,
            "gross_profit": 647331,
            "gross_margin": 36.14,
            "gross_margin_4q_avg": 37.3,
            "net_income": 353956,
            "revenue": 1791308,
            "common_shares": 3836530,
            "book_valuer_per_share": 22.87,
            "book_valuer_per_share_4q_avg": 23.09,
            "equity": 9475722,
            "current_ratio": 178.23,
            "debt_ratio": 36.59,
            "inventory_turnover_ratio": 4.88,
            "account_receivable_turnover_ratio": 3.21,
            "reinvestment_rate": 58.98,
            "research_to_sale_ratio": null,
            "price_fair": 95.03,
            "eps_avg_yearly": 2.72,
            "eps_latest_yearly": 3.48,
            "eps_growth_yearly": 33.06
        },
        "20154": {
            "year_quarter": 20154,
            "year": 2015,
            "quarter": 4,
            "eps": 0.49,
            "eps_growth_year": 22.51,
            "eps_4q": 2.82,
            "eps_4q_growth_year": 3.7,
            "roe": 2.11,
            "roe_4q": 11.84,
            "gross_profit": 638580,
            "gross_margin": 35.62,
            "gross_margin_4q_avg": 36.82,
            "net_income": 201014,
            "revenue": 1792590,
            "common_shares": 3836531,
            "book_valuer_per_share": 23.04,
            "book_valuer_per_share_4q_avg": 23.06,
            "equity": 9549336,
            "current_ratio": 184.79,
            "debt_ratio": 36.05,
            "inventory_turnover_ratio": 4.74,
            "account_receivable_turnover_ratio": 3.24,
            "reinvestment_rate": 59.24,
            "research_to_sale_ratio": null,
            "price_fair": 94.59,
            "eps_avg_yearly": 2.7,
            "eps_latest_yearly": 1.96,
            "eps_growth_yearly": 26.37
        },
        "20161": {
            "year_quarter": 20161,
            "year": 2016,
            "quarter": 1,
            "eps": 0.6,
            "eps_growth_year": 0,
            "eps_4q": 2.82,
            "eps_4q_growth_year": 7.65,
            "roe": 2.45,
            "roe_4q": 11.8,
            "gross_profit": 641953,
            "gross_margin": 35.83,
            "gross_margin_4q_avg": 36.21,
            "net_income": 233865,
            "revenue": 1791497,
            "common_shares": 3836531,
            "book_valuer_per_share": 23.1,
            "book_valuer_per_share_4q_avg": 22.94,
            "equity": 9558982,
            "current_ratio": 182.62,
            "debt_ratio": 34.81,
            "inventory_turnover_ratio": 4.2,
            "account_receivable_turnover_ratio": 3.21,
            "reinvestment_rate": 60.25,
            "research_to_sale_ratio": 0.32,
            "price_fair": 94.41,
            "eps_avg_yearly": 2.7,
            "eps_latest_yearly": 2.4,
            "eps_growth_yearly": 28.28
        },
        "20162": {
            "year_quarter": 20162,
            "year": 2016,
            "quarter": 2,
            "eps": 0.79,
            "eps_growth_year": -7.06,
            "eps_4q": 2.76,
            "eps_4q_growth_year": -3.36,
            "roe": 3.35,
            "roe_4q": 11.65,
            "gross_profit": 629042,
            "gross_margin": 35.1,
            "gross_margin_4q_avg": 35.67,
            "net_income": 313288,
            "revenue": 1792120,
            "common_shares": 3836531,
            "book_valuer_per_share": 21.97,
            "book_valuer_per_share_4q_avg": 22.75,
            "equity": 9136263,
            "current_ratio": 161.16,
            "debt_ratio": 38.83,
            "inventory_turnover_ratio": 4.17,
            "account_receivable_turnover_ratio": 3.19,
            "reinvestment_rate": 59.05,
            "research_to_sale_ratio": 0.21,
            "price_fair": 94.41,
            "eps_avg_yearly": 2.7,
            "eps_latest_yearly": 3.16,
            "eps_growth_yearly": 29.35
        },
        "20163": {
            "year_quarter": 20163,
            "year": 2016,
            "quarter": 3,
            "eps": 0.72,
            "eps_growth_year": -17.24,
            "eps_4q": 2.62,
            "eps_4q_growth_year": -4.12,
            "roe": 3.11,
            "roe_4q": 11.02,
            "gross_profit": 617926,
            "gross_margin": 34.28,
            "gross_margin_4q_avg": 35.21,
            "net_income": 289335,
            "revenue": 1802471,
            "common_shares": 3836531,
            "book_valuer_per_share": 22.76,
            "book_valuer_per_share_4q_avg": 22.72,
            "equity": 9476885,
            "current_ratio": 182.86,
            "debt_ratio": 34.02,
            "inventory_turnover_ratio": 4.34,
            "account_receivable_turnover_ratio": 3.25,
            "reinvestment_rate": 59.59,
            "research_to_sale_ratio": 0.33,
            "price_fair": 94.68,
            "eps_avg_yearly": 2.71,
            "eps_latest_yearly": 2.88,
            "eps_growth_yearly": 30.29
        },
        "20164": {
            "year_quarter": 20164,
            "year": 2016,
            "quarter": 4,
            "eps": 0.44,
            "eps_growth_year": -11.36,
            "eps_4q": 2.56,
            "eps_4q_growth_year": -9.19,
            "roe": 1.79,
            "roe_4q": 10.7,
            "gross_profit": 645937,
            "gross_margin": 35.31,
            "gross_margin_4q_avg": 35.13,
            "net_income": 177228,
            "revenue": 1829510,
            "common_shares": 3836531,
            "book_valuer_per_share": 24.71,
            "book_valuer_per_share_4q_avg": 23.14,
            "equity": 10279072,
            "current_ratio": 200.8,
            "debt_ratio": 30.9,
            "inventory_turnover_ratio": 3.94,
            "account_receivable_turnover_ratio": 3.15,
            "reinvestment_rate": 72.27,
            "research_to_sale_ratio": 0.49,
            "price_fair": 94.41,
            "eps_avg_yearly": 2.7,
            "eps_latest_yearly": 1.76,
            "eps_growth_yearly": 28.54
        },
        "20171": {
            "year_quarter": 20171,
            "year": 2017,
            "quarter": 1,
            "eps": 0.44,
            "eps_growth_year": -26.67,
            "eps_4q": 2.4,
            "eps_4q_growth_year": -14.71,
            "roe": 1.65,
            "roe_4q": 9.9,
            "gross_profit": 593701,
            "gross_margin": 33.5,
            "gross_margin_4q_avg": 34.55,
            "net_income": 172771,
            "revenue": 1772431,
            "common_shares": 3836531,
            "book_valuer_per_share": 25.63,
            "book_valuer_per_share_4q_avg": 23.77,
            "equity": 10654184,
            "current_ratio": 233.68,
            "debt_ratio": 26.56,
            "inventory_turnover_ratio": 3.42,
            "account_receivable_turnover_ratio": 2.96,
            "reinvestment_rate": 18.92,
            "research_to_sale_ratio": 0.22,
            "price_fair": 93.06,
            "eps_avg_yearly": 2.67,
            "eps_latest_yearly": 1.76,
            "eps_growth_yearly": 24.82
        },
        "20172": {
            "year_quarter": 20172,
            "year": 2017,
            "quarter": 2,
            "eps": 0.82,
            "eps_growth_year": 3.8,
            "eps_4q": 2.43,
            "eps_4q_growth_year": -11.84,
            "roe": 3.16,
            "roe_4q": 9.71,
            "gross_profit": 595997,
            "gross_margin": 33.18,
            "gross_margin_4q_avg": 34.07,
            "net_income": 327568,
            "revenue": 1796152,
            "common_shares": 3836531,
            "book_valuer_per_share": 24.16,
            "book_valuer_per_share_4q_avg": 24.32,
            "equity": 10071473,
            "current_ratio": 179.86,
            "debt_ratio": 32.29,
            "inventory_turnover_ratio": 3.41,
            "account_receivable_turnover_ratio": 3.06,
            "reinvestment_rate": 26.97,
            "research_to_sale_ratio": 0.06,
            "price_fair": 92.93,
            "eps_avg_yearly": 2.66,
            "eps_latest_yearly": 3.28,
            "eps_growth_yearly": 30.21
        },
        "20173": {
            "year_quarter": 20173,
            "year": 2017,
            "quarter": 3,
            "eps": 0.72,
            "eps_growth_year": 0,
            "eps_4q": 2.43,
            "eps_4q_growth_year": -7.01,
            "roe": 2.94,
            "roe_4q": 9.54,
            "gross_profit": 616824,
            "gross_margin": 35.37,
            "gross_margin_4q_avg": 34.34,
            "net_income": 304503,
            "revenue": 1743860,
            "common_shares": 3836531,
            "book_valuer_per_share": 25.22,
            "book_valuer_per_share_4q_avg": 24.93,
            "equity": 10607676,
            "current_ratio": 192.11,
            "debt_ratio": 31.29,
            "inventory_turnover_ratio": 3.37,
            "account_receivable_turnover_ratio": 3.09,
            "reinvestment_rate": 35.67,
            "research_to_sale_ratio": 0.65,
            "price_fair": 92.58,
            "eps_avg_yearly": 2.65,
            "eps_latest_yearly": 2.88,
            "eps_growth_yearly": 30.81
        },
        "20174": {
            "year_quarter": 20174,
            "year": 2017,
            "quarter": 4,
            "eps": 0.48,
            "eps_growth_year": 8.88,
            "eps_4q": 2.47,
            "eps_4q_growth_year": -3.46,
            "roe": 1.9,
            "roe_4q": 9.65,
            "gross_profit": 594753,
            "gross_margin": 33.24,
            "gross_margin_4q_avg": 33.82,
            "net_income": 205283,
            "revenue": 1789064,
            "common_shares": 3836531,
            "book_valuer_per_share": 26.28,
            "book_valuer_per_share_4q_avg": 25.32,
            "equity": 11052008,
            "current_ratio": 216.7,
            "debt_ratio": 28.03,
            "inventory_turnover_ratio": 3.66,
            "account_receivable_turnover_ratio": 3.24,
            "reinvestment_rate": 42.31,
            "research_to_sale_ratio": 1.46,
            "price_fair": 92.23,
            "eps_avg_yearly": 2.64,
            "eps_latest_yearly": 1.92,
            "eps_growth_yearly": 30.37
        },
        "20181": {
            "year_quarter": 20181,
            "year": 2018,
            "quarter": 1,
            "eps": 0.39,
            "eps_growth_year": -11.36,
            "eps_4q": 2.42,
            "eps_4q_growth_year": 0.88,
            "roe": 1.44,
            "roe_4q": 9.44,
            "gross_profit": 575899,
            "gross_margin": 33.3,
            "gross_margin_4q_avg": 33.77,
            "net_income": 161565,
            "revenue": 1729467,
            "common_shares": 3836531,
            "book_valuer_per_share": 13.55,
            "book_valuer_per_share_4q_avg": 22.3,
            "equity": 11311357,
            "current_ratio": 197.05,
            "debt_ratio": 30.83,
            "inventory_turnover_ratio": 3.4,
            "account_receivable_turnover_ratio": 3.16,
            "reinvestment_rate": -33.1,
            "research_to_sale_ratio": 0.63,
            "price_fair": 67.83,
            "eps_avg_yearly": 2.56,
            "eps_latest_yearly": 1.56,
            "eps_growth_yearly": 16.55
        },
        "20182": {
            "year_quarter": 20182,
            "year": 2018,
            "quarter": 2,
            "eps": 0.7,
            "eps_growth_year": -14.63,
            "eps_4q": 2.3,
            "eps_4q_growth_year": -5.29,
            "roe": 2.59,
            "roe_4q": 8.87,
            "gross_profit": 578365,
            "gross_margin": 33.09,
            "gross_margin_4q_avg": 33.75,
            "net_income": 286688,
            "revenue": 1747697,
            "common_shares": 3836531,
            "book_valuer_per_share": 26.07,
            "book_valuer_per_share_4q_avg": 22.78,
            "equity": 10824187,
            "current_ratio": 185.03,
            "debt_ratio": 31.93,
            "inventory_turnover_ratio": 3.32,
            "account_receivable_turnover_ratio": 3.26,
            "reinvestment_rate": -32.35,
            "research_to_sale_ratio": 0.15,
            "price_fair": 90.13,
            "eps_avg_yearly": 2.58,
            "eps_latest_yearly": 2.8,
            "eps_growth_yearly": 39.59
        },
        "20183": {
            "year_quarter": 20183,
            "year": 2018,
            "quarter": 3,
            "eps": 0.71,
            "eps_growth_year": -1.39,
            "eps_4q": 2.28,
            "eps_4q_growth_year": -6.11,
            "roe": 2.7,
            "roe_4q": 8.63,
            "gross_profit": 582264,
            "gross_margin": 32.86,
            "gross_margin_4q_avg": 33.12,
            "net_income": 296366,
            "revenue": 1771685,
            "common_shares": 3836531,
            "book_valuer_per_share": 26.85,
            "book_valuer_per_share_4q_avg": 23.19,
            "equity": 11150640,
            "current_ratio": 202.22,
            "debt_ratio": 29.29,
            "inventory_turnover_ratio": 3.5,
            "account_receivable_turnover_ratio": 3.39,
            "reinvestment_rate": -36.85,
            "research_to_sale_ratio": 0.6,
            "price_fair": 87.68,
            "eps_avg_yearly": 2.51,
            "eps_latest_yearly": 2.84,
            "eps_growth_yearly": 25.03
        },
        "20184": {
            "year_quarter": 20184,
            "year": 2018,
            "quarter": 4,
            "eps": 0.38,
            "eps_growth_year": -19.9,
            "eps_4q": 2.19,
            "eps_4q_growth_year": -11.42,
            "roe": 1.46,
            "roe_4q": 8.19,
            "gross_profit": 552479,
            "gross_margin": 30.77,
            "gross_margin_4q_avg": 32.51,
            "net_income": 158075,
            "revenue": 1795416,
            "common_shares": 3836531,
            "book_valuer_per_share": 25.3,
            "book_valuer_per_share_4q_avg": 22.94,
            "equity": 10525801,
            "current_ratio": 198.48,
            "debt_ratio": 30.28,
            "inventory_turnover_ratio": 3.63,
            "account_receivable_turnover_ratio": 3.57,
            "reinvestment_rate": -45.23,
            "research_to_sale_ratio": 0.28,
            "price_fair": 87.5,
            "eps_avg_yearly": 2.5,
            "eps_latest_yearly": 1.52,
            "eps_growth_yearly": 28.31
        },
        "20191": {
            "year_quarter": 20191,
            "year": 2019,
            "quarter": 1,
            "eps": 0.34,
            "eps_growth_year": -12.82,
            "eps_4q": 2.14,
            "eps_4q_growth_year": -11.72,
            "roe": 1.32,
            "roe_4q": 8.07,
            "gross_profit": 571199,
            "gross_margin": 32.56,
            "gross_margin_4q_avg": 32.32,
            "net_income": 139970,
            "revenue": 1754076,
            "common_shares": 3836531,
            "book_valuer_per_share": 25.58,
            "book_valuer_per_share_4q_avg": 25.95,
            "equity": 10634809,
            "current_ratio": 198.46,
            "debt_ratio": 30.9,
            "inventory_turnover_ratio": 3.59,
            "account_receivable_turnover_ratio": 3.41,
            "reinvestment_rate": -47.86,
            "research_to_sale_ratio": 0.31,
            "price_fair": 56.43,
            "eps_avg_yearly": 2.44,
            "eps_latest_yearly": 1.36,
            "eps_growth_yearly": 13.18
        },
        "20192": {
            "year_quarter": 20192,
            "year": 2019,
            "quarter": 2,
            "eps": 0.66,
            "eps_growth_year": -5.71,
            "eps_4q": 2.1,
            "eps_4q_growth_year": -8.94,
            "roe": 2.55,
            "roe_4q": 8.030000000000001,
            "gross_profit": 563281,
            "gross_margin": 31.93,
            "gross_margin_4q_avg": 32.03,
            "net_income": 265274,
            "revenue": 1764088,
            "common_shares": 3836531,
            "book_valuer_per_share": 24.41,
            "book_valuer_per_share_4q_avg": 25.54,
            "equity": 10152167,
            "current_ratio": 169.37,
            "debt_ratio": 35.4,
            "inventory_turnover_ratio": 3.98,
            "account_receivable_turnover_ratio": 3.37,
            "reinvestment_rate": -50.3,
            "research_to_sale_ratio": 0.36,
            "price_fair": 83.56,
            "eps_avg_yearly": 2.39,
            "eps_latest_yearly": 2.64,
            "eps_growth_yearly": 26.29
        },
        "20193": {
            "year_quarter": 20193,
            "year": 2019,
            "quarter": 3,
            "eps": 0.62,
            "eps_growth_year": -12.68,
            "eps_4q": 2.01,
            "eps_4q_growth_year": -11.92,
            "roe": 2.52,
            "roe_4q": 7.8500000000000005,
            "gross_profit": 588654,
            "gross_margin": 33.36,
            "gross_margin_4q_avg": 32.16,
            "net_income": 258672,
            "revenue": 1764615,
            "common_shares": 3836531,
            "book_valuer_per_share": 25.04,
            "book_valuer_per_share_4q_avg": 25.08,
            "equity": 10412917,
            "current_ratio": 183.57,
            "debt_ratio": 33.12,
            "inventory_turnover_ratio": 3.88,
            "account_receivable_turnover_ratio": 3.31,
            "reinvestment_rate": -51.37,
            "research_to_sale_ratio": 0.04,
            "price_fair": 79.48,
            "eps_avg_yearly": 2.33,
            "eps_latest_yearly": 2.48,
            "eps_growth_yearly": 24.19
        },
        "20194": {
            "year_quarter": 20194,
            "year": 2019,
            "quarter": 4,
            "eps": 0.51,
            "eps_growth_year": 33.78,
            "eps_4q": 2.14,
            "eps_4q_growth_year": -2.22,
            "roe": 1.94,
            "roe_4q": 8.33,
            "gross_profit": 608840,
            "gross_margin": 33.9,
            "gross_margin_4q_avg": 32.94,
            "net_income": 203901,
            "revenue": 1795930,
            "common_shares": 3836531,
            "book_valuer_per_share": 25.52,
            "book_valuer_per_share_4q_avg": 25.14,
            "equity": 10611808,
            "current_ratio": 184.05,
            "debt_ratio": 34.33,
            "inventory_turnover_ratio": 4.93,
            "account_receivable_turnover_ratio": 2.93,
            "reinvestment_rate": -54.2,
            "research_to_sale_ratio": -0.03,
            "price_fair": 81.55,
            "eps_avg_yearly": 2.33,
            "eps_latest_yearly": 2.04,
            "eps_growth_yearly": 30.67
        },
        "20201": {
            "year_quarter": 20201,
            "year": 2020,
            "quarter": 1,
            "eps": 0.34,
            "eps_growth_year": 0,
            "eps_4q": 2.14,
            "eps_4q_growth_year": 0.07,
            "roe": 1.33,
            "roe_4q": 8.34,
            "gross_profit": 590193,
            "gross_margin": 33.52,
            "gross_margin_4q_avg": 33.18,
            "net_income": 138112,
            "revenue": 1760747,
            "common_shares": 3836531,
            "book_valuer_per_share": 24.33,
            "book_valuer_per_share_4q_avg": 24.83,
            "equity": 10101597,
            "current_ratio": 180.59,
            "debt_ratio": 33.78,
            "inventory_turnover_ratio": 7.37,
            "account_receivable_turnover_ratio": 2.73,
            "reinvestment_rate": -57.69,
            "research_to_sale_ratio": 0.31,
            "price_fair": 60.53,
            "eps_avg_yearly": 2.27,
            "eps_latest_yearly": 1.36,
            "eps_growth_yearly": 16.72
        },
        "20202": {
            "year_quarter": 20202,
            "year": 2020,
            "quarter": 2,
            "eps": 0.82,
            "eps_growth_year": 24.24,
            "eps_4q": 2.28,
            "eps_4q_growth_year": 8.66,
            "roe": 3.31,
            "roe_4q": 9.1,
            "gross_profit": 617142,
            "gross_margin": 34.39,
            "gross_margin_4q_avg": 33.79,
            "net_income": 333607,
            "revenue": 1794286,
            "common_shares": 3836531,
            "book_valuer_per_share": 24.11,
            "book_valuer_per_share_4q_avg": 24.75,
            "equity": 10033811,
            "current_ratio": 162.2,
            "debt_ratio": 37.93,
            "inventory_turnover_ratio": 8.12,
            "account_receivable_turnover_ratio": 3,
            "reinvestment_rate": -57.75,
            "research_to_sale_ratio": 0.11,
            "price_fair": 79.54,
            "eps_avg_yearly": 2.27,
            "eps_latest_yearly": 3.28,
            "eps_growth_yearly": 44.1
        },
        "20203": {
            "year_quarter": 20203,
            "year": 2020,
            "quarter": 3,
            "eps": 0.73,
            "eps_growth_year": 17.74,
            "eps_4q": 2.39,
            "eps_4q_growth_year": 18.96,
            "roe": 3.03,
            "roe_4q": 9.61,
            "gross_profit": 625466,
            "gross_margin": 34.03,
            "gross_margin_4q_avg": 33.96,
            "net_income": 306516,
            "revenue": 1837869,
            "common_shares": 3874896,
            "book_valuer_per_share": 24.29,
            "book_valuer_per_share_4q_avg": 24.56,
            "equity": 10204614,
            "current_ratio": 171.5,
            "debt_ratio": 35.33,
            "inventory_turnover_ratio": 8.73,
            "account_receivable_turnover_ratio": 3.11,
            "reinvestment_rate": -58.47,
            "research_to_sale_ratio": 0.13,
            "price_fair": 79.63,
            "eps_avg_yearly": 2.28,
            "eps_latest_yearly": 2.92,
            "eps_growth_yearly": 43.57
        },
        "20204": {
            "year_quarter": 20204,
            "year": 2020,
            "quarter": 4,
            "eps": 0.42,
            "eps_growth_year": -16.87,
            "eps_4q": 2.31,
            "eps_4q_growth_year": 8.01,
            "roe": 1.62,
            "roe_4q": 9.290000000000001,
            "gross_profit": 608285,
            "gross_margin": 33.75,
            "gross_margin_4q_avg": 33.92,
            "net_income": 173030,
            "revenue": 1802103,
            "common_shares": 3874896,
            "book_valuer_per_share": 26.57,
            "book_valuer_per_share_4q_avg": 24.83,
            "equity": 11148239,
            "current_ratio": 174.05,
            "debt_ratio": 34.52,
            "inventory_turnover_ratio": 7.32,
            "account_receivable_turnover_ratio": 2.99,
            "reinvestment_rate": -75.1,
            "research_to_sale_ratio": 0.07,
            "price_fair": 79.45,
            "eps_avg_yearly": 2.27,
            "eps_latest_yearly": 1.68,
            "eps_growth_yearly": 42.68
        },
        "20211": {
            "year_quarter": 20211,
            "year": 2021,
            "quarter": 1,
            "eps": 0.48,
            "eps_growth_year": 41.18,
            "eps_4q": 2.46,
            "eps_4q_growth_year": 14.77,
            "roe": 1.77,
            "roe_4q": 9.73,
            "gross_profit": 678781,
            "gross_margin": 35.14,
            "gross_margin_4q_avg": 34.33,
            "net_income": 199964,
            "revenue": 1931459,
            "common_shares": 3874896,
            "book_valuer_per_share": 27.16,
            "book_valuer_per_share_4q_avg": 25.53,
            "equity": 11393742,
            "current_ratio": 176.65,
            "debt_ratio": 33.78,
            "inventory_turnover_ratio": 5.47,
            "account_receivable_turnover_ratio": 3.16,
            "reinvestment_rate": -75.55,
            "research_to_sale_ratio": 0.14,
            "price_fair": 79.8,
            "eps_avg_yearly": 2.28,
            "eps_latest_yearly": 1.92,
            "eps_growth_yearly": 46.25
        },
        "20212": {
            "year_quarter": 20212,
            "year": 2021,
            "quarter": 2,
            "eps": 0.55,
            "eps_growth_year": -32.93,
            "eps_4q": 2.19,
            "eps_4q_growth_year": -3.85,
            "roe": 1.92,
            "roe_4q": 8.34,
            "gross_profit": 628599,
            "gross_margin": 35.33,
            "gross_margin_4q_avg": 34.56,
            "net_income": 221091,
            "revenue": 1779415,
            "common_shares": 3874896,
            "book_valuer_per_share": 27.87,
            "book_valuer_per_share_4q_avg": 26.47,
            "equity": 11636925,
            "current_ratio": 185.95,
            "debt_ratio": 31.97,
            "inventory_turnover_ratio": 4.47,
            "account_receivable_turnover_ratio": 2.8,
            "reinvestment_rate": -85.14,
            "research_to_sale_ratio": 0.14,
            "price_fair": 77.44,
            "eps_avg_yearly": 2.21,
            "eps_latest_yearly": 2.2,
            "eps_growth_yearly": 28.3
        },
        "20213": {
            "year_quarter": 20213,
            "year": 2021,
            "quarter": 3,
            "eps": 1,
            "eps_growth_year": 36.99,
            "eps_4q": 2.46,
            "eps_4q_growth_year": 2.89,
            "roe": 3.68,
            "roe_4q": 8.989999999999998,
            "gross_profit": 659602,
            "gross_margin": 34.69,
            "gross_margin_4q_avg": 34.73,
            "net_income": 420198,
            "revenue": 1901447,
            "common_shares": 3874896,
            "book_valuer_per_share": 26.57,
            "book_valuer_per_share_4q_avg": 27.04,
            "equity": 11214827,
            "current_ratio": 163.77,
            "debt_ratio": 36.01,
            "inventory_turnover_ratio": 5.22,
            "account_receivable_turnover_ratio": 2.92,
            "reinvestment_rate": -78.85,
            "research_to_sale_ratio": 0.08,
            "price_fair": 79.89,
            "eps_avg_yearly": 2.28,
            "eps_latest_yearly": 4,
            "eps_growth_yearly": 51.81
        },
        "20214": {
            "year_quarter": 20214,
            "year": 2021,
            "quarter": 4,
            "eps": 0.47,
            "eps_growth_year": 10.72,
            "eps_4q": 2.51,
            "eps_4q_growth_year": 8.46,
            "roe": 1.71,
            "roe_4q": 9.08,
            "gross_profit": 687706,
            "gross_margin": 35.19,
            "gross_margin_4q_avg": 35.09,
            "net_income": 196908,
            "revenue": 1954442,
            "common_shares": 3874896,
            "book_valuer_per_share": 27.91,
            "book_valuer_per_share_4q_avg": 27.38,
            "equity": 11772634,
            "current_ratio": 175.19,
            "debt_ratio": 34.26,
            "inventory_turnover_ratio": 6.06,
            "account_receivable_turnover_ratio": 2.83,
            "reinvestment_rate": -85.58,
            "research_to_sale_ratio": 0.32,
            "price_fair": 79.8,
            "eps_avg_yearly": 2.28,
            "eps_latest_yearly": 1.88,
            "eps_growth_yearly": 46.89
        },
        "20221": {
            "year_quarter": 20221,
            "year": 2022,
            "quarter": 1,
            "eps": 0.52,
            "eps_growth_year": 8.33,
            "eps_4q": 2.55,
            "eps_4q_growth_year": 3.63,
            "roe": 1.76,
            "roe_4q": 9.07,
            "gross_profit": 677334,
            "gross_margin": 35.93,
            "gross_margin_4q_avg": 35.29,
            "net_income": 210842,
            "revenue": 1884992,
            "common_shares": 3874896,
            "book_valuer_per_share": 28.77,
            "book_valuer_per_share_4q_avg": 27.78,
            "equity": 12125509,
            "current_ratio": 178.72,
            "debt_ratio": 33.53,
            "inventory_turnover_ratio": 5.7,
            "account_receivable_turnover_ratio": 2.76,
            "reinvestment_rate": 0.01,
            "research_to_sale_ratio": 0.14,
            "price_fair": 80.94,
            "eps_avg_yearly": 2.31,
            "eps_latest_yearly": 2.08,
            "eps_growth_yearly": 54.24
        },
        "20222": {
            "year_quarter": 20222,
            "year": 2022,
            "quarter": 2,
            "eps": 1.01,
            "eps_growth_year": 83.64,
            "eps_4q": 3.01,
            "eps_4q_growth_year": 37.46,
            "roe": 3.54,
            "roe_4q": 10.69,
            "gross_profit": 691845,
            "gross_margin": 36.28,
            "gross_margin_4q_avg": 35.52,
            "net_income": 413549,
            "revenue": 1907058,
            "common_shares": 3874896,
            "book_valuer_per_share": 26.88,
            "book_valuer_per_share_4q_avg": 27.53,
            "equity": 11263897,
            "current_ratio": 150.74,
            "debt_ratio": 39.22,
            "inventory_turnover_ratio": 4.88,
            "account_receivable_turnover_ratio": 2.73,
            "reinvestment_rate": -0.69,
            "research_to_sale_ratio": 0.09,
            "price_fair": 83.65,
            "eps_avg_yearly": 2.39,
            "eps_latest_yearly": 4.04,
            "eps_growth_yearly": 57.92
        },
        "20223": {
            "year_quarter": 20223,
            "year": 2022,
            "quarter": 3,
            "eps": 0.55,
            "eps_growth_year": -45,
            "eps_4q": 2.56,
            "eps_4q_growth_year": 3.98,
            "roe": 2.03,
            "roe_4q": 9.04,
            "gross_profit": 682512,
            "gross_margin": 35.52,
            "gross_margin_4q_avg": 35.73,
            "net_income": 228601,
            "revenue": 1921424,
            "common_shares": 3874896,
            "book_valuer_per_share": 26.8,
            "book_valuer_per_share_4q_avg": 27.59,
            "equity": 11246023,
            "current_ratio": 158.98,
            "debt_ratio": 36.49,
            "inventory_turnover_ratio": 4.77,
            "account_receivable_turnover_ratio": 2.62,
            "reinvestment_rate": 2.3,
            "research_to_sale_ratio": 0.25,
            "price_fair": 82.25,
            "eps_avg_yearly": 2.35,
            "eps_latest_yearly": 2.2,
            "eps_growth_yearly": 46.18
        },
        "20224": {
            "year_quarter": 20224,
            "year": 2022,
            "quarter": 4,
            "eps": 0.42,
            "eps_growth_year": -10.07,
            "eps_4q": 2.51,
            "eps_4q_growth_year": 0.21,
            "roe": 1.61,
            "roe_4q": 8.94,
            "gross_profit": 686757,
            "gross_margin": 35.42,
            "gross_margin_4q_avg": 35.79,
            "net_income": 183381,
            "revenue": 1939163,
            "common_shares": 3874896,
            "book_valuer_per_share": 27.3,
            "book_valuer_per_share_4q_avg": 27.44,
            "equity": 11471109,
            "current_ratio": 163.92,
            "debt_ratio": 35.05,
            "inventory_turnover_ratio": 4.98,
            "account_receivable_turnover_ratio": 2.73,
            "reinvestment_rate": 6.92,
            "research_to_sale_ratio": 2.13,
            "price_fair": 82.6,
            "eps_avg_yearly": 2.36,
            "eps_latest_yearly": 1.68,
            "eps_growth_yearly": 51.89
        },
        "20231": {
            "year_quarter": 20231,
            "year": 2023,
            "quarter": 1,
            "eps": 0.5,
            "eps_growth_year": -3.85,
            "eps_4q": 2.49,
            "eps_4q_growth_year": -2.02,
            "roe": 1.78,
            "roe_4q": 8.96,
            "gross_profit": 692909,
            "gross_margin": 36.65,
            "gross_margin_4q_avg": 35.97,
            "net_income": 207269,
            "revenue": 1890536,
            "common_shares": 3874896,
            "book_valuer_per_share": 27.98,
            "book_valuer_per_share_4q_avg": 27.24,
            "equity": 11751683,
            "current_ratio": 171.18,
            "debt_ratio": 33.29,
            "inventory_turnover_ratio": 5.1,
            "account_receivable_turnover_ratio": 2.84,
            "reinvestment_rate": 8.62,
            "research_to_sale_ratio": 0.7,
            "price_fair": 84,
            "eps_avg_yearly": 2.4,
            "eps_latest_yearly": 2,
            "eps_growth_yearly": 59.28
        }
    },
    "months": {
        "2001-06": {
            "month": "2001-06",
            "price": "22.80",
            "revenue": 233951
        },
        "2001-07": {
            "month": "2001-07",
            "price": "20.02",
            "revenue": 207097
        },
        "2001-08": {
            "month": "2001-08",
            "price": "21.31",
            "revenue": 206074
        },
        "2001-09": {
            "month": "2001-09",
            "price": "19.18",
            "revenue": 207165
        },
        "2001-10": {
            "month": "2001-10",
            "price": "20.53",
            "revenue": 205757
        },
        "2001-11": {
            "month": "2001-11",
            "price": "21.77",
            "revenue": 202224
        },
        "2001-12": {
            "month": "2001-12",
            "price": "21.79",
            "revenue": 213767
        },
        "2002-01": {
            "month": "2002-01",
            "price": "22.25",
            "revenue": 203828
        },
        "2002-02": {
            "month": "2002-02",
            "price": "21.48",
            "revenue": 198257
        },
        "2002-03": {
            "month": "2002-03",
            "price": "21.34",
            "revenue": 207408
        },
        "2002-04": {
            "month": "2002-04",
            "price": "21.90",
            "revenue": 209950
        },
        "2002-05": {
            "month": "2002-05",
            "price": "20.70",
            "revenue": 205266
        },
        "2002-06": {
            "month": "2002-06",
            "price": "20.04",
            "revenue": 209354
        },
        "2002-07": {
            "month": "2002-07",
            "price": "16.27",
            "revenue": 217109
        },
        "2002-08": {
            "month": "2002-08",
            "price": "14.78",
            "revenue": 213720
        },
        "2002-09": {
            "month": "2002-09",
            "price": "13.66",
            "revenue": 222473
        },
        "2002-10": {
            "month": "2002-10",
            "price": "13.27",
            "revenue": 213066
        },
        "2002-11": {
            "month": "2002-11",
            "price": "13.83",
            "revenue": 219603
        },
        "2002-12": {
            "month": "2002-12",
            "price": "13.92",
            "revenue": 227685
        },
        "2003-01": {
            "month": "2003-01",
            "price": "14.94",
            "revenue": 212525
        },
        "2003-02": {
            "month": "2003-02",
            "price": "14.72",
            "revenue": 210413
        },
        "2003-03": {
            "month": "2003-03",
            "price": "14.78",
            "revenue": 223517
        },
        "2003-04": {
            "month": "2003-04",
            "price": "15.50",
            "revenue": 219121
        },
        "2003-05": {
            "month": "2003-05",
            "price": "15.75",
            "revenue": 217401
        },
        "2003-06": {
            "month": "2003-06",
            "price": "16.16",
            "revenue": 220537
        },
        "2003-07": {
            "month": "2003-07",
            "price": "15.67",
            "revenue": 218481
        },
        "2003-08": {
            "month": "2003-08",
            "price": "15.05",
            "revenue": 216269
        },
        "2003-09": {
            "month": "2003-09",
            "price": "14.27",
            "revenue": 220718
        },
        "2003-10": {
            "month": "2003-10",
            "price": "14.77",
            "revenue": 223743
        },
        "2003-11": {
            "month": "2003-11",
            "price": "16.20",
            "revenue": 219578
        },
        "2003-12": {
            "month": "2003-12",
            "price": "15.56",
            "revenue": 230028
        },
        "2004-01": {
            "month": "2004-01",
            "price": "16.36",
            "revenue": 219436
        },
        "2004-02": {
            "month": "2004-02",
            "price": "17.92",
            "revenue": 221661
        },
        "2004-03": {
            "month": "2004-03",
            "price": "18.86",
            "revenue": 223620
        },
        "2004-04": {
            "month": "2004-04",
            "price": "18.73",
            "revenue": 234576
        },
        "2004-05": {
            "month": "2004-05",
            "price": "16.67",
            "revenue": 241885
        },
        "2004-06": {
            "month": "2004-06",
            "price": "16.47",
            "revenue": 236146
        },
        "2004-07": {
            "month": "2004-07",
            "price": "15.75",
            "revenue": 230939
        },
        "2004-08": {
            "month": "2004-08",
            "price": "15.25",
            "revenue": 242160
        },
        "2004-09": {
            "month": "2004-09",
            "price": "16.48",
            "revenue": 234664
        },
        "2004-10": {
            "month": "2004-10",
            "price": "16.34",
            "revenue": 238513
        },
        "2004-11": {
            "month": "2004-11",
            "price": "16.38",
            "revenue": 247490
        },
        "2004-12": {
            "month": "2004-12",
            "price": "16.57",
            "revenue": 256914
        },
        "2005-01": {
            "month": "2005-01",
            "price": "17.63",
            "revenue": 258587
        },
        "2005-02": {
            "month": "2005-02",
            "price": "18.59",
            "revenue": 260826
        },
        "2005-03": {
            "month": "2005-03",
            "price": "19.51",
            "revenue": 261965
        },
        "2005-04": {
            "month": "2005-04",
            "price": "18.55",
            "revenue": 309949
        },
        "2005-05": {
            "month": "2005-05",
            "price": "18.24",
            "revenue": 286205
        },
        "2005-06": {
            "month": "2005-06",
            "price": "18.92",
            "revenue": 300386
        },
        "2005-07": {
            "month": "2005-07",
            "price": "18.89",
            "revenue": 266875
        },
        "2005-08": {
            "month": "2005-08",
            "price": "18.35",
            "revenue": 265467
        },
        "2005-09": {
            "month": "2005-09",
            "price": "19.98",
            "revenue": 282058
        },
        "2005-10": {
            "month": "2005-10",
            "price": "22.07",
            "revenue": 278498
        },
        "2005-11": {
            "month": "2005-11",
            "price": "21.78",
            "revenue": 290069
        },
        "2005-12": {
            "month": "2005-12",
            "price": "21.60",
            "revenue": 277441
        },
        "2006-01": {
            "month": "2006-01",
            "price": "22.97",
            "revenue": 291513
        },
        "2006-02": {
            "month": "2006-02",
            "price": "23.76",
            "revenue": 279816
        },
        "2006-03": {
            "month": "2006-03",
            "price": "24.32",
            "revenue": 293123
        },
        "2006-04": {
            "month": "2006-04",
            "price": "24.32",
            "revenue": 305318
        },
        "2006-05": {
            "month": "2006-05",
            "price": "27.94",
            "revenue": 275224
        },
        "2006-06": {
            "month": "2006-06",
            "price": "27.66",
            "revenue": 274239
        },
        "2006-07": {
            "month": "2006-07",
            "price": "28.98",
            "revenue": 282265
        },
        "2006-08": {
            "month": "2006-08",
            "price": "28.40",
            "revenue": 274630
        },
        "2006-09": {
            "month": "2006-09",
            "price": "28.22",
            "revenue": 284139
        },
        "2006-10": {
            "month": "2006-10",
            "price": "28.18",
            "revenue": 276005
        },
        "2006-11": {
            "month": "2006-11",
            "price": "28.61",
            "revenue": 274779
        },
        "2006-12": {
            "month": "2006-12",
            "price": "29.62",
            "revenue": 276992
        },
        "2007-01": {
            "month": "2007-01",
            "price": "29.91",
            "revenue": 284477
        },
        "2007-02": {
            "month": "2007-02",
            "price": "29.77",
            "revenue": 274939
        },
        "2007-03": {
            "month": "2007-03",
            "price": "31.57",
            "revenue": 278199
        },
        "2007-04": {
            "month": "2007-04",
            "price": "31.47",
            "revenue": 279020
        },
        "2007-05": {
            "month": "2007-05",
            "price": "31.54",
            "revenue": 284186
        },
        "2007-06": {
            "month": "2007-06",
            "price": "30.32",
            "revenue": 283911
        },
        "2007-07": {
            "month": "2007-07",
            "price": "31.32",
            "revenue": 281409
        },
        "2007-08": {
            "month": "2007-08",
            "price": "30.97",
            "revenue": 284635
        },
        "2007-09": {
            "month": "2007-09",
            "price": "34.08",
            "revenue": 284875
        },
        "2007-10": {
            "month": "2007-10",
            "price": "32.22",
            "revenue": 282212
        },
        "2007-11": {
            "month": "2007-11",
            "price": "31.77",
            "revenue": 278837
        },
        "2007-12": {
            "month": "2007-12",
            "price": "29.89",
            "revenue": 275873
        },
        "2008-01": {
            "month": "2008-01",
            "price": "28.60",
            "revenue": 286544
        },
        "2008-02": {
            "month": "2008-02",
            "price": "28.05",
            "revenue": 283441
        },
        "2008-03": {
            "month": "2008-03",
            "price": "28.09",
            "revenue": 278065
        },
        "2008-04": {
            "month": "2008-04",
            "price": "29.00",
            "revenue": 280117
        },
        "2008-05": {
            "month": "2008-05",
            "price": "31.31",
            "revenue": 294964
        },
        "2008-06": {
            "month": "2008-06",
            "price": "30.66",
            "revenue": 288936
        },
        "2008-07": {
            "month": "2008-07",
            "price": "28.85",
            "revenue": 304386
        },
        "2008-08": {
            "month": "2008-08",
            "price": "26.28",
            "revenue": 290107
        },
        "2008-09": {
            "month": "2008-09",
            "price": "20.39",
            "revenue": 286623
        },
        "2008-10": {
            "month": "2008-10",
            "price": "15.71",
            "revenue": 279316
        },
        "2008-11": {
            "month": "2008-11",
            "price": "13.55",
            "revenue": 280337
        },
        "2008-12": {
            "month": "2008-12",
            "price": "14.10",
            "revenue": 284481
        },
        "2009-01": {
            "month": "2009-01",
            "price": "14.84",
            "revenue": 279812
        },
        "2009-02": {
            "month": "2009-02",
            "price": "14.08",
            "revenue": 278296
        },
        "2009-03": {
            "month": "2009-03",
            "price": "14.16",
            "revenue": 278244
        },
        "2009-04": {
            "month": "2009-04",
            "price": "16.04",
            "revenue": 277690
        },
        "2009-05": {
            "month": "2009-05",
            "price": "18.27",
            "revenue": 278621
        },
        "2009-06": {
            "month": "2009-06",
            "price": "18.45",
            "revenue": 278519
        },
        "2009-07": {
            "month": "2009-07",
            "price": "19.37",
            "revenue": 282330
        },
        "2009-08": {
            "month": "2009-08",
            "price": "18.58",
            "revenue": 279283
        },
        "2009-09": {
            "month": "2009-09",
            "price": "20.45",
            "revenue": 281368
        },
        "2009-10": {
            "month": "2009-10",
            "price": "21.37",
            "revenue": 277079
        },
        "2009-11": {
            "month": "2009-11",
            "price": "21.43",
            "revenue": 279065
        },
        "2009-12": {
            "month": "2009-12",
            "price": "21.61",
            "revenue": 286436
        },
        "2010-01": {
            "month": "2010-01",
            "price": "22.68",
            "revenue": 282623
        },
        "2010-02": {
            "month": "2010-02",
            "price": "21.98",
            "revenue": 277734
        },
        "2010-03": {
            "month": "2010-03",
            "price": "22.62",
            "revenue": 276970
        },
        "2010-04": {
            "month": "2010-04",
            "price": "23.80",
            "revenue": 283849
        },
        "2010-05": {
            "month": "2010-05",
            "price": "22.86",
            "revenue": 297053
        },
        "2010-06": {
            "month": "2010-06",
            "price": "23.03",
            "revenue": 299276
        },
        "2010-07": {
            "month": "2010-07",
            "price": "23.40",
            "revenue": 307390
        },
        "2010-08": {
            "month": "2010-08",
            "price": "22.56",
            "revenue": 296159
        },
        "2010-09": {
            "month": "2010-09",
            "price": "22.25",
            "revenue": 305131
        },
        "2010-10": {
            "month": "2010-10",
            "price": "22.97",
            "revenue": 300867
        },
        "2010-11": {
            "month": "2010-11",
            "price": "23.63",
            "revenue": 312321
        },
        "2010-12": {
            "month": "2010-12",
            "price": "24.04",
            "revenue": 314765
        },
        "2011-01": {
            "month": "2011-01",
            "price": "24.39",
            "revenue": 308263
        },
        "2011-02": {
            "month": "2011-02",
            "price": "23.85",
            "revenue": 304005
        },
        "2011-03": {
            "month": "2011-03",
            "price": "23.47",
            "revenue": 301657
        },
        "2011-04": {
            "month": "2011-04",
            "price": "24.27",
            "revenue": 313000
        },
        "2011-05": {
            "month": "2011-05",
            "price": "25.29",
            "revenue": 307735
        },
        "2011-06": {
            "month": "2011-06",
            "price": "26.52",
            "revenue": 310415
        },
        "2011-07": {
            "month": "2011-07",
            "price": "26.99",
            "revenue": 309155
        },
        "2011-08": {
            "month": "2011-08",
            "price": "25.18",
            "revenue": 312112
        },
        "2011-09": {
            "month": "2011-09",
            "price": "24.83",
            "revenue": 308526
        },
        "2011-10": {
            "month": "2011-10",
            "price": "25.54",
            "revenue": 309847
        },
        "2011-11": {
            "month": "2011-11",
            "price": "26.05",
            "revenue": 310162
        },
        "2011-12": {
            "month": "2011-12",
            "price": "26.70",
            "revenue": 309445
        },
        "2012-01": {
            "month": "2012-01",
            "price": "26.70",
            "revenue": 326223
        },
        "2012-02": {
            "month": "2012-02",
            "price": "27.26",
            "revenue": 320893
        },
        "2012-03": {
            "month": "2012-03",
            "price": "27.91",
            "revenue": 326157
        },
        "2012-04": {
            "month": "2012-04",
            "price": "28.32",
            "revenue": 318701
        },
        "2012-05": {
            "month": "2012-05",
            "price": "29.67",
            "revenue": 317366
        },
        "2012-06": {
            "month": "2012-06",
            "price": "29.46",
            "revenue": 328991
        },
        "2012-07": {
            "month": "2012-07",
            "price": "30.69",
            "revenue": 324118
        },
        "2012-08": {
            "month": "2012-08",
            "price": "31.05",
            "revenue": 321566
        },
        "2012-09": {
            "month": "2012-09",
            "price": "32.84",
            "revenue": 334973
        },
        "2012-10": {
            "month": "2012-10",
            "price": "34.45",
            "revenue": 320653
        },
        "2012-11": {
            "month": "2012-11",
            "price": "33.74",
            "revenue": 318593
        },
        "2012-12": {
            "month": "2012-12",
            "price": "34.58",
            "revenue": 315347
        },
        "2013-01": {
            "month": "2013-01",
            "price": "35.10",
            "revenue": 588330
        },
        "2013-02": {
            "month": "2013-02",
            "price": "35.97",
            "revenue": 586142
        },
        "2013-03": {
            "month": "2013-03",
            "price": "35.77",
            "revenue": 599010
        },
        "2013-04": {
            "month": "2013-04",
            "price": "36.19",
            "revenue": 631044
        },
        "2013-05": {
            "month": "2013-05",
            "price": "37.32",
            "revenue": 615045
        },
        "2013-06": {
            "month": "2013-06",
            "price": "36.31",
            "revenue": 738425
        },
        "2013-07": {
            "month": "2013-07",
            "price": "36.62",
            "revenue": 565776
        },
        "2013-08": {
            "month": "2013-08",
            "price": "35.97",
            "revenue": 623251
        },
        "2013-09": {
            "month": "2013-09",
            "price": "36.15",
            "revenue": 632100
        },
        "2013-10": {
            "month": "2013-10",
            "price": "36.62",
            "revenue": 793422
        },
        "2013-11": {
            "month": "2013-11",
            "price": "36.80",
            "revenue": 557507
        },
        "2013-12": {
            "month": "2013-12",
            "price": "37.52",
            "revenue": 590362
        },
        "2014-01": {
            "month": "2014-01",
            "price": "39.05",
            "revenue": 571878
        },
        "2014-02": {
            "month": "2014-02",
            "price": "41.07",
            "revenue": 569166
        },
        "2014-03": {
            "month": "2014-03",
            "price": "41.86",
            "revenue": 575121
        },
        "2014-04": {
            "month": "2014-04",
            "price": "41.66",
            "revenue": 576635
        },
        "2014-05": {
            "month": "2014-05",
            "price": "40.94",
            "revenue": 579750
        },
        "2014-06": {
            "month": "2014-06",
            "price": "40.86",
            "revenue": 567899
        },
        "2014-07": {
            "month": "2014-07",
            "price": "41.18",
            "revenue": 581930
        },
        "2014-08": {
            "month": "2014-08",
            "price": "41.00",
            "revenue": 565526
        },
        "2014-09": {
            "month": "2014-09",
            "price": "40.62",
            "revenue": 580621
        },
        "2014-10": {
            "month": "2014-10",
            "price": "38.81",
            "revenue": 572133
        },
        "2014-11": {
            "month": "2014-11",
            "price": "38.02",
            "revenue": 558065
        },
        "2014-12": {
            "month": "2014-12",
            "price": "38.67",
            "revenue": 551034
        },
        "2015-01": {
            "month": "2015-01",
            "price": "38.58",
            "revenue": 563489
        },
        "2015-02": {
            "month": "2015-02",
            "price": "38.90",
            "revenue": 553163
        },
        "2015-03": {
            "month": "2015-03",
            "price": "40.58",
            "revenue": 595057
        },
        "2015-04": {
            "month": "2015-04",
            "price": "40.44",
            "revenue": 591359
        },
        "2015-05": {
            "month": "2015-05",
            "price": "40.92",
            "revenue": 583354
        },
        "2015-06": {
            "month": "2015-06",
            "price": "40.20",
            "revenue": 583203
        },
        "2015-07": {
            "month": "2015-07",
            "price": "39.21",
            "revenue": 608946
        },
        "2015-08": {
            "month": "2015-08",
            "price": "36.37",
            "revenue": 593319
        },
        "2015-09": {
            "month": "2015-09",
            "price": "37.08",
            "revenue": 577442
        },
        "2015-10": {
            "month": "2015-10",
            "price": "38.34",
            "revenue": 590069
        },
        "2015-11": {
            "month": "2015-11",
            "price": "39.10",
            "revenue": 589930
        },
        "2015-12": {
            "month": "2015-12",
            "price": "38.71",
            "revenue": 606101
        },
        "2016-01": {
            "month": "2016-01",
            "price": "38.28",
            "revenue": 600204
        },
        "2016-02": {
            "month": "2016-02",
            "price": "38.54",
            "revenue": 581177
        },
        "2016-03": {
            "month": "2016-03",
            "price": "39.58",
            "revenue": 599977
        },
        "2016-04": {
            "month": "2016-04",
            "price": "39.98",
            "revenue": 596444
        },
        "2016-05": {
            "month": "2016-05",
            "price": "39.98",
            "revenue": 607994
        },
        "2016-06": {
            "month": "2016-06",
            "price": "40.17",
            "revenue": 596231
        },
        "2016-07": {
            "month": "2016-07",
            "price": "41.47",
            "revenue": 601705
        },
        "2016-08": {
            "month": "2016-08",
            "price": "40.48",
            "revenue": 582723
        },
        "2016-09": {
            "month": "2016-09",
            "price": "40.21",
            "revenue": 596378
        },
        "2016-10": {
            "month": "2016-10",
            "price": "40.10",
            "revenue": 610331
        },
        "2016-11": {
            "month": "2016-11",
            "price": "39.90",
            "revenue": 605038
        },
        "2016-12": {
            "month": "2016-12",
            "price": "39.85",
            "revenue": 623166
        },
        "2017-01": {
            "month": "2017-01",
            "price": "39.64",
            "revenue": 581640
        },
        "2017-02": {
            "month": "2017-02",
            "price": "39.86",
            "revenue": 578239
        },
        "2017-03": {
            "month": "2017-03",
            "price": "40.13",
            "revenue": 601480
        },
        "2017-04": {
            "month": "2017-04",
            "price": "39.99",
            "revenue": 588386
        },
        "2017-05": {
            "month": "2017-05",
            "price": "39.69",
            "revenue": 583527
        },
        "2017-06": {
            "month": "2017-06",
            "price": "39.49",
            "revenue": 610033
        },
        "2017-07": {
            "month": "2017-07",
            "price": "39.38",
            "revenue": 590532
        },
        "2017-08": {
            "month": "2017-08",
            "price": "38.52",
            "revenue": 590402
        },
        "2017-09": {
            "month": "2017-09",
            "price": "38.89",
            "revenue": 584628
        },
        "2017-10": {
            "month": "2017-10",
            "price": "38.83",
            "revenue": 592268
        },
        "2017-11": {
            "month": "2017-11",
            "price": "38.50",
            "revenue": 587989
        },
        "2017-12": {
            "month": "2017-12",
            "price": "38.46",
            "revenue": 608282
        },
        "2018-01": {
            "month": "2018-01",
            "price": "38.84",
            "revenue": 580925
        },
        "2018-02": {
            "month": "2018-02",
            "price": "38.30",
            "revenue": 565618
        },
        "2018-03": {
            "month": "2018-03",
            "price": "38.48",
            "revenue": 581813
        },
        "2018-04": {
            "month": "2018-04",
            "price": "38.79",
            "revenue": 566588
        },
        "2018-05": {
            "month": "2018-05",
            "price": "38.54",
            "revenue": 576445
        },
        "2018-06": {
            "month": "2018-06",
            "price": "38.12",
            "revenue": 597126
        },
        "2018-07": {
            "month": "2018-07",
            "price": "37.77",
            "revenue": 584792
        },
        "2018-08": {
            "month": "2018-08",
            "price": "36.83",
            "revenue": 593755
        },
        "2018-09": {
            "month": "2018-09",
            "price": "35.69",
            "revenue": 601904
        },
        "2018-10": {
            "month": "2018-10",
            "price": "34.43",
            "revenue": 586358
        },
        "2018-11": {
            "month": "2018-11",
            "price": "34.41",
            "revenue": 619766
        },
        "2018-12": {
            "month": "2018-12",
            "price": "36.06",
            "revenue": 591205
        },
        "2019-01": {
            "month": "2019-01",
            "price": "37.65",
            "revenue": 586353
        },
        "2019-02": {
            "month": "2019-02",
            "price": "38.16",
            "revenue": 584586
        },
        "2019-03": {
            "month": "2019-03",
            "price": "37.86",
            "revenue": 584218
        },
        "2019-04": {
            "month": "2019-04",
            "price": "38.20",
            "revenue": 586064
        },
        "2019-05": {
            "month": "2019-05",
            "price": "38.05",
            "revenue": 579757
        },
        "2019-06": {
            "month": "2019-06",
            "price": "38.08",
            "revenue": 601115
        },
        "2019-07": {
            "month": "2019-07",
            "price": "38.28",
            "revenue": 591236
        },
        "2019-08": {
            "month": "2019-08",
            "price": "37.12",
            "revenue": 582596
        },
        "2019-09": {
            "month": "2019-09",
            "price": "37.75",
            "revenue": 588256
        },
        "2019-10": {
            "month": "2019-10",
            "price": "37.50",
            "revenue": 596825
        },
        "2019-11": {
            "month": "2019-11",
            "price": "37.40",
            "revenue": 598378
        },
        "2019-12": {
            "month": "2019-12",
            "price": "37.35",
            "revenue": 600604
        },
        "2020-01": {
            "month": "2020-01",
            "price": "37.34",
            "revenue": 581216
        },
        "2020-02": {
            "month": "2020-02",
            "price": "37.17",
            "revenue": 588708
        },
        "2020-03": {
            "month": "2020-03",
            "price": "34.82",
            "revenue": 590157
        },
        "2020-04": {
            "month": "2020-04",
            "price": "35.50",
            "revenue": 593297
        },
        "2020-05": {
            "month": "2020-05",
            "price": "36.08",
            "revenue": 603437
        },
        "2020-06": {
            "month": "2020-06",
            "price": "36.89",
            "revenue": 596732
        },
        "2020-07": {
            "month": "2020-07",
            "price": "37.54",
            "revenue": 615894
        },
        "2020-08": {
            "month": "2020-08",
            "price": "36.11",
            "revenue": 616447
        },
        "2020-09": {
            "month": "2020-09",
            "price": "36.38",
            "revenue": 607014
        },
        "2020-10": {
            "month": "2020-10",
            "price": "36.62",
            "revenue": 588558
        },
        "2020-11": {
            "month": "2020-11",
            "price": "36.92",
            "revenue": 603439
        },
        "2020-12": {
            "month": "2020-12",
            "price": "37.12",
            "revenue": 610106
        },
        "2021-01": {
            "month": "2021-01",
            "price": "37.06",
            "revenue": 643388
        },
        "2021-02": {
            "month": "2021-02",
            "price": "37.08",
            "revenue": 608408
        },
        "2021-03": {
            "month": "2021-03",
            "price": "37.82",
            "revenue": 679709
        },
        "2021-04": {
            "month": "2021-04",
            "price": "38.37",
            "revenue": 602931
        },
        "2021-05": {
            "month": "2021-05",
            "price": "38.21",
            "revenue": 586994
        },
        "2021-06": {
            "month": "2021-06",
            "price": "38.71",
            "revenue": 589600
        },
        "2021-07": {
            "month": "2021-07",
            "price": "39.17",
            "revenue": 613750
        },
        "2021-08": {
            "month": "2021-08",
            "price": "38.89",
            "revenue": 617484
        },
        "2021-09": {
            "month": "2021-09",
            "price": "38.08",
            "revenue": 670397
        },
        "2021-10": {
            "month": "2021-10",
            "price": "38.23",
            "revenue": 638472
        },
        "2021-11": {
            "month": "2021-11",
            "price": "38.94",
            "revenue": 648925
        },
        "2021-12": {
            "month": "2021-12",
            "price": "39.28",
            "revenue": 652876
        },
        "2022-01": {
            "month": "2022-01",
            "price": "39.24",
            "revenue": 620036
        },
        "2022-02": {
            "month": "2022-02",
            "price": "39.47",
            "revenue": 624777
        },
        "2022-03": {
            "month": "2022-03",
            "price": "39.56",
            "revenue": 640058
        },
        "2022-04": {
            "month": "2022-04",
            "price": "40.00",
            "revenue": 629106
        },
        "2022-05": {
            "month": "2022-05",
            "price": "39.31",
            "revenue": 642844
        },
        "2022-06": {
            "month": "2022-06",
            "price": "39.69",
            "revenue": 635098
        },
        "2022-07": {
            "month": "2022-07",
            "price": "39.74",
            "revenue": 631362
        },
        "2022-08": {
            "month": "2022-08",
            "price": "39.52",
            "revenue": 639183
        },
        "2022-09": {
            "month": "2022-09",
            "price": "39.64",
            "revenue": 651019
        },
        "2022-10": {
            "month": "2022-10",
            "price": "38.68",
            "revenue": 650626
        },
        "2022-11": {
            "month": "2022-11",
            "price": "38.92",
            "revenue": 649944
        },
        "2022-12": {
            "month": "2022-12",
            "price": "39.16",
            "revenue": 638582
        },
        "2023-01": {
            "month": "2023-01",
            "price": "39.48",
            "revenue": 616048
        },
        "2023-02": {
            "month": "2023-02",
            "price": "40.26",
            "revenue": 645158
        },
        "2023-03": {
            "month": "2023-03",
            "price": "40.63",
            "revenue": 629297
        },
        "2023-04": {
            "month": "2023-04",
            "price": "40.89",
            "revenue": 628773
        },
        "2023-05": {
            "month": "2023-05",
            "price": "41.71",
            "revenue": 622825
        }
    }
}
