{
    "summary": {
        "stock_name": "新海",
        "stock_id": "9926",
        "category": "油電燃氣",
        "main_business": "天然氣之供應、燃氣導管安裝工程，相關器材之製造及供應。<br>度量衡器批發及零售，進口及買賣業務。廚房器具批發及零售業。<br>第一類電信事業。燃氣熱水器承裝業。",
        "website_url": "https://www.shinhaigas.com.tw/",
        "ceo": "李振隆",
        "pe_ratio": 21,
        "report_year_from": 2001,
        "report_year_to": 2023,
        "age": 22,
        "eps_negative_percentage": 3,
        "eps_growth_avg": {
            "last_all": 5.63,
            "last_2y": 7.5,
            "last_4y": 4.83,
            "last_8y": 7.46,
            "last_12y": 2.82,
            "last_16y": 6.74,
            "last_20y": 5.63,
            "at_2006_last_3y": 12.48,
            "at_2007_last_3y": 20.05,
            "at_2008_last_3y": 17.98,
            "at_2009_last_3y": 19.46,
            "at_2010_last_3y": 21.36,
            "at_2011_last_3y": 4.12,
            "at_2012_last_3y": 0.05,
            "at_2013_last_3y": -7.6,
            "at_2014_last_3y": -6.41,
            "at_2015_last_3y": 1.61,
            "at_2016_last_3y": -1.41,
            "at_2017_last_3y": 10.74,
            "at_2018_last_3y": 3.52,
            "at_2019_last_3y": 2.57,
            "at_2020_last_3y": 8.25,
            "at_2021_last_3y": 5.94,
            "at_2022_last_3y": 8.51,
            "at_2023_last_3y": 8.51,
            "at_2006_last_all": 2.05,
            "at_2007_last_all": 10.41,
            "at_2008_last_all": 11.91,
            "at_2009_last_all": 10.18,
            "at_2010_last_all": 10.63,
            "at_2011_last_all": 7.89,
            "at_2012_last_all": 7.6,
            "at_2013_last_all": 4.26,
            "at_2014_last_all": 5.39,
            "at_2015_last_all": 6.1,
            "at_2016_last_all": 5.2,
            "at_2017_last_all": 5.88,
            "at_2018_last_all": 4.95,
            "at_2019_last_all": 5.31,
            "at_2020_last_all": 5.84,
            "at_2021_last_all": 5.89,
            "at_2022_last_all": 5.63,
            "at_2023_last_all": 5.63
        },
        "latest_eps": 2.55,
        "latest_price": 52.9,
        "latest_roe": 12.3,
        "latest_gross_margin": 28.89,
        "latest_equity": 3715722,
        "latest_revenue": 657882,
        "latest_gross_profit": 190038,
        "latest_net_income": 129135,
        "latest_debt_ratio": 53.13,
        "latest_current_ratio": 155.82,
        "latest_account_receivable_turnover_ratio": 2.42,
        "latest_inventory_turnover_ratio": 2.3,
        "latest_reinvestment_rate": 23.82,
        "latest_research_to_sale_ratio": null
    },
    "eps_dividends": {
        "1995": {
            "cash": 0,
            "stock": 2,
            "eps": 0
        },
        "1996": {
            "cash": 0,
            "stock": 2,
            "eps": 0
        },
        "1997": {
            "cash": 0,
            "stock": 2,
            "eps": 0
        },
        "1998": {
            "cash": 0,
            "stock": 2,
            "eps": 0
        },
        "1999": {
            "cash": 0,
            "stock": 2,
            "eps": 0
        },
        "2000": {
            "cash": 0,
            "stock": 1,
            "eps": 0
        },
        "2001": {
            "cash": 0,
            "stock": 1,
            "eps": 1.21
        },
        "2002": {
            "cash": 1,
            "stock": 1,
            "eps": 0.73
        },
        "2003": {
            "cash": 1,
            "stock": 0,
            "eps": 0.89
        },
        "2004": {
            "cash": 1,
            "stock": 0,
            "eps": 1.15
        },
        "2005": {
            "cash": 1,
            "stock": 0,
            "eps": 1.06
        },
        "2006": {
            "cash": 1,
            "stock": 0,
            "eps": 1.13
        },
        "2007": {
            "cash": 1,
            "stock": 0,
            "eps": 1.72
        },
        "2008": {
            "cash": 1,
            "stock": 0,
            "eps": 2.08
        },
        "2009": {
            "cash": 1,
            "stock": 0,
            "eps": 2.04
        },
        "2010": {
            "cash": 1,
            "stock": 1,
            "eps": 2.33
        },
        "2011": {
            "cash": 2,
            "stock": 2,
            "eps": 1.94
        },
        "2012": {
            "cash": 0,
            "stock": 0,
            "eps": 2.03
        },
        "2013": {
            "cash": 1,
            "stock": 1,
            "eps": 1.37
        },
        "2014": {
            "cash": 1,
            "stock": 0,
            "eps": 1.63
        },
        "2015": {
            "cash": 1,
            "stock": 0,
            "eps": 1.88
        },
        "2016": {
            "cash": 1,
            "stock": 0,
            "eps": 1.74
        },
        "2017": {
            "cash": 2,
            "stock": 0,
            "eps": 2.02
        },
        "2018": {
            "cash": 2,
            "stock": 0,
            "eps": 1.82
        },
        "2019": {
            "cash": 2,
            "stock": 0,
            "eps": 2.03
        },
        "2020": {
            "cash": 2,
            "stock": 0,
            "eps": 2.34
        },
        "2021": {
            "cash": 2,
            "stock": 0,
            "eps": 2.5
        },
        "2022": {
            "cash": 2,
            "stock": 0,
            "eps": 2.51
        },
        "2023": {
            "cash": 2,
            "stock": 0,
            "eps": 0.72
        }
    },
    "dividends": {
        "1995-05-17": {
            "cash": 0,
            "stock": 1.5
        },
        "1996-05-14": {
            "cash": 0,
            "stock": 1.5
        },
        "1997-05-16": {
            "cash": 0,
            "stock": 1.52
        },
        "1998-03-31": {
            "cash": 0,
            "stock": 1.52
        },
        "1999-05-05": {
            "cash": 0,
            "stock": 1.5
        },
        "2000-04-15": {
            "cash": 0.3,
            "stock": 0.9
        },
        "2001-04-24": {
            "cash": 0.3,
            "stock": 0.7
        },
        "2002-05-02": {
            "cash": 0.5,
            "stock": 0.5
        },
        "2003-05-16": {
            "cash": 0.6,
            "stock": 0
        },
        "2004-03-25": {
            "cash": 0.7,
            "stock": 0
        },
        "2005-03-24": {
            "cash": 0.9,
            "stock": 0
        },
        "2006-03-16": {
            "cash": 0.8,
            "stock": 0
        },
        "2007-03-22": {
            "cash": 0.9,
            "stock": 0
        },
        "2008-03-27": {
            "cash": 1,
            "stock": 0.4
        },
        "2009-04-23": {
            "cash": 1.1,
            "stock": 0.4
        },
        "2010-04-29": {
            "cash": 1.2,
            "stock": 0.5
        },
        "2011-01-01": {
            "cash": 1.2,
            "stock": 0.5
        },
        "2011-04-21": {
            "cash": 1.3,
            "stock": 0.7
        },
        "2013-03-14": {
            "cash": 1.2,
            "stock": 0.6
        },
        "2014-09-16": {
            "cash": 1.2,
            "stock": 0.4
        },
        "2015-09-11": {
            "cash": 1.2,
            "stock": 0.4
        },
        "2016-09-22": {
            "cash": 1.3,
            "stock": 0.35
        },
        "2017-08-15": {
            "cash": 1.6,
            "stock": 0
        },
        "2018-08-10": {
            "cash": 1.6,
            "stock": 0
        },
        "2019-08-15": {
            "cash": 1.5,
            "stock": 0
        },
        "2020-08-07": {
            "cash": 1.7,
            "stock": 0
        },
        "2021-08-31": {
            "cash": 1.8,
            "stock": 0
        },
        "2022-08-22": {
            "cash": 2,
            "stock": 0
        },
        "2023-03-16": {
            "cash": 2,
            "stock": 0
        }
    },
    "prices": {
        "200101": "13.12",
        "200102": "13.62",
        "200103": "13.52",
        "200104": "13.38",
        "200105": "12.64",
        "200106": "12.38",
        "200107": "11.00",
        "200108": "10.60",
        "200109": "11.28",
        "200110": "12.30",
        "200111": "12.00",
        "200112": "12.30",
        "200201": "12.14",
        "200202": "12.34",
        "200203": "12.76",
        "200204": "13.28",
        "200205": "13.30",
        "200206": "12.93",
        "200207": "11.97",
        "200208": "11.86",
        "200209": "12.01",
        "200210": "11.80",
        "200211": "11.48",
        "200212": "11.90",
        "200301": "11.78",
        "200302": "11.63",
        "200303": "12.09",
        "200304": "12.08",
        "200305": "11.86",
        "200306": "11.93",
        "200307": "12.33",
        "200308": "12.60",
        "200309": "13.46",
        "200310": "13.70",
        "200311": "13.18",
        "200312": "13.28",
        "200401": "13.62",
        "200402": "14.24",
        "200403": "13.84",
        "200404": "13.24",
        "200405": "13.18",
        "200406": "13.32",
        "200407": "13.26",
        "200408": "13.02",
        "200409": "13.29",
        "200410": "13.48",
        "200411": "13.24",
        "200412": "13.26",
        "200501": "13.80",
        "200502": "14.47",
        "200503": "14.85",
        "200504": "14.25",
        "200505": "14.52",
        "200506": "14.62",
        "200507": "14.54",
        "200508": "14.20",
        "200509": "14.16",
        "200510": "14.07",
        "200511": "14.01",
        "200512": "14.07",
        "200601": "14.15",
        "200602": "13.98",
        "200603": "13.94",
        "200604": "13.84",
        "200605": "15.04",
        "200606": "14.42",
        "200607": "13.90",
        "200608": "13.80",
        "200609": "13.99",
        "200610": "14.14",
        "200611": "14.25",
        "200612": "14.60",
        "200701": "15.00",
        "200702": "15.26",
        "200703": "15.22",
        "200704": "16.16",
        "200705": "16.31",
        "200706": "17.16",
        "200707": "19.61",
        "200708": "17.82",
        "200709": "18.66",
        "200710": "18.80",
        "200711": "18.62",
        "200712": "18.43",
        "200801": "18.56",
        "200802": "18.58",
        "200803": "19.73",
        "200804": "22.00",
        "200805": "25.04",
        "200806": "22.21",
        "200807": "21.13",
        "200808": "19.98",
        "200809": "18.32",
        "200810": "18.22",
        "200811": "17.96",
        "200812": "18.44",
        "200901": "20.04",
        "200902": "20.42",
        "200903": "21.60",
        "200904": "23.38",
        "200905": "24.66",
        "200906": "24.70",
        "200907": "25.08",
        "200908": "24.44",
        "200909": "25.17",
        "200910": "25.40",
        "200911": "25.39",
        "200912": "26.09",
        "201001": "26.51",
        "201002": "25.92",
        "201003": "26.59",
        "201004": "27.31",
        "201005": "27.68",
        "201006": "27.87",
        "201007": "28.72",
        "201008": "29.01",
        "201009": "28.57",
        "201010": "29.01",
        "201011": "30.39",
        "201012": "30.51",
        "201101": "31.00",
        "201102": "30.89",
        "201103": "31.19",
        "201104": "32.65",
        "201105": "34.30",
        "201106": "35.55",
        "201107": "36.36",
        "201108": "35.85",
        "201109": "33.08",
        "201110": "34.62",
        "201111": "36.13",
        "201112": "36.55",
        "201201": "36.61",
        "201202": "37.00",
        "201203": "38.84",
        "201204": "37.44",
        "201205": "37.07",
        "201206": "36.84",
        "201207": "38.24",
        "201208": "38.84",
        "201209": "38.67",
        "201210": "38.56",
        "201211": "38.23",
        "201212": "39.66",
        "201301": "40.40",
        "201302": "41.50",
        "201303": "42.69",
        "201304": "44.89",
        "201305": "44.09",
        "201306": "39.38",
        "201307": "40.98",
        "201308": "41.38",
        "201309": "39.16",
        "201310": "38.85",
        "201311": "39.21",
        "201312": "39.43",
        "201401": "40.57",
        "201402": "40.52",
        "201403": "40.92",
        "201404": "42.53",
        "201405": "42.64",
        "201406": "43.26",
        "201407": "45.17",
        "201408": "45.32",
        "201409": "44.87",
        "201410": "43.30",
        "201411": "42.27",
        "201412": "41.99",
        "201501": "41.37",
        "201502": "42.01",
        "201503": "42.92",
        "201504": "43.82",
        "201505": "45.43",
        "201506": "44.64",
        "201507": "44.11",
        "201508": "42.29",
        "201509": "39.77",
        "201510": "40.51",
        "201511": "40.43",
        "201512": "40.26",
        "201601": "39.78",
        "201602": "40.04",
        "201603": "40.40",
        "201604": "40.48",
        "201605": "40.49",
        "201606": "41.17",
        "201607": "41.77",
        "201608": "42.04",
        "201609": "41.04",
        "201610": "41.42",
        "201611": "41.70",
        "201612": "41.36",
        "201701": "41.48",
        "201702": "41.94",
        "201703": "42.06",
        "201704": "40.57",
        "201705": "40.06",
        "201706": "40.23",
        "201707": "40.32",
        "201708": "39.82",
        "201709": "40.08",
        "201710": "40.29",
        "201711": "40.25",
        "201712": "40.19",
        "201801": "40.77",
        "201802": "40.48",
        "201803": "40.45",
        "201804": "40.31",
        "201805": "40.34",
        "201806": "40.57",
        "201807": "40.33",
        "201808": "39.73",
        "201809": "40.09",
        "201810": "39.26",
        "201811": "39.31",
        "201812": "39.88",
        "201901": "39.72",
        "201902": "39.99",
        "201903": "40.46",
        "201904": "40.63",
        "201905": "40.52",
        "201906": "40.73",
        "201907": "40.58",
        "201908": "39.93",
        "201909": "40.86",
        "201910": "41.32",
        "201911": "41.54",
        "201912": "41.76",
        "202001": "42.18",
        "202002": "42.22",
        "202003": "39.94",
        "202004": "40.78",
        "202005": "42.00",
        "202006": "42.57",
        "202007": "42.07",
        "202008": "41.68",
        "202009": "42.78",
        "202010": "43.94",
        "202011": "44.48",
        "202012": "48.09",
        "202101": "47.55",
        "202102": "48.27",
        "202103": "48.60",
        "202104": "48.47",
        "202105": "47.92",
        "202106": "47.91",
        "202107": "48.16",
        "202108": "47.24",
        "202109": "48.31",
        "202110": "48.34",
        "202111": "48.65",
        "202112": "48.77",
        "202201": "48.99",
        "202202": "48.98",
        "202203": "49.34",
        "202204": "50.43",
        "202205": "50.38",
        "202206": "51.26",
        "202207": "52.55",
        "202208": "52.20",
        "202209": "51.88",
        "202210": "51.02",
        "202211": "51.65",
        "202212": "51.49",
        "202301": "51.53",
        "202302": "51.79",
        "202303": "51.92",
        "202304": "51.77",
        "202305": "52.28"
    },
    "quarters": {
        "20011": {
            "year_quarter": 20011,
            "year": 2001,
            "quarter": 1,
            "eps": 0.53,
            "eps_growth_year": -20.9,
            "eps_4q": 1.09,
            "eps_4q_growth_year": -39.66,
            "roe": 3.96,
            "gross_profit": 75640,
            "gross_margin": 21.83,
            "net_income": 55881,
            "revenue": 346573,
            "common_shares": 1060000,
            "equity": 1439841,
            "current_ratio": 195.99,
            "debt_ratio": 36.47,
            "inventory_turnover_ratio": 2.42,
            "account_receivable_turnover_ratio": null,
            "reinvestment_rate": null,
            "research_to_sale_ratio": null,
            "price_fair": 0,
            "eps_avg_yearly": 0,
            "eps_latest_yearly": 0,
            "eps_growth_yearly": 0
        },
        "20012": {
            "year_quarter": 20012,
            "year": 2001,
            "quarter": 2,
            "eps": 0.16,
            "eps_growth_year": -65.96,
            "eps_4q": 0.76,
            "eps_4q_growth_year": -54.43,
            "roe": 1.23,
            "gross_profit": 86916,
            "gross_margin": 26.45,
            "net_income": 17607,
            "revenue": 328560,
            "common_shares": 1060000,
            "equity": 1421110,
            "current_ratio": 190.22,
            "debt_ratio": 36.18,
            "inventory_turnover_ratio": 2.35,
            "account_receivable_turnover_ratio": null,
            "reinvestment_rate": null,
            "research_to_sale_ratio": null,
            "price_fair": 0,
            "eps_avg_yearly": 0,
            "eps_latest_yearly": 0,
            "eps_growth_yearly": 0
        },
        "20013": {
            "year_quarter": 20013,
            "year": 2001,
            "quarter": 3,
            "eps": 0.06,
            "eps_growth_year": null,
            "eps_4q": 0.86,
            "eps_4q_growth_year": -36.72,
            "roe": 0.45,
            "gross_profit": 42875,
            "gross_margin": 17.88,
            "net_income": 6324,
            "revenue": 239827,
            "common_shares": 1138000,
            "equity": 1412383,
            "current_ratio": 201.44,
            "debt_ratio": 34.93,
            "inventory_turnover_ratio": 2.07,
            "account_receivable_turnover_ratio": null,
            "reinvestment_rate": null,
            "research_to_sale_ratio": null,
            "price_fair": 0,
            "eps_avg_yearly": 0,
            "eps_latest_yearly": 0,
            "eps_growth_yearly": 0
        },
        "20014": {
            "year_quarter": 20014,
            "year": 2001,
            "quarter": 4,
            "eps": 0.46,
            "eps_growth_year": 318.18,
            "eps_4q": 1.17,
            "eps_4q_growth_year": -3.47,
            "roe": 3.61,
            "gross_profit": 76713,
            "gross_margin": 23.09,
            "net_income": 51738,
            "revenue": 332292,
            "common_shares": 1138000,
            "equity": 1456912,
            "current_ratio": 187.62,
            "debt_ratio": 35.62,
            "inventory_turnover_ratio": 2.93,
            "account_receivable_turnover_ratio": null,
            "reinvestment_rate": null,
            "research_to_sale_ratio": null,
            "price_fair": 0,
            "eps_avg_yearly": 0,
            "eps_latest_yearly": 0,
            "eps_growth_yearly": 0
        },
        "20021": {
            "year_quarter": 20021,
            "year": 2002,
            "quarter": 1,
            "eps": 0.25,
            "eps_growth_year": -52.83,
            "eps_4q": 0.94,
            "eps_4q_growth_year": -14.16,
            "roe": 1.86,
            "gross_profit": 59648,
            "gross_margin": 18.24,
            "net_income": 27421,
            "revenue": 327001,
            "common_shares": 1138000,
            "equity": 1484333,
            "current_ratio": 111.11,
            "debt_ratio": 40.32,
            "inventory_turnover_ratio": 3.31,
            "account_receivable_turnover_ratio": null,
            "reinvestment_rate": null,
            "research_to_sale_ratio": null,
            "price_fair": 3,
            "eps_avg_yearly": 1,
            "eps_latest_yearly": 1,
            "eps_growth_yearly": -182.61
        },
        "20022": {
            "year_quarter": 20022,
            "year": 2002,
            "quarter": 2,
            "eps": 0.17,
            "eps_growth_year": 6.25,
            "eps_4q": 0.91,
            "eps_4q_growth_year": 19.48,
            "roe": 1.34,
            "gross_profit": 54680,
            "gross_margin": 20.93,
            "net_income": 19666,
            "revenue": 261228,
            "common_shares": 1197000,
            "equity": 1442310,
            "current_ratio": 95.72,
            "debt_ratio": 40.46,
            "inventory_turnover_ratio": 2.68,
            "account_receivable_turnover_ratio": null,
            "reinvestment_rate": null,
            "research_to_sale_ratio": null,
            "price_fair": 2.52,
            "eps_avg_yearly": 0.84,
            "eps_latest_yearly": 0.68,
            "eps_growth_yearly": -155.3
        },
        "20023": {
            "year_quarter": 20023,
            "year": 2002,
            "quarter": 3,
            "eps": -0.02,
            "eps_growth_year": -133.33,
            "eps_4q": 0.8,
            "eps_4q_growth_year": -6.97,
            "roe": -0.18,
            "gross_profit": 43430,
            "gross_margin": 18.85,
            "net_income": -2538,
            "revenue": 230408,
            "common_shares": 1197000,
            "equity": 1439772,
            "current_ratio": 167.03,
            "debt_ratio": 39.98,
            "inventory_turnover_ratio": 2.41,
            "account_receivable_turnover_ratio": null,
            "reinvestment_rate": null,
            "research_to_sale_ratio": null,
            "price_fair": 2.52,
            "eps_avg_yearly": 0.84,
            "eps_latest_yearly": 0.68,
            "eps_growth_yearly": -155.3
        },
        "20024": {
            "year_quarter": 20024,
            "year": 2002,
            "quarter": 4,
            "eps": 0.33,
            "eps_growth_year": -28.26,
            "eps_4q": 0.71,
            "eps_4q_growth_year": -38.91,
            "roe": 2.62,
            "gross_profit": 85599,
            "gross_margin": 24.52,
            "net_income": 38235,
            "revenue": 349082,
            "common_shares": 1197000,
            "equity": 1478007,
            "current_ratio": 232.98,
            "debt_ratio": 42.88,
            "inventory_turnover_ratio": 3.34,
            "account_receivable_turnover_ratio": null,
            "reinvestment_rate": -8.37,
            "research_to_sale_ratio": null,
            "price_fair": 2.52,
            "eps_avg_yearly": 0.84,
            "eps_latest_yearly": 0.68,
            "eps_growth_yearly": -155.3
        },
        "20031": {
            "year_quarter": 20031,
            "year": 2003,
            "quarter": 1,
            "eps": 0.24,
            "eps_growth_year": -4,
            "eps_4q": 0.72,
            "eps_4q_growth_year": -23.65,
            "roe": 1.86,
            "gross_profit": 68862,
            "gross_margin": 19.99,
            "net_income": 27819,
            "revenue": 344441,
            "common_shares": 1197000,
            "equity": 1505826,
            "current_ratio": 272.9,
            "debt_ratio": 41.81,
            "inventory_turnover_ratio": 3.66,
            "account_receivable_turnover_ratio": null,
            "reinvestment_rate": -10.01,
            "research_to_sale_ratio": null,
            "price_fair": 2.64,
            "eps_avg_yearly": 0.88,
            "eps_latest_yearly": 0.96,
            "eps_growth_yearly": -139.9
        },
        "20032": {
            "year_quarter": 20032,
            "year": 2003,
            "quarter": 2,
            "eps": 0.28,
            "eps_growth_year": 64.71,
            "eps_4q": 0.82,
            "eps_4q_growth_year": -9.37,
            "roe": 2.2,
            "gross_profit": 65937,
            "gross_margin": 21.48,
            "net_income": 32704,
            "revenue": 306948,
            "common_shares": 1197000,
            "equity": 1462290,
            "current_ratio": 218.03,
            "debt_ratio": 43.76,
            "inventory_turnover_ratio": 3.21,
            "account_receivable_turnover_ratio": null,
            "reinvestment_rate": -17.26,
            "research_to_sale_ratio": null,
            "price_fair": 2.82,
            "eps_avg_yearly": 0.94,
            "eps_latest_yearly": 1.12,
            "eps_growth_yearly": -88.26
        },
        "20033": {
            "year_quarter": 20033,
            "year": 2003,
            "quarter": 3,
            "eps": 0.14,
            "eps_growth_year": null,
            "eps_4q": 1.01,
            "eps_4q_growth_year": 24.96,
            "roe": 1.09,
            "gross_profit": 37364,
            "gross_margin": 15.52,
            "net_income": 15980,
            "revenue": 240782,
            "common_shares": 1197000,
            "equity": 1478270,
            "current_ratio": 305.48,
            "debt_ratio": 41.48,
            "inventory_turnover_ratio": 2.72,
            "account_receivable_turnover_ratio": null,
            "reinvestment_rate": -27.98,
            "research_to_sale_ratio": null,
            "price_fair": 2.59,
            "eps_avg_yearly": 0.86,
            "eps_latest_yearly": 0.56,
            "eps_growth_yearly": -110.61
        },
        "20034": {
            "year_quarter": 20034,
            "year": 2003,
            "quarter": 4,
            "eps": 0.23,
            "eps_growth_year": -30.3,
            "eps_4q": 0.88,
            "eps_4q_growth_year": 23.52,
            "roe": 1.8,
            "gross_profit": 65726,
            "gross_margin": 18.99,
            "net_income": 26966,
            "revenue": 346095,
            "common_shares": 1197000,
            "equity": 1511497,
            "current_ratio": 251.94,
            "debt_ratio": 42.68,
            "inventory_turnover_ratio": 3.69,
            "account_receivable_turnover_ratio": null,
            "reinvestment_rate": 11.6,
            "research_to_sale_ratio": null,
            "price_fair": 2.62,
            "eps_avg_yearly": 0.87,
            "eps_latest_yearly": 0.92,
            "eps_growth_yearly": -49.32
        },
        "20041": {
            "year_quarter": 20041,
            "year": 2004,
            "quarter": 1,
            "eps": 0.62,
            "eps_growth_year": 158.33,
            "eps_4q": 1.26,
            "eps_4q_growth_year": 76.11,
            "roe": 4.71,
            "gross_profit": 77480,
            "gross_margin": 19.82,
            "net_income": 72853,
            "revenue": 390857,
            "common_shares": 1197000,
            "equity": 1584350,
            "current_ratio": 276.61,
            "debt_ratio": 41.63,
            "inventory_turnover_ratio": 4.2,
            "account_receivable_turnover_ratio": null,
            "reinvestment_rate": 9.87,
            "research_to_sale_ratio": null,
            "price_fair": 38.6,
            "eps_avg_yearly": 1.1,
            "eps_latest_yearly": 2.48,
            "eps_growth_yearly": 54.62
        },
        "20042": {
            "year_quarter": 20042,
            "year": 2004,
            "quarter": 2,
            "eps": 0.33,
            "eps_growth_year": 17.86,
            "eps_4q": 1.31,
            "eps_4q_growth_year": 59.54,
            "roe": 2.49,
            "gross_profit": 70151,
            "gross_margin": 21.15,
            "net_income": 38822,
            "revenue": 331649,
            "common_shares": 1197000,
            "equity": 1533833,
            "current_ratio": 236.85,
            "debt_ratio": 43.18,
            "inventory_turnover_ratio": 3.72,
            "account_receivable_turnover_ratio": null,
            "reinvestment_rate": 12.2,
            "research_to_sale_ratio": null,
            "price_fair": 38.88,
            "eps_avg_yearly": 1.13,
            "eps_latest_yearly": 1.32,
            "eps_growth_yearly": 24.41
        },
        "20043": {
            "year_quarter": 20043,
            "year": 2004,
            "quarter": 3,
            "eps": 0.17,
            "eps_growth_year": 21.43,
            "eps_4q": 1.34,
            "eps_4q_growth_year": 33.72,
            "roe": 1.3,
            "gross_profit": 34452,
            "gross_margin": 12.71,
            "net_income": 20073,
            "revenue": 271054,
            "common_shares": 1197000,
            "equity": 1556692,
            "current_ratio": 312.95,
            "debt_ratio": 40.98,
            "inventory_turnover_ratio": 3.33,
            "account_receivable_turnover_ratio": null,
            "reinvestment_rate": 10.64,
            "research_to_sale_ratio": null,
            "price_fair": 10.8,
            "eps_avg_yearly": 1.08,
            "eps_latest_yearly": 0.68,
            "eps_growth_yearly": 0.15
        },
        "20044": {
            "year_quarter": 20044,
            "year": 2004,
            "quarter": 4,
            "eps": 0.03,
            "eps_growth_year": -86.96,
            "eps_4q": 1.03,
            "eps_4q_growth_year": 16.72,
            "roe": 0.25,
            "gross_profit": 56239,
            "gross_margin": 15.34,
            "net_income": 3952,
            "revenue": 366583,
            "common_shares": 1182870,
            "equity": 1560645,
            "current_ratio": 364.84,
            "debt_ratio": 42.23,
            "inventory_turnover_ratio": 4.08,
            "account_receivable_turnover_ratio": null,
            "reinvestment_rate": 2.5,
            "research_to_sale_ratio": null,
            "price_fair": 2.95,
            "eps_avg_yearly": 0.98,
            "eps_latest_yearly": 0.12,
            "eps_growth_yearly": -32.81
        },
        "20051": {
            "year_quarter": 20051,
            "year": 2005,
            "quarter": 1,
            "eps": 0.13,
            "eps_growth_year": -79.03,
            "eps_4q": 0.66,
            "eps_4q_growth_year": -47.4,
            "roe": 0.97,
            "gross_profit": 101562,
            "gross_margin": 21.63,
            "net_income": 15279,
            "revenue": 469589,
            "common_shares": 1182870,
            "equity": 1575924,
            "current_ratio": 283.56,
            "debt_ratio": 42.24,
            "inventory_turnover_ratio": 4.8,
            "account_receivable_turnover_ratio": null,
            "reinvestment_rate": 0.68,
            "research_to_sale_ratio": null,
            "price_fair": 32.96,
            "eps_avg_yearly": 0.94,
            "eps_latest_yearly": 0.52,
            "eps_growth_yearly": 91.39
        },
        "20052": {
            "year_quarter": 20052,
            "year": 2005,
            "quarter": 2,
            "eps": 0.31,
            "eps_growth_year": -6.06,
            "eps_4q": 0.65,
            "eps_4q_growth_year": -50.92,
            "roe": 2.37,
            "gross_profit": 72289,
            "gross_margin": 19.61,
            "net_income": 36364,
            "revenue": 368720,
            "common_shares": 1182870,
            "equity": 1497198,
            "current_ratio": 223.68,
            "debt_ratio": 45.2,
            "inventory_turnover_ratio": 3.91,
            "account_receivable_turnover_ratio": null,
            "reinvestment_rate": -1.51,
            "research_to_sale_ratio": null,
            "price_fair": 33.83,
            "eps_avg_yearly": 0.97,
            "eps_latest_yearly": 1.24,
            "eps_growth_yearly": 129.93
        },
        "20053": {
            "year_quarter": 20053,
            "year": 2005,
            "quarter": 3,
            "eps": 0.34,
            "eps_growth_year": 100,
            "eps_4q": 0.81,
            "eps_4q_growth_year": -40.05,
            "roe": 2.67,
            "gross_profit": 59670,
            "gross_margin": 18.8,
            "net_income": 40578,
            "revenue": 317390,
            "common_shares": 1182870,
            "equity": 1537776,
            "current_ratio": 282.4,
            "debt_ratio": 42.48,
            "inventory_turnover_ratio": 3.37,
            "account_receivable_turnover_ratio": null,
            "reinvestment_rate": -7.58,
            "research_to_sale_ratio": null,
            "price_fair": 34.89,
            "eps_avg_yearly": 1,
            "eps_latest_yearly": 1.36,
            "eps_growth_yearly": 122.91
        },
        "20054": {
            "year_quarter": 20054,
            "year": 2005,
            "quarter": 4,
            "eps": 0.28,
            "eps_growth_year": 833.33,
            "eps_4q": 1.05,
            "eps_4q_growth_year": 2.18,
            "roe": 2.15,
            "gross_profit": 77152,
            "gross_margin": 18.38,
            "net_income": 33424,
            "revenue": 419658,
            "common_shares": 1182870,
            "equity": 1571200,
            "current_ratio": 118.37,
            "debt_ratio": 43.09,
            "inventory_turnover_ratio": 4.29,
            "account_receivable_turnover_ratio": null,
            "reinvestment_rate": -12.3,
            "research_to_sale_ratio": null,
            "price_fair": 35.2,
            "eps_avg_yearly": 1.01,
            "eps_latest_yearly": 1.12,
            "eps_growth_yearly": 109.09
        },
        "20061": {
            "year_quarter": 20061,
            "year": 2006,
            "quarter": 1,
            "eps": 0.5,
            "eps_growth_year": 284.62,
            "eps_4q": 1.43,
            "eps_4q_growth_year": 114.69,
            "roe": 3.71,
            "gross_profit": 102576,
            "gross_margin": 21.48,
            "net_income": 59522,
            "revenue": 477461,
            "common_shares": 1182870,
            "equity": 1635263,
            "current_ratio": 91.22,
            "debt_ratio": 41.49,
            "inventory_turnover_ratio": 4.48,
            "account_receivable_turnover_ratio": null,
            "reinvestment_rate": -12.93,
            "research_to_sale_ratio": null,
            "price_fair": 37.7,
            "eps_avg_yearly": 1.08,
            "eps_latest_yearly": 2,
            "eps_growth_yearly": 144.58
        },
        "20062": {
            "year_quarter": 20062,
            "year": 2006,
            "quarter": 2,
            "eps": 0.2,
            "eps_growth_year": -35.48,
            "eps_4q": 1.31,
            "eps_4q_growth_year": 102.53,
            "roe": 1.51,
            "gross_profit": 74513,
            "gross_margin": 19.54,
            "net_income": 24135,
            "revenue": 381314,
            "common_shares": 1182870,
            "equity": 1557265,
            "current_ratio": 81.45,
            "debt_ratio": 36.89,
            "inventory_turnover_ratio": 3.63,
            "account_receivable_turnover_ratio": null,
            "reinvestment_rate": -18.43,
            "research_to_sale_ratio": null,
            "price_fair": 38,
            "eps_avg_yearly": 1.09,
            "eps_latest_yearly": 0.8,
            "eps_growth_yearly": 136.58
        },
        "20063": {
            "year_quarter": 20063,
            "year": 2006,
            "quarter": 3,
            "eps": 0.2,
            "eps_growth_year": -41.18,
            "eps_4q": 1.21,
            "eps_4q_growth_year": 50.68,
            "roe": 1.47,
            "gross_profit": 41675,
            "gross_margin": 13.46,
            "net_income": 23087,
            "revenue": 309678,
            "common_shares": 1182870,
            "equity": 1578569,
            "current_ratio": 82.98,
            "debt_ratio": 34.4,
            "inventory_turnover_ratio": 2.96,
            "account_receivable_turnover_ratio": null,
            "reinvestment_rate": -17.97,
            "research_to_sale_ratio": null,
            "price_fair": 37.33,
            "eps_avg_yearly": 1.07,
            "eps_latest_yearly": 0.8,
            "eps_growth_yearly": 127.47
        },
        "20064": {
            "year_quarter": 20064,
            "year": 2006,
            "quarter": 4,
            "eps": 0.23,
            "eps_growth_year": -17.86,
            "eps_4q": 1.12,
            "eps_4q_growth_year": 6.82,
            "roe": 1.7,
            "gross_profit": 85163,
            "gross_margin": 18.49,
            "net_income": 27453,
            "revenue": 460544,
            "common_shares": 1182870,
            "equity": 1653179,
            "current_ratio": 117.01,
            "debt_ratio": 36.96,
            "inventory_turnover_ratio": 3.75,
            "account_receivable_turnover_ratio": null,
            "reinvestment_rate": -16.83,
            "research_to_sale_ratio": null,
            "price_fair": 37.01,
            "eps_avg_yearly": 1.06,
            "eps_latest_yearly": 0.92,
            "eps_growth_yearly": 123.26
        },
        "20071": {
            "year_quarter": 20071,
            "year": 2007,
            "quarter": 1,
            "eps": 0.5,
            "eps_growth_year": 0,
            "eps_4q": 1.13,
            "eps_4q_growth_year": -20.98,
            "roe": 3.53,
            "gross_profit": 96655,
            "gross_margin": 18.3,
            "net_income": 59477,
            "revenue": 528215,
            "common_shares": 1182870,
            "equity": 1719632,
            "current_ratio": 102.29,
            "debt_ratio": 34.65,
            "inventory_turnover_ratio": 4.08,
            "account_receivable_turnover_ratio": null,
            "reinvestment_rate": -14.68,
            "research_to_sale_ratio": null,
            "price_fair": 39.29,
            "eps_avg_yearly": 1.12,
            "eps_latest_yearly": 2,
            "eps_growth_yearly": 159.42
        },
        "20072": {
            "year_quarter": 20072,
            "year": 2007,
            "quarter": 2,
            "eps": 0.37,
            "eps_growth_year": 85,
            "eps_4q": 1.3,
            "eps_4q_growth_year": -0.17,
            "roe": 2.56,
            "gross_profit": 95148,
            "gross_margin": 21.51,
            "net_income": 43568,
            "revenue": 442264,
            "common_shares": 1182870,
            "equity": 1685204,
            "current_ratio": 95.5,
            "debt_ratio": 37.8,
            "inventory_turnover_ratio": 3.18,
            "account_receivable_turnover_ratio": null,
            "reinvestment_rate": -11.78,
            "research_to_sale_ratio": null,
            "price_fair": 40.08,
            "eps_avg_yearly": 1.15,
            "eps_latest_yearly": 1.48,
            "eps_growth_yearly": 148.76
        },
        "20073": {
            "year_quarter": 20073,
            "year": 2007,
            "quarter": 3,
            "eps": 0.5,
            "eps_growth_year": 150,
            "eps_4q": 1.61,
            "eps_4q_growth_year": 32.55,
            "roe": 3.43,
            "gross_profit": 78832,
            "gross_margin": 19.48,
            "net_income": 58811,
            "revenue": 404713,
            "common_shares": 1182870,
            "equity": 1747034,
            "current_ratio": 104.83,
            "debt_ratio": 34.91,
            "inventory_turnover_ratio": 2.9,
            "account_receivable_turnover_ratio": null,
            "reinvestment_rate": -10.22,
            "research_to_sale_ratio": null,
            "price_fair": 43.23,
            "eps_avg_yearly": 1.24,
            "eps_latest_yearly": 2,
            "eps_growth_yearly": 170.04
        },
        "20074": {
            "year_quarter": 20074,
            "year": 2007,
            "quarter": 4,
            "eps": 0.35,
            "eps_growth_year": 52.17,
            "eps_4q": 1.71,
            "eps_4q_growth_year": 52.09,
            "roe": 2.39,
            "gross_profit": 96028,
            "gross_margin": 18.9,
            "net_income": 41657,
            "revenue": 507999,
            "common_shares": 1182870,
            "equity": 1740010,
            "current_ratio": 124.22,
            "debt_ratio": 36.6,
            "inventory_turnover_ratio": 3.73,
            "account_receivable_turnover_ratio": null,
            "reinvestment_rate": -7.88,
            "research_to_sale_ratio": null,
            "price_fair": 44.28,
            "eps_avg_yearly": 1.27,
            "eps_latest_yearly": 1.4,
            "eps_growth_yearly": 146.47
        },
        "20081": {
            "year_quarter": 20081,
            "year": 2008,
            "quarter": 1,
            "eps": 0.48,
            "eps_growth_year": -4,
            "eps_4q": 1.7,
            "eps_4q_growth_year": 50.74,
            "roe": 3.18,
            "gross_profit": 104095,
            "gross_margin": 18.26,
            "net_income": 56668,
            "revenue": 570049,
            "common_shares": 1182870,
            "equity": 1822530,
            "current_ratio": 127.14,
            "debt_ratio": 35.63,
            "inventory_turnover_ratio": 3.83,
            "account_receivable_turnover_ratio": null,
            "reinvestment_rate": -5.5,
            "research_to_sale_ratio": null,
            "price_fair": 43.05,
            "eps_avg_yearly": 1.23,
            "eps_latest_yearly": 1.92,
            "eps_growth_yearly": 113.36
        },
        "20082": {
            "year_quarter": 20082,
            "year": 2008,
            "quarter": 2,
            "eps": 0.67,
            "eps_growth_year": 81.08,
            "eps_4q": 2,
            "eps_4q_growth_year": 53.7,
            "roe": 4.42,
            "gross_profit": 123903,
            "gross_margin": 23.31,
            "net_income": 78878,
            "revenue": 531516,
            "common_shares": 1182870,
            "equity": 1743584,
            "current_ratio": 115.08,
            "debt_ratio": 39.21,
            "inventory_turnover_ratio": 2.96,
            "account_receivable_turnover_ratio": null,
            "reinvestment_rate": -1.36,
            "research_to_sale_ratio": null,
            "price_fair": 46.03,
            "eps_avg_yearly": 1.32,
            "eps_latest_yearly": 2.68,
            "eps_growth_yearly": 134.95
        },
        "20083": {
            "year_quarter": 20083,
            "year": 2008,
            "quarter": 3,
            "eps": 0.45,
            "eps_growth_year": -10,
            "eps_4q": 1.87,
            "eps_4q_growth_year": 16.43,
            "roe": 3.2,
            "gross_profit": 113855,
            "gross_margin": 22.64,
            "net_income": 56005,
            "revenue": 502959,
            "common_shares": 1233000,
            "equity": 1755640,
            "current_ratio": 120.08,
            "debt_ratio": 36.59,
            "inventory_turnover_ratio": 2.69,
            "account_receivable_turnover_ratio": null,
            "reinvestment_rate": 3.29,
            "research_to_sale_ratio": null,
            "price_fair": 48.48,
            "eps_avg_yearly": 1.39,
            "eps_latest_yearly": 1.8,
            "eps_growth_yearly": 138.87
        },
        "20084": {
            "year_quarter": 20084,
            "year": 2008,
            "quarter": 4,
            "eps": 0.48,
            "eps_growth_year": 37.14,
            "eps_4q": 2.02,
            "eps_4q_growth_year": 18.17,
            "roe": 3.32,
            "gross_profit": 146834,
            "gross_margin": 21.26,
            "net_income": 59680,
            "revenue": 690687,
            "common_shares": 1233000,
            "equity": 1835306,
            "current_ratio": 129.81,
            "debt_ratio": 36.85,
            "inventory_turnover_ratio": 3.72,
            "account_receivable_turnover_ratio": 3.54,
            "reinvestment_rate": 1.59,
            "research_to_sale_ratio": null,
            "price_fair": 52.41,
            "eps_avg_yearly": 1.5,
            "eps_latest_yearly": 1.92,
            "eps_growth_yearly": 161.12
        },
        "20091": {
            "year_quarter": 20091,
            "year": 2009,
            "quarter": 1,
            "eps": 0.58,
            "eps_growth_year": 20.83,
            "eps_4q": 2.16,
            "eps_4q_growth_year": 26.92,
            "roe": 3.8,
            "gross_profit": 128364,
            "gross_margin": 21.02,
            "net_income": 71526,
            "revenue": 610664,
            "common_shares": 1233000,
            "equity": 1924287,
            "current_ratio": 140.48,
            "debt_ratio": 34.72,
            "inventory_turnover_ratio": 3.44,
            "account_receivable_turnover_ratio": 1.52,
            "reinvestment_rate": 1.78,
            "research_to_sale_ratio": null,
            "price_fair": 56.35,
            "eps_avg_yearly": 1.61,
            "eps_latest_yearly": 2.32,
            "eps_growth_yearly": 83
        },
        "20092": {
            "year_quarter": 20092,
            "year": 2009,
            "quarter": 2,
            "eps": 0.56,
            "eps_growth_year": -16.42,
            "eps_4q": 2.07,
            "eps_4q_growth_year": 3.23,
            "roe": 3.63,
            "gross_profit": 140834,
            "gross_margin": 25.41,
            "net_income": 69449,
            "revenue": 554251,
            "common_shares": 1233000,
            "equity": 1902353,
            "current_ratio": 135.03,
            "debt_ratio": 36.1,
            "inventory_turnover_ratio": 3.18,
            "account_receivable_turnover_ratio": 1.42,
            "reinvestment_rate": 3.26,
            "research_to_sale_ratio": null,
            "price_fair": 58.54,
            "eps_avg_yearly": 1.67,
            "eps_latest_yearly": 2.24,
            "eps_growth_yearly": 47.52
        },
        "20093": {
            "year_quarter": 20093,
            "year": 2009,
            "quarter": 3,
            "eps": 0.61,
            "eps_growth_year": 35.56,
            "eps_4q": 2.18,
            "eps_4q_growth_year": 16.31,
            "roe": 4,
            "gross_profit": 137874,
            "gross_margin": 26.86,
            "net_income": 77990,
            "revenue": 513224,
            "common_shares": 1282320,
            "equity": 1992751,
            "current_ratio": 162.64,
            "debt_ratio": 31.28,
            "inventory_turnover_ratio": 2.99,
            "account_receivable_turnover_ratio": 1.48,
            "reinvestment_rate": 1.28,
            "research_to_sale_ratio": null,
            "price_fair": 60.9,
            "eps_avg_yearly": 1.74,
            "eps_latest_yearly": 2.44,
            "eps_growth_yearly": 47.33
        },
        "20094": {
            "year_quarter": 20094,
            "year": 2009,
            "quarter": 4,
            "eps": 0.29,
            "eps_growth_year": -39.58,
            "eps_4q": 2,
            "eps_4q_growth_year": -0.99,
            "roe": 1.86,
            "gross_profit": 102942,
            "gross_margin": 18.39,
            "net_income": 37590,
            "revenue": 559665,
            "common_shares": 1282320,
            "equity": 2052377,
            "current_ratio": 160.42,
            "debt_ratio": 33.88,
            "inventory_turnover_ratio": 3.39,
            "account_receivable_turnover_ratio": 3.15,
            "reinvestment_rate": 50.96,
            "research_to_sale_ratio": null,
            "price_fair": 60.99,
            "eps_avg_yearly": 1.74,
            "eps_latest_yearly": 1.16,
            "eps_growth_yearly": 38.63
        },
        "20101": {
            "year_quarter": 20101,
            "year": 2010,
            "quarter": 1,
            "eps": 0.65,
            "eps_growth_year": 12.07,
            "eps_4q": 2.1,
            "eps_4q_growth_year": -2.82,
            "roe": 3.98,
            "gross_profit": 132029,
            "gross_margin": 19.34,
            "net_income": 83853,
            "revenue": 682667,
            "common_shares": 1282320,
            "equity": 2157110,
            "current_ratio": 171.36,
            "debt_ratio": 32.46,
            "inventory_turnover_ratio": 3.92,
            "account_receivable_turnover_ratio": 1.94,
            "reinvestment_rate": 53.39,
            "research_to_sale_ratio": null,
            "price_fair": 62.3,
            "eps_avg_yearly": 1.78,
            "eps_latest_yearly": 2.6,
            "eps_growth_yearly": 50.02
        },
        "20102": {
            "year_quarter": 20102,
            "year": 2010,
            "quarter": 2,
            "eps": 0.61,
            "eps_growth_year": 9.05,
            "eps_4q": 2.09,
            "eps_4q_growth_year": 1.08,
            "roe": 3.9,
            "gross_profit": 138622,
            "gross_margin": 23.5,
            "net_income": 82225,
            "revenue": 589967,
            "common_shares": 1282320,
            "equity": 2062079,
            "current_ratio": 160.45,
            "debt_ratio": 34.43,
            "inventory_turnover_ratio": 3.19,
            "account_receivable_turnover_ratio": 1.89,
            "reinvestment_rate": 46.62,
            "research_to_sale_ratio": null,
            "price_fair": 65.89,
            "eps_avg_yearly": 1.88,
            "eps_latest_yearly": 2.44,
            "eps_growth_yearly": 63.48
        },
        "20103": {
            "year_quarter": 20103,
            "year": 2010,
            "quarter": 3,
            "eps": 0.67,
            "eps_growth_year": 9.3,
            "eps_4q": 2.18,
            "eps_4q_growth_year": -0,
            "roe": 4.23,
            "gross_profit": 123632,
            "gross_margin": 24.95,
            "net_income": 89768,
            "revenue": 495443,
            "common_shares": 1346436,
            "equity": 2178200,
            "current_ratio": 214.76,
            "debt_ratio": 27.19,
            "inventory_turnover_ratio": 2.72,
            "account_receivable_turnover_ratio": 1.94,
            "reinvestment_rate": 41.42,
            "research_to_sale_ratio": null,
            "price_fair": 70,
            "eps_avg_yearly": 2,
            "eps_latest_yearly": 2.68,
            "eps_growth_yearly": 65.94
        },
        "20104": {
            "year_quarter": 20104,
            "year": 2010,
            "quarter": 4,
            "eps": 0.4,
            "eps_growth_year": 38.64,
            "eps_4q": 2.3,
            "eps_4q_growth_year": 15.07,
            "roe": 2.45,
            "gross_profit": 99263,
            "gross_margin": 16.61,
            "net_income": 54136,
            "revenue": 597582,
            "common_shares": 1346436,
            "equity": 2248565,
            "current_ratio": 201.84,
            "debt_ratio": 29.95,
            "inventory_turnover_ratio": 4.03,
            "account_receivable_turnover_ratio": 2.22,
            "reinvestment_rate": 40.08,
            "research_to_sale_ratio": null,
            "price_fair": 71.49,
            "eps_avg_yearly": 2.04,
            "eps_latest_yearly": 1.6,
            "eps_growth_yearly": 52.11
        },
        "20111": {
            "year_quarter": 20111,
            "year": 2011,
            "quarter": 1,
            "eps": 0.56,
            "eps_growth_year": -13.85,
            "eps_4q": 2.24,
            "eps_4q_growth_year": 6.93,
            "roe": 3.34,
            "gross_profit": 111496,
            "gross_margin": 16.64,
            "net_income": 75758,
            "revenue": 669876,
            "common_shares": 1346436,
            "equity": 2294596,
            "current_ratio": 211.62,
            "debt_ratio": 28.83,
            "inventory_turnover_ratio": 4.76,
            "account_receivable_turnover_ratio": 2.14,
            "reinvestment_rate": 38,
            "research_to_sale_ratio": null,
            "price_fair": 72.01,
            "eps_avg_yearly": 2.06,
            "eps_latest_yearly": 2.24,
            "eps_growth_yearly": 32.77
        },
        "20112": {
            "year_quarter": 20112,
            "year": 2011,
            "quarter": 2,
            "eps": 0.73,
            "eps_growth_year": 18.76,
            "eps_4q": 2.25,
            "eps_4q_growth_year": 7.56,
            "roe": 4.61,
            "gross_profit": 159479,
            "gross_margin": 25.01,
            "net_income": 104483,
            "revenue": 637685,
            "common_shares": 1346436,
            "equity": 2241082,
            "current_ratio": 189.34,
            "debt_ratio": 31.01,
            "inventory_turnover_ratio": 4.41,
            "account_receivable_turnover_ratio": 2.29,
            "reinvestment_rate": 37.91,
            "research_to_sale_ratio": null,
            "price_fair": 75.16,
            "eps_avg_yearly": 2.15,
            "eps_latest_yearly": 2.92,
            "eps_growth_yearly": 46.86
        },
        "20113": {
            "year_quarter": 20113,
            "year": 2011,
            "quarter": 3,
            "eps": 0.47,
            "eps_growth_year": -29.72,
            "eps_4q": 2.1,
            "eps_4q_growth_year": -3.85,
            "roe": 2.99,
            "gross_profit": 99875,
            "gross_margin": 20.53,
            "net_income": 67505,
            "revenue": 486389,
            "common_shares": 1440687,
            "equity": 2267497,
            "current_ratio": 223.97,
            "debt_ratio": 26.61,
            "inventory_turnover_ratio": 3.8,
            "account_receivable_turnover_ratio": 2.03,
            "reinvestment_rate": 35.7,
            "research_to_sale_ratio": null,
            "price_fair": 74.9,
            "eps_avg_yearly": 2.14,
            "eps_latest_yearly": 1.88,
            "eps_growth_yearly": 29.17
        },
        "20114": {
            "year_quarter": 20114,
            "year": 2011,
            "quarter": 4,
            "eps": 0.18,
            "eps_growth_year": -55.48,
            "eps_4q": 1.9,
            "eps_4q_growth_year": -17.53,
            "roe": 1.12,
            "gross_profit": 76811,
            "gross_margin": 12.14,
            "net_income": 25789,
            "revenue": 632732,
            "common_shares": 1440687,
            "equity": 2325802,
            "current_ratio": 207.31,
            "debt_ratio": 28.97,
            "inventory_turnover_ratio": 5.13,
            "account_receivable_turnover_ratio": 2.11,
            "reinvestment_rate": 50.43,
            "research_to_sale_ratio": null,
            "price_fair": 65.53,
            "eps_avg_yearly": 2.1,
            "eps_latest_yearly": 0.72,
            "eps_growth_yearly": 21.24
        },
        "20121": {
            "year_quarter": 20121,
            "year": 2012,
            "quarter": 1,
            "eps": 0.6,
            "eps_growth_year": 7.14,
            "eps_4q": 1.98,
            "eps_4q_growth_year": -11.91,
            "roe": 3.65,
            "gross_profit": 138027,
            "gross_margin": 17.19,
            "net_income": 86764,
            "revenue": 802896,
            "common_shares": 1440687,
            "equity": 2424305,
            "current_ratio": 216.24,
            "debt_ratio": 28.05,
            "inventory_turnover_ratio": 6,
            "account_receivable_turnover_ratio": 1.93,
            "reinvestment_rate": 51.2,
            "research_to_sale_ratio": null,
            "price_fair": 74.46,
            "eps_avg_yearly": 2.13,
            "eps_latest_yearly": 2.4,
            "eps_growth_yearly": 70.29
        },
        "20122": {
            "year_quarter": 20122,
            "year": 2012,
            "quarter": 2,
            "eps": 0.49,
            "eps_growth_year": -32.84,
            "eps_4q": 1.68,
            "eps_4q_growth_year": -25.45,
            "roe": 3.12,
            "gross_profit": 121650,
            "gross_margin": 19.89,
            "net_income": 73679,
            "revenue": 611704,
            "common_shares": 1440687,
            "equity": 2303372,
            "current_ratio": 187.45,
            "debt_ratio": 31.4,
            "inventory_turnover_ratio": 4.38,
            "account_receivable_turnover_ratio": 1.66,
            "reinvestment_rate": 48.11,
            "research_to_sale_ratio": null,
            "price_fair": 72.89,
            "eps_avg_yearly": 2.08,
            "eps_latest_yearly": 1.96,
            "eps_growth_yearly": 55.81
        },
        "20123": {
            "year_quarter": 20123,
            "year": 2012,
            "quarter": 3,
            "eps": 0.43,
            "eps_growth_year": -7.57,
            "eps_4q": 1.66,
            "eps_4q_growth_year": -20.58,
            "roe": 2.78,
            "gross_profit": 96936,
            "gross_margin": 18.37,
            "net_income": 65515,
            "revenue": 527643,
            "common_shares": 1512730,
            "equity": 2416509,
            "current_ratio": 209.27,
            "debt_ratio": 27.94,
            "inventory_turnover_ratio": 3.62,
            "account_receivable_turnover_ratio": 2.01,
            "reinvestment_rate": 50.23,
            "research_to_sale_ratio": null,
            "price_fair": 72.71,
            "eps_avg_yearly": 2.08,
            "eps_latest_yearly": 1.72,
            "eps_growth_yearly": 60.96
        },
        "20124": {
            "year_quarter": 20124,
            "year": 2012,
            "quarter": 4,
            "eps": 0.51,
            "eps_growth_year": 187.21,
            "eps_4q": 2.01,
            "eps_4q_growth_year": 5.75,
            "roe": 3.17,
            "gross_profit": 149015,
            "gross_margin": 18.82,
            "net_income": 77772,
            "revenue": 791792,
            "common_shares": 1512730,
            "equity": 2489796,
            "current_ratio": 200.81,
            "debt_ratio": 30.54,
            "inventory_turnover_ratio": 5.17,
            "account_receivable_turnover_ratio": 2.36,
            "reinvestment_rate": 48.43,
            "research_to_sale_ratio": null,
            "price_fair": 72.98,
            "eps_avg_yearly": 2.09,
            "eps_latest_yearly": 2.04,
            "eps_growth_yearly": 63.94
        },
        "20131": {
            "year_quarter": 20131,
            "year": 2013,
            "quarter": 1,
            "eps": 0.24,
            "eps_growth_year": -60,
            "eps_4q": 1.67,
            "eps_4q_growth_year": -15.38,
            "roe": 1.43,
            "gross_profit": 71376,
            "gross_margin": 9.98,
            "net_income": 35847,
            "revenue": 715437,
            "common_shares": 1512730,
            "equity": 2539644,
            "current_ratio": 213.19,
            "debt_ratio": 30.57,
            "inventory_turnover_ratio": 5.43,
            "account_receivable_turnover_ratio": 1.84,
            "reinvestment_rate": 57.23,
            "research_to_sale_ratio": null,
            "price_fair": 70,
            "eps_avg_yearly": 2,
            "eps_latest_yearly": 0.96,
            "eps_growth_yearly": 45.5
        },
        "20132": {
            "year_quarter": 20132,
            "year": 2013,
            "quarter": 2,
            "eps": 0.4,
            "eps_growth_year": -17.87,
            "eps_4q": 1.5,
            "eps_4q_growth_year": -10.64,
            "roe": 2.47,
            "gross_profit": 103417,
            "gross_margin": 16.51,
            "net_income": 61203,
            "revenue": 626357,
            "common_shares": 1512730,
            "equity": 2425104,
            "current_ratio": 180.95,
            "debt_ratio": 37.28,
            "inventory_turnover_ratio": 4.56,
            "account_receivable_turnover_ratio": 1.83,
            "reinvestment_rate": 61.21,
            "research_to_sale_ratio": null,
            "price_fair": 68.6,
            "eps_avg_yearly": 1.96,
            "eps_latest_yearly": 1.6,
            "eps_growth_yearly": 63.03
        },
        "20133": {
            "year_quarter": 20133,
            "year": 2013,
            "quarter": 3,
            "eps": 0.32,
            "eps_growth_year": -26.11,
            "eps_4q": 1.41,
            "eps_4q_growth_year": -15.1,
            "roe": 2.11,
            "gross_profit": 66098,
            "gross_margin": 13.32,
            "net_income": 51734,
            "revenue": 496186,
            "common_shares": 1603494,
            "equity": 2474717,
            "current_ratio": 207.18,
            "debt_ratio": 34.03,
            "inventory_turnover_ratio": 3.53,
            "account_receivable_turnover_ratio": 1.71,
            "reinvestment_rate": 69.94,
            "research_to_sale_ratio": null,
            "price_fair": 66.06,
            "eps_avg_yearly": 1.89,
            "eps_latest_yearly": 1.28,
            "eps_growth_yearly": 55.8
        },
        "20134": {
            "year_quarter": 20134,
            "year": 2013,
            "quarter": 4,
            "eps": 0.41,
            "eps_growth_year": -19.62,
            "eps_4q": 1.34,
            "eps_4q_growth_year": -33.2,
            "roe": 2.64,
            "gross_profit": 122172,
            "gross_margin": 16.85,
            "net_income": 66268,
            "revenue": 724960,
            "common_shares": 1603494,
            "equity": 2538872,
            "current_ratio": 188.3,
            "debt_ratio": 38.24,
            "inventory_turnover_ratio": 4.73,
            "account_receivable_turnover_ratio": 2.13,
            "reinvestment_rate": 41.14,
            "research_to_sale_ratio": null,
            "price_fair": 67.11,
            "eps_avg_yearly": 1.92,
            "eps_latest_yearly": 1.64,
            "eps_growth_yearly": 75.94
        },
        "20141": {
            "year_quarter": 20141,
            "year": 2014,
            "quarter": 1,
            "eps": 0.47,
            "eps_growth_year": 95.83,
            "eps_4q": 1.59,
            "eps_4q_growth_year": -4.91,
            "roe": 2.94,
            "gross_profit": 123895,
            "gross_margin": 14.61,
            "net_income": 75626,
            "revenue": 848161,
            "common_shares": 1603494,
            "equity": 2602049,
            "current_ratio": 198.79,
            "debt_ratio": 38.59,
            "inventory_turnover_ratio": 5.25,
            "account_receivable_turnover_ratio": 1.87,
            "reinvestment_rate": 44.59,
            "research_to_sale_ratio": null,
            "price_fair": 65.54,
            "eps_avg_yearly": 1.87,
            "eps_latest_yearly": 1.88,
            "eps_growth_yearly": 48.57
        },
        "20142": {
            "year_quarter": 20142,
            "year": 2014,
            "quarter": 2,
            "eps": 0.51,
            "eps_growth_year": 27.5,
            "eps_4q": 1.65,
            "eps_4q_growth_year": 10.22,
            "roe": 3.21,
            "gross_profit": 130446,
            "gross_margin": 19.5,
            "net_income": 81871,
            "revenue": 669114,
            "common_shares": 1603494,
            "equity": 2504304,
            "current_ratio": 173.5,
            "debt_ratio": 43.01,
            "inventory_turnover_ratio": 3.64,
            "account_receivable_turnover_ratio": 1.56,
            "reinvestment_rate": 58.12,
            "research_to_sale_ratio": null,
            "price_fair": 64.66,
            "eps_avg_yearly": 1.85,
            "eps_latest_yearly": 2.04,
            "eps_growth_yearly": 52.23
        },
        "20143": {
            "year_quarter": 20143,
            "year": 2014,
            "quarter": 3,
            "eps": 0.36,
            "eps_growth_year": 12.5,
            "eps_4q": 1.7,
            "eps_4q_growth_year": 20.34,
            "roe": 2.36,
            "gross_profit": 100680,
            "gross_margin": 18.88,
            "net_income": 59787,
            "revenue": 533207,
            "common_shares": 1667634,
            "equity": 2573149,
            "current_ratio": 188.9,
            "debt_ratio": 41.02,
            "inventory_turnover_ratio": 2.81,
            "account_receivable_turnover_ratio": 1.58,
            "reinvestment_rate": 74.22,
            "research_to_sale_ratio": null,
            "price_fair": 61.95,
            "eps_avg_yearly": 1.77,
            "eps_latest_yearly": 1.44,
            "eps_growth_yearly": 42.42
        },
        "20144": {
            "year_quarter": 20144,
            "year": 2014,
            "quarter": 4,
            "eps": 0.29,
            "eps_growth_year": -28.94,
            "eps_4q": 1.6,
            "eps_4q_growth_year": 19.05,
            "roe": 1.89,
            "gross_profit": 114977,
            "gross_margin": 16.01,
            "net_income": 48976,
            "revenue": 718137,
            "common_shares": 1667634,
            "equity": 2604684,
            "current_ratio": 170.64,
            "debt_ratio": 46.12,
            "inventory_turnover_ratio": 3.77,
            "account_receivable_turnover_ratio": 1.89,
            "reinvestment_rate": 80.03,
            "research_to_sale_ratio": null,
            "price_fair": 60.99,
            "eps_avg_yearly": 1.74,
            "eps_latest_yearly": 1.16,
            "eps_growth_yearly": 47.63
        },
        "20151": {
            "year_quarter": 20151,
            "year": 2015,
            "quarter": 1,
            "eps": 0.52,
            "eps_growth_year": 10.64,
            "eps_4q": 1.66,
            "eps_4q_growth_year": 4.51,
            "roe": 3.25,
            "gross_profit": 127494,
            "gross_margin": 18.16,
            "net_income": 86354,
            "revenue": 701953,
            "common_shares": 1667634,
            "equity": 2711380,
            "current_ratio": 178.02,
            "debt_ratio": 45.07,
            "inventory_turnover_ratio": 3.54,
            "account_receivable_turnover_ratio": 1.58,
            "reinvestment_rate": 90.88,
            "research_to_sale_ratio": null,
            "price_fair": 60.64,
            "eps_avg_yearly": 1.73,
            "eps_latest_yearly": 2.08,
            "eps_growth_yearly": 57.46
        },
        "20152": {
            "year_quarter": 20152,
            "year": 2015,
            "quarter": 2,
            "eps": 0.48,
            "eps_growth_year": -5.88,
            "eps_4q": 1.59,
            "eps_4q_growth_year": -3.87,
            "roe": 3.03,
            "gross_profit": 127902,
            "gross_margin": 23.81,
            "net_income": 80327,
            "revenue": 537265,
            "common_shares": 1667634,
            "equity": 2583115,
            "current_ratio": 167.98,
            "debt_ratio": 48.06,
            "inventory_turnover_ratio": 2.58,
            "account_receivable_turnover_ratio": 1.37,
            "reinvestment_rate": 96.4,
            "research_to_sale_ratio": null,
            "price_fair": 58.45,
            "eps_avg_yearly": 1.67,
            "eps_latest_yearly": 1.92,
            "eps_growth_yearly": 47.95
        },
        "20153": {
            "year_quarter": 20153,
            "year": 2015,
            "quarter": 3,
            "eps": 0.49,
            "eps_growth_year": 36.11,
            "eps_4q": 1.73,
            "eps_4q_growth_year": 1.72,
            "roe": 3.23,
            "gross_profit": 125484,
            "gross_margin": 26.98,
            "net_income": 84296,
            "revenue": 465027,
            "common_shares": 1734339,
            "equity": 2629245,
            "current_ratio": 195.32,
            "debt_ratio": 45.92,
            "inventory_turnover_ratio": 2.24,
            "account_receivable_turnover_ratio": 1.3,
            "reinvestment_rate": 103.46,
            "research_to_sale_ratio": null,
            "price_fair": 58.63,
            "eps_avg_yearly": 1.68,
            "eps_latest_yearly": 1.96,
            "eps_growth_yearly": 57.37
        },
        "20154": {
            "year_quarter": 20154,
            "year": 2015,
            "quarter": 4,
            "eps": 0.39,
            "eps_growth_year": 34.33,
            "eps_4q": 1.84,
            "eps_4q_growth_year": 15.34,
            "roe": 2.56,
            "gross_profit": 118348,
            "gross_margin": 22.31,
            "net_income": 68420,
            "revenue": 530415,
            "common_shares": 1734339,
            "equity": 2717655,
            "current_ratio": 210.87,
            "debt_ratio": 46.64,
            "inventory_turnover_ratio": 2.93,
            "account_receivable_turnover_ratio": 1.32,
            "reinvestment_rate": 98.21,
            "research_to_sale_ratio": null,
            "price_fair": 60.46,
            "eps_avg_yearly": 1.73,
            "eps_latest_yearly": 1.56,
            "eps_growth_yearly": 67.7
        },
        "20161": {
            "year_quarter": 20161,
            "year": 2016,
            "quarter": 1,
            "eps": 0.48,
            "eps_growth_year": -7.69,
            "eps_4q": 1.82,
            "eps_4q_growth_year": 9.84,
            "roe": 3.04,
            "gross_profit": 140598,
            "gross_margin": 23.04,
            "net_income": 83382,
            "revenue": 610127,
            "common_shares": 1734339,
            "equity": 2769894,
            "current_ratio": 221.11,
            "debt_ratio": 46,
            "inventory_turnover_ratio": 3.69,
            "account_receivable_turnover_ratio": 1.36,
            "reinvestment_rate": 102.49,
            "research_to_sale_ratio": null,
            "price_fair": 42.66,
            "eps_avg_yearly": 1.7,
            "eps_latest_yearly": 1.92,
            "eps_growth_yearly": 15.13
        },
        "20162": {
            "year_quarter": 20162,
            "year": 2016,
            "quarter": 2,
            "eps": 0.43,
            "eps_growth_year": -10.42,
            "eps_4q": 1.73,
            "eps_4q_growth_year": 8.69,
            "roe": 2.73,
            "gross_profit": 125773,
            "gross_margin": 27.39,
            "net_income": 73762,
            "revenue": 459117,
            "common_shares": 1734339,
            "equity": 2633322,
            "current_ratio": 184,
            "debt_ratio": 50.19,
            "inventory_turnover_ratio": 2.76,
            "account_receivable_turnover_ratio": 1.09,
            "reinvestment_rate": 113.96,
            "research_to_sale_ratio": null,
            "price_fair": 45.62,
            "eps_avg_yearly": 1.68,
            "eps_latest_yearly": 1.72,
            "eps_growth_yearly": 17.11
        },
        "20163": {
            "year_quarter": 20163,
            "year": 2016,
            "quarter": 3,
            "eps": 0.49,
            "eps_growth_year": 0,
            "eps_4q": 1.74,
            "eps_4q_growth_year": 0.85,
            "roe": 3.27,
            "gross_profit": 117478,
            "gross_margin": 28.46,
            "net_income": 87514,
            "revenue": 412837,
            "common_shares": 1795041,
            "equity": 2719464,
            "current_ratio": 213.23,
            "debt_ratio": 47.34,
            "inventory_turnover_ratio": 2.41,
            "account_receivable_turnover_ratio": 1.1,
            "reinvestment_rate": 112.04,
            "research_to_sale_ratio": null,
            "price_fair": 57.14,
            "eps_avg_yearly": 1.7,
            "eps_latest_yearly": 1.96,
            "eps_growth_yearly": 23.66
        },
        "20164": {
            "year_quarter": 20164,
            "year": 2016,
            "quarter": 4,
            "eps": 0.34,
            "eps_growth_year": -14.67,
            "eps_4q": 1.7,
            "eps_4q_growth_year": -7.71,
            "roe": 2.19,
            "gross_profit": 121143,
            "gross_margin": 24.67,
            "net_income": 60424,
            "revenue": 491023,
            "common_shares": 1795041,
            "equity": 2786443,
            "current_ratio": 208.42,
            "debt_ratio": 48,
            "inventory_turnover_ratio": 3.04,
            "account_receivable_turnover_ratio": 1.21,
            "reinvestment_rate": 127.16,
            "research_to_sale_ratio": null,
            "price_fair": 35.35,
            "eps_avg_yearly": 1.66,
            "eps_latest_yearly": 1.36,
            "eps_growth_yearly": 11.36
        },
        "20171": {
            "year_quarter": 20171,
            "year": 2017,
            "quarter": 1,
            "eps": 0.43,
            "eps_growth_year": -10.42,
            "eps_4q": 1.66,
            "eps_4q_growth_year": -8.79,
            "roe": 2.71,
            "gross_profit": 132021,
            "gross_margin": 22.65,
            "net_income": 77027,
            "revenue": 582954,
            "common_shares": 1795041,
            "equity": 2888848,
            "current_ratio": 220.13,
            "debt_ratio": 47.35,
            "inventory_turnover_ratio": 3.87,
            "account_receivable_turnover_ratio": 1.24,
            "reinvestment_rate": 120.93,
            "research_to_sale_ratio": null,
            "price_fair": 59.59,
            "eps_avg_yearly": 1.7,
            "eps_latest_yearly": 1.72,
            "eps_growth_yearly": 31.21
        },
        "20172": {
            "year_quarter": 20172,
            "year": 2017,
            "quarter": 2,
            "eps": 0.48,
            "eps_growth_year": 11.63,
            "eps_4q": 1.73,
            "eps_4q_growth_year": 0.45,
            "roe": 3.1,
            "gross_profit": 137196,
            "gross_margin": 25.23,
            "net_income": 86279,
            "revenue": 543676,
            "common_shares": 1795041,
            "equity": 2681221,
            "current_ratio": 181.73,
            "debt_ratio": 51.83,
            "inventory_turnover_ratio": 3.71,
            "account_receivable_turnover_ratio": 1.13,
            "reinvestment_rate": 118.77,
            "research_to_sale_ratio": null,
            "price_fair": 47.29,
            "eps_avg_yearly": 1.72,
            "eps_latest_yearly": 1.92,
            "eps_growth_yearly": 17.45
        },
        "20173": {
            "year_quarter": 20173,
            "year": 2017,
            "quarter": 3,
            "eps": 0.66,
            "eps_growth_year": 34.69,
            "eps_4q": 1.91,
            "eps_4q_growth_year": 9.23,
            "roe": 4.32,
            "gross_profit": 126682,
            "gross_margin": 26.92,
            "net_income": 118233,
            "revenue": 470522,
            "common_shares": 1795041,
            "equity": 2797237,
            "current_ratio": 227.32,
            "debt_ratio": 48.34,
            "inventory_turnover_ratio": 3.38,
            "account_receivable_turnover_ratio": 1.1,
            "reinvestment_rate": 111.19,
            "research_to_sale_ratio": null,
            "price_fair": 63.26,
            "eps_avg_yearly": 1.81,
            "eps_latest_yearly": 2.64,
            "eps_growth_yearly": 31.83
        },
        "20174": {
            "year_quarter": 20174,
            "year": 2017,
            "quarter": 4,
            "eps": 0.45,
            "eps_growth_year": 33.39,
            "eps_4q": 2.02,
            "eps_4q_growth_year": 18.7,
            "roe": 2.84,
            "gross_profit": 123328,
            "gross_margin": 21.62,
            "net_income": 80602,
            "revenue": 570332,
            "common_shares": 1795041,
            "equity": 2887889,
            "current_ratio": 229.94,
            "debt_ratio": 48.87,
            "inventory_turnover_ratio": 4.35,
            "account_receivable_turnover_ratio": 1.39,
            "reinvestment_rate": 103.03,
            "research_to_sale_ratio": null,
            "price_fair": 48.78,
            "eps_avg_yearly": 1.82,
            "eps_latest_yearly": 1.8,
            "eps_growth_yearly": 16.84
        },
        "20181": {
            "year_quarter": 20181,
            "year": 2018,
            "quarter": 1,
            "eps": 0.47,
            "eps_growth_year": 9.3,
            "eps_4q": 2.06,
            "eps_4q_growth_year": 23.85,
            "roe": 2.88,
            "gross_profit": 137896,
            "gross_margin": 21.02,
            "net_income": 84864,
            "revenue": 656150,
            "common_shares": 1795041,
            "equity": 3000482,
            "current_ratio": 239.78,
            "debt_ratio": 48.03,
            "inventory_turnover_ratio": 4.93,
            "account_receivable_turnover_ratio": 1.55,
            "reinvestment_rate": 101.94,
            "research_to_sale_ratio": null,
            "price_fair": 44.15,
            "eps_avg_yearly": 1.82,
            "eps_latest_yearly": 1.88,
            "eps_growth_yearly": 14.29
        },
        "20182": {
            "year_quarter": 20182,
            "year": 2018,
            "quarter": 2,
            "eps": 0.39,
            "eps_growth_year": -18.75,
            "eps_4q": 1.97,
            "eps_4q_growth_year": 13.68,
            "roe": 2.42,
            "gross_profit": 126204,
            "gross_margin": 24.49,
            "net_income": 70117,
            "revenue": 515240,
            "common_shares": 1795041,
            "equity": 2789458,
            "current_ratio": 184.94,
            "debt_ratio": 52.32,
            "inventory_turnover_ratio": 3.5,
            "account_receivable_turnover_ratio": 1.55,
            "reinvestment_rate": 54.26,
            "research_to_sale_ratio": null,
            "price_fair": 32.02,
            "eps_avg_yearly": 1.79,
            "eps_latest_yearly": 1.56,
            "eps_growth_yearly": 7.91
        },
        "20183": {
            "year_quarter": 20183,
            "year": 2018,
            "quarter": 3,
            "eps": 0.59,
            "eps_growth_year": -10.61,
            "eps_4q": 1.9,
            "eps_4q_growth_year": -0.39,
            "roe": 3.7,
            "gross_profit": 116180,
            "gross_margin": 23.47,
            "net_income": 105059,
            "revenue": 494973,
            "common_shares": 1795041,
            "equity": 2886121,
            "current_ratio": 206.09,
            "debt_ratio": 49.2,
            "inventory_turnover_ratio": 3.24,
            "account_receivable_turnover_ratio": 2,
            "reinvestment_rate": 46.08,
            "research_to_sale_ratio": null,
            "price_fair": 64.58,
            "eps_avg_yearly": 1.85,
            "eps_latest_yearly": 2.36,
            "eps_growth_yearly": 28.08
        },
        "20184": {
            "year_quarter": 20184,
            "year": 2018,
            "quarter": 4,
            "eps": 0.37,
            "eps_growth_year": -17.15,
            "eps_4q": 1.82,
            "eps_4q_growth_year": -9.75,
            "roe": 2.3,
            "gross_profit": 123659,
            "gross_margin": 19.98,
            "net_income": 66779,
            "revenue": 618970,
            "common_shares": 1795041,
            "equity": 2932702,
            "current_ratio": 213.61,
            "debt_ratio": 49.98,
            "inventory_turnover_ratio": 4.3,
            "account_receivable_turnover_ratio": 2.23,
            "reinvestment_rate": 48.16,
            "research_to_sale_ratio": null,
            "price_fair": 62.71,
            "eps_avg_yearly": 1.87,
            "eps_latest_yearly": 1.48,
            "eps_growth_yearly": 23.62
        },
        "20191": {
            "year_quarter": 20191,
            "year": 2019,
            "quarter": 1,
            "eps": 0.45,
            "eps_growth_year": -4.26,
            "eps_4q": 1.8,
            "eps_4q_growth_year": -12.8,
            "roe": 2.7,
            "gross_profit": 127932,
            "gross_margin": 18.88,
            "net_income": 80659,
            "revenue": 677645,
            "common_shares": 1795041,
            "equity": 3032896,
            "current_ratio": 216.32,
            "debt_ratio": 49.91,
            "inventory_turnover_ratio": 4.7,
            "account_receivable_turnover_ratio": 1.96,
            "reinvestment_rate": 44.14,
            "research_to_sale_ratio": null,
            "price_fair": 35.47,
            "eps_avg_yearly": 1.85,
            "eps_latest_yearly": 1.8,
            "eps_growth_yearly": 9.2
        },
        "20192": {
            "year_quarter": 20192,
            "year": 2019,
            "quarter": 2,
            "eps": 0.64,
            "eps_growth_year": 64.1,
            "eps_4q": 2.05,
            "eps_4q_growth_year": 3.84,
            "roe": 3.88,
            "gross_profit": 173035,
            "gross_margin": 27.05,
            "net_income": 114921,
            "revenue": 639752,
            "common_shares": 1795041,
            "equity": 2893031,
            "current_ratio": 185.78,
            "debt_ratio": 53.32,
            "inventory_turnover_ratio": 3.99,
            "account_receivable_turnover_ratio": 1.9,
            "reinvestment_rate": 41.65,
            "research_to_sale_ratio": null,
            "price_fair": 59.8,
            "eps_avg_yearly": 1.89,
            "eps_latest_yearly": 2.56,
            "eps_growth_yearly": 21.68
        },
        "20193": {
            "year_quarter": 20193,
            "year": 2019,
            "quarter": 3,
            "eps": 0.64,
            "eps_growth_year": 8.47,
            "eps_4q": 2.1,
            "eps_4q_growth_year": 10.69,
            "roe": 3.89,
            "gross_profit": 135406,
            "gross_margin": 25.97,
            "net_income": 114685,
            "revenue": 521423,
            "common_shares": 1795041,
            "equity": 2997786,
            "current_ratio": 216.53,
            "debt_ratio": 50.67,
            "inventory_turnover_ratio": 3.37,
            "account_receivable_turnover_ratio": 1.82,
            "reinvestment_rate": 38.63,
            "research_to_sale_ratio": null,
            "price_fair": 59.98,
            "eps_avg_yearly": 1.93,
            "eps_latest_yearly": 2.56,
            "eps_growth_yearly": 21.16
        },
        "20194": {
            "year_quarter": 20194,
            "year": 2019,
            "quarter": 4,
            "eps": 0.3,
            "eps_growth_year": -19.97,
            "eps_4q": 2.03,
            "eps_4q_growth_year": 11.29,
            "roe": 1.76,
            "gross_profit": 102422,
            "gross_margin": 18.16,
            "net_income": 53446,
            "revenue": 563880,
            "common_shares": 1795041,
            "equity": 3085117,
            "current_ratio": 204.03,
            "debt_ratio": 50.87,
            "inventory_turnover_ratio": 3.83,
            "account_receivable_turnover_ratio": 1.91,
            "reinvestment_rate": 29.11,
            "research_to_sale_ratio": null,
            "price_fair": 43.72,
            "eps_avg_yearly": 1.9,
            "eps_latest_yearly": 1.2,
            "eps_growth_yearly": 12.98
        },
        "20201": {
            "year_quarter": 20201,
            "year": 2020,
            "quarter": 1,
            "eps": 0.53,
            "eps_growth_year": 17.78,
            "eps_4q": 2.11,
            "eps_4q_growth_year": 17.4,
            "roe": 3.11,
            "gross_profit": 165809,
            "gross_margin": 24.21,
            "net_income": 95707,
            "revenue": 684889,
            "common_shares": 1795041,
            "equity": 3075156,
            "current_ratio": 201.79,
            "debt_ratio": 51.28,
            "inventory_turnover_ratio": 4.14,
            "account_receivable_turnover_ratio": 2.14,
            "reinvestment_rate": 28.25,
            "research_to_sale_ratio": null,
            "price_fair": 67.03,
            "eps_avg_yearly": 1.92,
            "eps_latest_yearly": 2.12,
            "eps_growth_yearly": 26.38
        },
        "20202": {
            "year_quarter": 20202,
            "year": 2020,
            "quarter": 2,
            "eps": 0.63,
            "eps_growth_year": -1.56,
            "eps_4q": 2.09,
            "eps_4q_growth_year": 2.26,
            "roe": 3.69,
            "gross_profit": 162224,
            "gross_margin": 29.25,
            "net_income": 111874,
            "revenue": 554701,
            "common_shares": 1795041,
            "equity": 2981120,
            "current_ratio": 168.76,
            "debt_ratio": 54.69,
            "inventory_turnover_ratio": 3.23,
            "account_receivable_turnover_ratio": 2.02,
            "reinvestment_rate": 23.35,
            "research_to_sale_ratio": null,
            "price_fair": 68.78,
            "eps_avg_yearly": 1.97,
            "eps_latest_yearly": 2.52,
            "eps_growth_yearly": 33.7
        },
        "20203": {
            "year_quarter": 20203,
            "year": 2020,
            "quarter": 3,
            "eps": 0.86,
            "eps_growth_year": 34.38,
            "eps_4q": 2.31,
            "eps_4q_growth_year": 10.18,
            "roe": 5.06,
            "gross_profit": 158354,
            "gross_margin": 33.68,
            "net_income": 154396,
            "revenue": 470214,
            "common_shares": 1795041,
            "equity": 3116120,
            "current_ratio": 181.25,
            "debt_ratio": 52.78,
            "inventory_turnover_ratio": 2.54,
            "account_receivable_turnover_ratio": 2.32,
            "reinvestment_rate": 21.97,
            "research_to_sale_ratio": null,
            "price_fair": 72.01,
            "eps_avg_yearly": 2.06,
            "eps_latest_yearly": 3.44,
            "eps_growth_yearly": 39.34
        },
        "20204": {
            "year_quarter": 20204,
            "year": 2020,
            "quarter": 4,
            "eps": 0.32,
            "eps_growth_year": 8.06,
            "eps_4q": 2.34,
            "eps_4q_growth_year": 15.4,
            "roe": 1.81,
            "gross_profit": 105213,
            "gross_margin": 21.56,
            "net_income": 57752,
            "revenue": 488013,
            "common_shares": 1795041,
            "equity": 3280603,
            "current_ratio": 169.07,
            "debt_ratio": 52.19,
            "inventory_turnover_ratio": 2.83,
            "account_receivable_turnover_ratio": 2.31,
            "reinvestment_rate": 14.71,
            "research_to_sale_ratio": null,
            "price_fair": 71.84,
            "eps_avg_yearly": 2.05,
            "eps_latest_yearly": 1.28,
            "eps_growth_yearly": 31.29
        },
        "20211": {
            "year_quarter": 20211,
            "year": 2021,
            "quarter": 1,
            "eps": 0.7,
            "eps_growth_year": 32.08,
            "eps_4q": 2.5,
            "eps_4q_growth_year": 18.49,
            "roe": 3.71,
            "gross_profit": 186056,
            "gross_margin": 30.12,
            "net_income": 124777,
            "revenue": 617807,
            "common_shares": 1795041,
            "equity": 3453682,
            "current_ratio": 181.67,
            "debt_ratio": 50.78,
            "inventory_turnover_ratio": 3.04,
            "account_receivable_turnover_ratio": 2.44,
            "reinvestment_rate": 13.67,
            "research_to_sale_ratio": null,
            "price_fair": 74.2,
            "eps_avg_yearly": 2.12,
            "eps_latest_yearly": 2.8,
            "eps_growth_yearly": 54.36
        },
        "20212": {
            "year_quarter": 20212,
            "year": 2021,
            "quarter": 2,
            "eps": 0.6,
            "eps_growth_year": -4.76,
            "eps_4q": 2.48,
            "eps_4q_growth_year": 18.35,
            "roe": 3.2,
            "gross_profit": 159967,
            "gross_margin": 31.29,
            "net_income": 107742,
            "revenue": 511226,
            "common_shares": 1795041,
            "equity": 3275061,
            "current_ratio": 158.44,
            "debt_ratio": 54.51,
            "inventory_turnover_ratio": 2.45,
            "account_receivable_turnover_ratio": 2.21,
            "reinvestment_rate": 10.57,
            "research_to_sale_ratio": null,
            "price_fair": 75.25,
            "eps_avg_yearly": 2.15,
            "eps_latest_yearly": 2.4,
            "eps_growth_yearly": 47.88
        },
        "20213": {
            "year_quarter": 20213,
            "year": 2021,
            "quarter": 3,
            "eps": 0.78,
            "eps_growth_year": -9.3,
            "eps_4q": 2.4,
            "eps_4q_growth_year": 3.57,
            "roe": 4.15,
            "gross_profit": 153639,
            "gross_margin": 32.29,
            "net_income": 139986,
            "revenue": 475803,
            "common_shares": 1795041,
            "equity": 3478067,
            "current_ratio": 173.23,
            "debt_ratio": 52.06,
            "inventory_turnover_ratio": 2.11,
            "account_receivable_turnover_ratio": 2.47,
            "reinvestment_rate": 7.83,
            "research_to_sale_ratio": null,
            "price_fair": 76.3,
            "eps_avg_yearly": 2.18,
            "eps_latest_yearly": 3.12,
            "eps_growth_yearly": 46.01
        },
        "20214": {
            "year_quarter": 20214,
            "year": 2021,
            "quarter": 4,
            "eps": 0.42,
            "eps_growth_year": 31.6,
            "eps_4q": 2.5,
            "eps_4q_growth_year": 6.86,
            "roe": 2.15,
            "gross_profit": 120940,
            "gross_margin": 22.51,
            "net_income": 75999,
            "revenue": 537324,
            "common_shares": 1795041,
            "equity": 3597713,
            "current_ratio": 166.36,
            "debt_ratio": 51.48,
            "inventory_turnover_ratio": 2.56,
            "account_receivable_turnover_ratio": 2.46,
            "reinvestment_rate": 5.48,
            "research_to_sale_ratio": null,
            "price_fair": 76.04,
            "eps_avg_yearly": 2.17,
            "eps_latest_yearly": 1.68,
            "eps_growth_yearly": 42.42
        },
        "20221": {
            "year_quarter": 20221,
            "year": 2022,
            "quarter": 1,
            "eps": 0.69,
            "eps_growth_year": -1.43,
            "eps_4q": 2.49,
            "eps_4q_growth_year": -0.23,
            "roe": 3.39,
            "gross_profit": 185424,
            "gross_margin": 28.71,
            "net_income": 124019,
            "revenue": 645929,
            "common_shares": 1795041,
            "equity": 3723506,
            "current_ratio": 173.53,
            "debt_ratio": 51.04,
            "inventory_turnover_ratio": 2.8,
            "account_receivable_turnover_ratio": 2.52,
            "reinvestment_rate": 4.5,
            "research_to_sale_ratio": null,
            "price_fair": 77.96,
            "eps_avg_yearly": 2.23,
            "eps_latest_yearly": 2.76,
            "eps_growth_yearly": 57.38
        },
        "20222": {
            "year_quarter": 20222,
            "year": 2022,
            "quarter": 2,
            "eps": 0.59,
            "eps_growth_year": -1.67,
            "eps_4q": 2.49,
            "eps_4q_growth_year": 0.38,
            "roe": 2.99,
            "gross_profit": 173639,
            "gross_margin": 30.82,
            "net_income": 106339,
            "revenue": 563335,
            "common_shares": 1795041,
            "equity": 3389621,
            "current_ratio": 145.62,
            "debt_ratio": 55.48,
            "inventory_turnover_ratio": 2.37,
            "account_receivable_turnover_ratio": 2.21,
            "reinvestment_rate": 35.66,
            "research_to_sale_ratio": null,
            "price_fair": 79.71,
            "eps_avg_yearly": 2.28,
            "eps_latest_yearly": 2.36,
            "eps_growth_yearly": 58.02
        },
        "20223": {
            "year_quarter": 20223,
            "year": 2022,
            "quarter": 3,
            "eps": 0.83,
            "eps_growth_year": 6.41,
            "eps_4q": 2.54,
            "eps_4q_growth_year": 5.94,
            "roe": 4.36,
            "gross_profit": 149348,
            "gross_margin": 30.62,
            "net_income": 149461,
            "revenue": 487740,
            "common_shares": 1795041,
            "equity": 3462187,
            "current_ratio": 155.3,
            "debt_ratio": 53.42,
            "inventory_turnover_ratio": 1.94,
            "account_receivable_turnover_ratio": 2.02,
            "reinvestment_rate": 31.75,
            "research_to_sale_ratio": null,
            "price_fair": 81.81,
            "eps_avg_yearly": 2.34,
            "eps_latest_yearly": 3.32,
            "eps_growth_yearly": 55.37
        },
        "20224": {
            "year_quarter": 20224,
            "year": 2022,
            "quarter": 4,
            "eps": 0.4,
            "eps_growth_year": -4.57,
            "eps_4q": 2.52,
            "eps_4q_growth_year": 0.86,
            "roe": 2.07,
            "gross_profit": 124297,
            "gross_margin": 23.04,
            "net_income": 72529,
            "revenue": 539554,
            "common_shares": 1795041,
            "equity": 3531477,
            "current_ratio": 151.51,
            "debt_ratio": 53.78,
            "inventory_turnover_ratio": 2.16,
            "account_receivable_turnover_ratio": 2.21,
            "reinvestment_rate": 26.07,
            "research_to_sale_ratio": null,
            "price_fair": 82.08,
            "eps_avg_yearly": 2.35,
            "eps_latest_yearly": 1.6,
            "eps_growth_yearly": 51.74
        },
        "20231": {
            "year_quarter": 20231,
            "year": 2023,
            "quarter": 1,
            "eps": 0.72,
            "eps_growth_year": 4.35,
            "eps_4q": 2.55,
            "eps_4q_growth_year": 2.17,
            "roe": 3.56,
            "gross_profit": 190038,
            "gross_margin": 28.89,
            "net_income": 129135,
            "revenue": 657882,
            "common_shares": 1795041,
            "equity": 3715722,
            "current_ratio": 155.82,
            "debt_ratio": 53.13,
            "inventory_turnover_ratio": 2.3,
            "account_receivable_turnover_ratio": 2.42,
            "reinvestment_rate": 23.82,
            "research_to_sale_ratio": null,
            "price_fair": 84.44,
            "eps_avg_yearly": 2.41,
            "eps_latest_yearly": 2.88,
            "eps_growth_yearly": 66.33
        }
    },
    "months": {
        "2001-06": {
            "month": "2001-06",
            "price": "12.38",
            "revenue": 101076
        },
        "2001-07": {
            "month": "2001-07",
            "price": "11.00",
            "revenue": 77739
        },
        "2001-08": {
            "month": "2001-08",
            "price": "10.60",
            "revenue": 97863
        },
        "2001-09": {
            "month": "2001-09",
            "price": "11.28",
            "revenue": 78963
        },
        "2001-10": {
            "month": "2001-10",
            "price": "12.30",
            "revenue": 102065
        },
        "2001-11": {
            "month": "2001-11",
            "price": "12.00",
            "revenue": 116098
        },
        "2001-12": {
            "month": "2001-12",
            "price": "12.30",
            "revenue": 118213
        },
        "2002-01": {
            "month": "2002-01",
            "price": "12.14",
            "revenue": 117441
        },
        "2002-02": {
            "month": "2002-02",
            "price": "12.34",
            "revenue": 105778
        },
        "2002-03": {
            "month": "2002-03",
            "price": "12.76",
            "revenue": 101983
        },
        "2002-04": {
            "month": "2002-04",
            "price": "13.28",
            "revenue": 94703
        },
        "2002-05": {
            "month": "2002-05",
            "price": "13.30",
            "revenue": 90355
        },
        "2002-06": {
            "month": "2002-06",
            "price": "12.93",
            "revenue": 72300
        },
        "2002-07": {
            "month": "2002-07",
            "price": "11.97",
            "revenue": 69357
        },
        "2002-08": {
            "month": "2002-08",
            "price": "11.86",
            "revenue": 77244
        },
        "2002-09": {
            "month": "2002-09",
            "price": "12.01",
            "revenue": 89476
        },
        "2002-10": {
            "month": "2002-10",
            "price": "11.80",
            "revenue": 100513
        },
        "2002-11": {
            "month": "2002-11",
            "price": "11.48",
            "revenue": 109163
        },
        "2002-12": {
            "month": "2002-12",
            "price": "11.90",
            "revenue": 128911
        },
        "2003-01": {
            "month": "2003-01",
            "price": "11.78",
            "revenue": 111837
        },
        "2003-02": {
            "month": "2003-02",
            "price": "11.63",
            "revenue": 105936
        },
        "2003-03": {
            "month": "2003-03",
            "price": "12.09",
            "revenue": 126668
        },
        "2003-04": {
            "month": "2003-04",
            "price": "12.08",
            "revenue": 103790
        },
        "2003-05": {
            "month": "2003-05",
            "price": "11.86",
            "revenue": 108255
        },
        "2003-06": {
            "month": "2003-06",
            "price": "11.93",
            "revenue": 108220
        },
        "2003-07": {
            "month": "2003-07",
            "price": "12.33",
            "revenue": 79791
        },
        "2003-08": {
            "month": "2003-08",
            "price": "12.60",
            "revenue": 66690
        },
        "2003-09": {
            "month": "2003-09",
            "price": "13.46",
            "revenue": 80983
        },
        "2003-10": {
            "month": "2003-10",
            "price": "13.70",
            "revenue": 94183
        },
        "2003-11": {
            "month": "2003-11",
            "price": "13.18",
            "revenue": 107354
        },
        "2003-12": {
            "month": "2003-12",
            "price": "13.28",
            "revenue": 131132
        },
        "2004-01": {
            "month": "2004-01",
            "price": "13.62",
            "revenue": 129504
        },
        "2004-02": {
            "month": "2004-02",
            "price": "14.24",
            "revenue": 123815
        },
        "2004-03": {
            "month": "2004-03",
            "price": "13.84",
            "revenue": 137532
        },
        "2004-04": {
            "month": "2004-04",
            "price": "13.24",
            "revenue": 117729
        },
        "2004-05": {
            "month": "2004-05",
            "price": "13.18",
            "revenue": 105452
        },
        "2004-06": {
            "month": "2004-06",
            "price": "13.32",
            "revenue": 108468
        },
        "2004-07": {
            "month": "2004-07",
            "price": "13.26",
            "revenue": 94956
        },
        "2004-08": {
            "month": "2004-08",
            "price": "13.02",
            "revenue": 92652
        },
        "2004-09": {
            "month": "2004-09",
            "price": "13.29",
            "revenue": 101125
        },
        "2004-10": {
            "month": "2004-10",
            "price": "13.48",
            "revenue": 101739
        },
        "2004-11": {
            "month": "2004-11",
            "price": "13.24",
            "revenue": 115458
        },
        "2004-12": {
            "month": "2004-12",
            "price": "13.26",
            "revenue": 136988
        },
        "2005-01": {
            "month": "2005-01",
            "price": "13.80",
            "revenue": 156726
        },
        "2005-02": {
            "month": "2005-02",
            "price": "14.47",
            "revenue": 139101
        },
        "2005-03": {
            "month": "2005-03",
            "price": "14.85",
            "revenue": 173762
        },
        "2005-04": {
            "month": "2005-04",
            "price": "14.25",
            "revenue": 130552
        },
        "2005-05": {
            "month": "2005-05",
            "price": "14.52",
            "revenue": 107166
        },
        "2005-06": {
            "month": "2005-06",
            "price": "14.62",
            "revenue": 107825
        },
        "2005-07": {
            "month": "2005-07",
            "price": "14.54",
            "revenue": 122382
        },
        "2005-08": {
            "month": "2005-08",
            "price": "14.20",
            "revenue": 119621
        },
        "2005-09": {
            "month": "2005-09",
            "price": "14.16",
            "revenue": 98564
        },
        "2005-10": {
            "month": "2005-10",
            "price": "14.07",
            "revenue": 124044
        },
        "2005-11": {
            "month": "2005-11",
            "price": "14.01",
            "revenue": 127963
        },
        "2005-12": {
            "month": "2005-12",
            "price": "14.07",
            "revenue": 167651
        },
        "2006-01": {
            "month": "2006-01",
            "price": "14.15",
            "revenue": 156624
        },
        "2006-02": {
            "month": "2006-02",
            "price": "13.98",
            "revenue": 152308
        },
        "2006-03": {
            "month": "2006-03",
            "price": "13.94",
            "revenue": 168529
        },
        "2006-04": {
            "month": "2006-04",
            "price": "13.84",
            "revenue": 131727
        },
        "2006-05": {
            "month": "2006-05",
            "price": "15.04",
            "revenue": 135070
        },
        "2006-06": {
            "month": "2006-06",
            "price": "14.42",
            "revenue": 114517
        },
        "2006-07": {
            "month": "2006-07",
            "price": "13.90",
            "revenue": 97242
        },
        "2006-08": {
            "month": "2006-08",
            "price": "13.80",
            "revenue": 109418
        },
        "2006-09": {
            "month": "2006-09",
            "price": "13.99",
            "revenue": 111818
        },
        "2006-10": {
            "month": "2006-10",
            "price": "14.14",
            "revenue": 116258
        },
        "2006-11": {
            "month": "2006-11",
            "price": "14.25",
            "revenue": 140899
        },
        "2006-12": {
            "month": "2006-12",
            "price": "14.60",
            "revenue": 210588
        },
        "2007-01": {
            "month": "2007-01",
            "price": "15.00",
            "revenue": 188321
        },
        "2007-02": {
            "month": "2007-02",
            "price": "15.26",
            "revenue": 186400
        },
        "2007-03": {
            "month": "2007-03",
            "price": "15.22",
            "revenue": 165494
        },
        "2007-04": {
            "month": "2007-04",
            "price": "16.16",
            "revenue": 156096
        },
        "2007-05": {
            "month": "2007-05",
            "price": "16.31",
            "revenue": 146004
        },
        "2007-06": {
            "month": "2007-06",
            "price": "17.16",
            "revenue": 128164
        },
        "2007-07": {
            "month": "2007-07",
            "price": "19.61",
            "revenue": 119143
        },
        "2007-08": {
            "month": "2007-08",
            "price": "17.82",
            "revenue": 165791
        },
        "2007-09": {
            "month": "2007-09",
            "price": "18.66",
            "revenue": 139779
        },
        "2007-10": {
            "month": "2007-10",
            "price": "18.80",
            "revenue": 139688
        },
        "2007-11": {
            "month": "2007-11",
            "price": "18.62",
            "revenue": 156316
        },
        "2007-12": {
            "month": "2007-12",
            "price": "18.43",
            "revenue": 197995
        },
        "2008-01": {
            "month": "2008-01",
            "price": "18.56",
            "revenue": 193754
        },
        "2008-02": {
            "month": "2008-02",
            "price": "18.58",
            "revenue": 208266
        },
        "2008-03": {
            "month": "2008-03",
            "price": "19.73",
            "revenue": 168029
        },
        "2008-04": {
            "month": "2008-04",
            "price": "22.00",
            "revenue": 177931
        },
        "2008-05": {
            "month": "2008-05",
            "price": "25.04",
            "revenue": 181441
        },
        "2008-06": {
            "month": "2008-06",
            "price": "22.21",
            "revenue": 172145
        },
        "2008-07": {
            "month": "2008-07",
            "price": "21.13",
            "revenue": 164676
        },
        "2008-08": {
            "month": "2008-08",
            "price": "19.98",
            "revenue": 183174
        },
        "2008-09": {
            "month": "2008-09",
            "price": "18.32",
            "revenue": 155109
        },
        "2008-10": {
            "month": "2008-10",
            "price": "18.22",
            "revenue": 291887
        },
        "2008-11": {
            "month": "2008-11",
            "price": "17.96",
            "revenue": 183090
        },
        "2008-12": {
            "month": "2008-12",
            "price": "18.44",
            "revenue": 196344
        },
        "2009-01": {
            "month": "2009-01",
            "price": "20.04",
            "revenue": 219948
        },
        "2009-02": {
            "month": "2009-02",
            "price": "20.42",
            "revenue": 198626
        },
        "2009-03": {
            "month": "2009-03",
            "price": "21.60",
            "revenue": 205856
        },
        "2009-04": {
            "month": "2009-04",
            "price": "23.38",
            "revenue": 234170
        },
        "2009-05": {
            "month": "2009-05",
            "price": "24.66",
            "revenue": 172324
        },
        "2009-06": {
            "month": "2009-06",
            "price": "24.70",
            "revenue": 161158
        },
        "2009-07": {
            "month": "2009-07",
            "price": "25.08",
            "revenue": 128309
        },
        "2009-08": {
            "month": "2009-08",
            "price": "24.44",
            "revenue": 136977
        },
        "2009-09": {
            "month": "2009-09",
            "price": "25.17",
            "revenue": 240138
        },
        "2009-10": {
            "month": "2009-10",
            "price": "25.40",
            "revenue": 148634
        },
        "2009-11": {
            "month": "2009-11",
            "price": "25.39",
            "revenue": 176063
        },
        "2009-12": {
            "month": "2009-12",
            "price": "26.09",
            "revenue": 234969
        },
        "2010-01": {
            "month": "2010-01",
            "price": "26.51",
            "revenue": 243301
        },
        "2010-02": {
            "month": "2010-02",
            "price": "25.92",
            "revenue": 211343
        },
        "2010-03": {
            "month": "2010-03",
            "price": "26.59",
            "revenue": 228023
        },
        "2010-04": {
            "month": "2010-04",
            "price": "27.31",
            "revenue": 233453
        },
        "2010-05": {
            "month": "2010-05",
            "price": "27.68",
            "revenue": 176919
        },
        "2010-06": {
            "month": "2010-06",
            "price": "27.87",
            "revenue": 179595
        },
        "2010-07": {
            "month": "2010-07",
            "price": "28.72",
            "revenue": 153938
        },
        "2010-08": {
            "month": "2010-08",
            "price": "29.01",
            "revenue": 170594
        },
        "2010-09": {
            "month": "2010-09",
            "price": "28.57",
            "revenue": 173177
        },
        "2010-10": {
            "month": "2010-10",
            "price": "29.01",
            "revenue": 161700
        },
        "2010-11": {
            "month": "2010-11",
            "price": "30.39",
            "revenue": 219904
        },
        "2010-12": {
            "month": "2010-12",
            "price": "30.51",
            "revenue": 214096
        },
        "2011-01": {
            "month": "2011-01",
            "price": "31.00",
            "revenue": 247139
        },
        "2011-02": {
            "month": "2011-02",
            "price": "30.89",
            "revenue": 190914
        },
        "2011-03": {
            "month": "2011-03",
            "price": "31.19",
            "revenue": 231822
        },
        "2011-04": {
            "month": "2011-04",
            "price": "32.65",
            "revenue": 224218
        },
        "2011-05": {
            "month": "2011-05",
            "price": "34.30",
            "revenue": 245320
        },
        "2011-06": {
            "month": "2011-06",
            "price": "35.55",
            "revenue": 168147
        },
        "2011-07": {
            "month": "2011-07",
            "price": "36.36",
            "revenue": 153097
        },
        "2011-08": {
            "month": "2011-08",
            "price": "35.85",
            "revenue": 152811
        },
        "2011-09": {
            "month": "2011-09",
            "price": "33.08",
            "revenue": 180480
        },
        "2011-10": {
            "month": "2011-10",
            "price": "34.62",
            "revenue": 190911
        },
        "2011-11": {
            "month": "2011-11",
            "price": "36.13",
            "revenue": 185382
        },
        "2011-12": {
            "month": "2011-12",
            "price": "36.55",
            "revenue": 266144
        },
        "2012-01": {
            "month": "2012-01",
            "price": "36.61",
            "revenue": 253564
        },
        "2012-02": {
            "month": "2012-02",
            "price": "37.00",
            "revenue": 250403
        },
        "2012-03": {
            "month": "2012-03",
            "price": "38.84",
            "revenue": 290889
        },
        "2012-04": {
            "month": "2012-04",
            "price": "37.44",
            "revenue": 214697
        },
        "2012-05": {
            "month": "2012-05",
            "price": "37.07",
            "revenue": 209062
        },
        "2012-06": {
            "month": "2012-06",
            "price": "36.84",
            "revenue": 186280
        },
        "2012-07": {
            "month": "2012-07",
            "price": "38.24",
            "revenue": 151073
        },
        "2012-08": {
            "month": "2012-08",
            "price": "38.84",
            "revenue": 189849
        },
        "2012-09": {
            "month": "2012-09",
            "price": "38.67",
            "revenue": 186721
        },
        "2012-10": {
            "month": "2012-10",
            "price": "38.56",
            "revenue": 199024
        },
        "2012-11": {
            "month": "2012-11",
            "price": "38.23",
            "revenue": 270714
        },
        "2012-12": {
            "month": "2012-12",
            "price": "39.66",
            "revenue": 322054
        },
        "2013-01": {
            "month": "2013-01",
            "price": "40.40",
            "revenue": 262905
        },
        "2013-02": {
            "month": "2013-02",
            "price": "41.50",
            "revenue": 221176
        },
        "2013-03": {
            "month": "2013-03",
            "price": "42.69",
            "revenue": 231355
        },
        "2013-04": {
            "month": "2013-04",
            "price": "44.89",
            "revenue": 252012
        },
        "2013-05": {
            "month": "2013-05",
            "price": "44.09",
            "revenue": 207944
        },
        "2013-06": {
            "month": "2013-06",
            "price": "39.38",
            "revenue": 166401
        },
        "2013-07": {
            "month": "2013-07",
            "price": "40.98",
            "revenue": 165982
        },
        "2013-08": {
            "month": "2013-08",
            "price": "41.38",
            "revenue": 162395
        },
        "2013-09": {
            "month": "2013-09",
            "price": "39.16",
            "revenue": 167810
        },
        "2013-10": {
            "month": "2013-10",
            "price": "38.85",
            "revenue": 206723
        },
        "2013-11": {
            "month": "2013-11",
            "price": "39.21",
            "revenue": 229685
        },
        "2013-12": {
            "month": "2013-12",
            "price": "39.43",
            "revenue": 280383
        },
        "2014-01": {
            "month": "2014-01",
            "price": "40.57",
            "revenue": 285087
        },
        "2014-02": {
            "month": "2014-02",
            "price": "40.52",
            "revenue": 287042
        },
        "2014-03": {
            "month": "2014-03",
            "price": "40.92",
            "revenue": 284185
        },
        "2014-04": {
            "month": "2014-04",
            "price": "42.53",
            "revenue": 249960
        },
        "2014-05": {
            "month": "2014-05",
            "price": "42.64",
            "revenue": 229636
        },
        "2014-06": {
            "month": "2014-06",
            "price": "43.26",
            "revenue": 189489
        },
        "2014-07": {
            "month": "2014-07",
            "price": "45.17",
            "revenue": 183375
        },
        "2014-08": {
            "month": "2014-08",
            "price": "45.32",
            "revenue": 167645
        },
        "2014-09": {
            "month": "2014-09",
            "price": "44.87",
            "revenue": 182215
        },
        "2014-10": {
            "month": "2014-10",
            "price": "43.30",
            "revenue": 203131
        },
        "2014-11": {
            "month": "2014-11",
            "price": "42.27",
            "revenue": 222835
        },
        "2014-12": {
            "month": "2014-12",
            "price": "41.99",
            "revenue": 282972
        },
        "2015-01": {
            "month": "2015-01",
            "price": "41.37",
            "revenue": 248101
        },
        "2015-02": {
            "month": "2015-02",
            "price": "42.01",
            "revenue": 225061
        },
        "2015-03": {
            "month": "2015-03",
            "price": "42.92",
            "revenue": 237958
        },
        "2015-04": {
            "month": "2015-04",
            "price": "43.82",
            "revenue": 200719
        },
        "2015-05": {
            "month": "2015-05",
            "price": "45.43",
            "revenue": 179919
        },
        "2015-06": {
            "month": "2015-06",
            "price": "44.64",
            "revenue": 156620
        },
        "2015-07": {
            "month": "2015-07",
            "price": "44.11",
            "revenue": 149308
        },
        "2015-08": {
            "month": "2015-08",
            "price": "42.29",
            "revenue": 153517
        },
        "2015-09": {
            "month": "2015-09",
            "price": "39.77",
            "revenue": 157723
        },
        "2015-10": {
            "month": "2015-10",
            "price": "40.51",
            "revenue": 166349
        },
        "2015-11": {
            "month": "2015-11",
            "price": "40.43",
            "revenue": 162667
        },
        "2015-12": {
            "month": "2015-12",
            "price": "40.26",
            "revenue": 205816
        },
        "2016-01": {
            "month": "2016-01",
            "price": "39.78",
            "revenue": 210998
        },
        "2016-02": {
            "month": "2016-02",
            "price": "40.04",
            "revenue": 189564
        },
        "2016-03": {
            "month": "2016-03",
            "price": "40.40",
            "revenue": 209926
        },
        "2016-04": {
            "month": "2016-04",
            "price": "40.48",
            "revenue": 174496
        },
        "2016-05": {
            "month": "2016-05",
            "price": "40.49",
            "revenue": 157733
        },
        "2016-06": {
            "month": "2016-06",
            "price": "41.17",
            "revenue": 136475
        },
        "2016-07": {
            "month": "2016-07",
            "price": "41.77",
            "revenue": 125952
        },
        "2016-08": {
            "month": "2016-08",
            "price": "42.04",
            "revenue": 139697
        },
        "2016-09": {
            "month": "2016-09",
            "price": "41.04",
            "revenue": 137167
        },
        "2016-10": {
            "month": "2016-10",
            "price": "41.42",
            "revenue": 139413
        },
        "2016-11": {
            "month": "2016-11",
            "price": "41.70",
            "revenue": 156465
        },
        "2016-12": {
            "month": "2016-12",
            "price": "41.36",
            "revenue": 195128
        },
        "2017-01": {
            "month": "2017-01",
            "price": "41.48",
            "revenue": 190833
        },
        "2017-02": {
            "month": "2017-02",
            "price": "41.94",
            "revenue": 182502
        },
        "2017-03": {
            "month": "2017-03",
            "price": "42.06",
            "revenue": 209619
        },
        "2017-04": {
            "month": "2017-04",
            "price": "40.57",
            "revenue": 183091
        },
        "2017-05": {
            "month": "2017-05",
            "price": "40.06",
            "revenue": 180641
        },
        "2017-06": {
            "month": "2017-06",
            "price": "40.23",
            "revenue": 179943
        },
        "2017-07": {
            "month": "2017-07",
            "price": "40.32",
            "revenue": 159670
        },
        "2017-08": {
            "month": "2017-08",
            "price": "39.82",
            "revenue": 156118
        },
        "2017-09": {
            "month": "2017-09",
            "price": "40.08",
            "revenue": 154735
        },
        "2017-10": {
            "month": "2017-10",
            "price": "40.29",
            "revenue": 153004
        },
        "2017-11": {
            "month": "2017-11",
            "price": "40.25",
            "revenue": 208730
        },
        "2017-12": {
            "month": "2017-12",
            "price": "40.19",
            "revenue": 208598
        },
        "2018-01": {
            "month": "2018-01",
            "price": "40.77",
            "revenue": 246558
        },
        "2018-02": {
            "month": "2018-02",
            "price": "40.48",
            "revenue": 213800
        },
        "2018-03": {
            "month": "2018-03",
            "price": "40.45",
            "revenue": 195795
        },
        "2018-04": {
            "month": "2018-04",
            "price": "40.31",
            "revenue": 187121
        },
        "2018-05": {
            "month": "2018-05",
            "price": "40.34",
            "revenue": 170283
        },
        "2018-06": {
            "month": "2018-06",
            "price": "40.57",
            "revenue": 157836
        },
        "2018-07": {
            "month": "2018-07",
            "price": "40.33",
            "revenue": 158768
        },
        "2018-08": {
            "month": "2018-08",
            "price": "39.73",
            "revenue": 158501
        },
        "2018-09": {
            "month": "2018-09",
            "price": "40.09",
            "revenue": 177705
        },
        "2018-10": {
            "month": "2018-10",
            "price": "39.26",
            "revenue": 202585
        },
        "2018-11": {
            "month": "2018-11",
            "price": "39.31",
            "revenue": 196183
        },
        "2018-12": {
            "month": "2018-12",
            "price": "39.88",
            "revenue": 220201
        },
        "2019-01": {
            "month": "2019-01",
            "price": "39.72",
            "revenue": 241178
        },
        "2019-02": {
            "month": "2019-02",
            "price": "39.99",
            "revenue": 205005
        },
        "2019-03": {
            "month": "2019-03",
            "price": "40.46",
            "revenue": 231462
        },
        "2019-04": {
            "month": "2019-04",
            "price": "40.63",
            "revenue": 228526
        },
        "2019-05": {
            "month": "2019-05",
            "price": "40.52",
            "revenue": 219661
        },
        "2019-06": {
            "month": "2019-06",
            "price": "40.73",
            "revenue": 191566
        },
        "2019-07": {
            "month": "2019-07",
            "price": "40.58",
            "revenue": 172882
        },
        "2019-08": {
            "month": "2019-08",
            "price": "39.93",
            "revenue": 162200
        },
        "2019-09": {
            "month": "2019-09",
            "price": "40.86",
            "revenue": 186340
        },
        "2019-10": {
            "month": "2019-10",
            "price": "41.32",
            "revenue": 170653
        },
        "2019-11": {
            "month": "2019-11",
            "price": "41.54",
            "revenue": 178691
        },
        "2019-12": {
            "month": "2019-12",
            "price": "41.76",
            "revenue": 203536
        },
        "2020-01": {
            "month": "2020-01",
            "price": "42.18",
            "revenue": 224004
        },
        "2020-02": {
            "month": "2020-02",
            "price": "42.22",
            "revenue": 235108
        },
        "2020-03": {
            "month": "2020-03",
            "price": "39.94",
            "revenue": 225778
        },
        "2020-04": {
            "month": "2020-04",
            "price": "40.78",
            "revenue": 219046
        },
        "2020-05": {
            "month": "2020-05",
            "price": "42.00",
            "revenue": 185176
        },
        "2020-06": {
            "month": "2020-06",
            "price": "42.57",
            "revenue": 150479
        },
        "2020-07": {
            "month": "2020-07",
            "price": "42.07",
            "revenue": 143816
        },
        "2020-08": {
            "month": "2020-08",
            "price": "41.68",
            "revenue": 150536
        },
        "2020-09": {
            "month": "2020-09",
            "price": "42.78",
            "revenue": 175862
        },
        "2020-10": {
            "month": "2020-10",
            "price": "43.94",
            "revenue": 155560
        },
        "2020-11": {
            "month": "2020-11",
            "price": "44.48",
            "revenue": 148738
        },
        "2020-12": {
            "month": "2020-12",
            "price": "48.09",
            "revenue": 183714
        },
        "2021-01": {
            "month": "2021-01",
            "price": "47.55",
            "revenue": 229327
        },
        "2021-02": {
            "month": "2021-02",
            "price": "48.27",
            "revenue": 189902
        },
        "2021-03": {
            "month": "2021-03",
            "price": "48.60",
            "revenue": 198578
        },
        "2021-04": {
            "month": "2021-04",
            "price": "48.47",
            "revenue": 188442
        },
        "2021-05": {
            "month": "2021-05",
            "price": "47.92",
            "revenue": 168630
        },
        "2021-06": {
            "month": "2021-06",
            "price": "47.91",
            "revenue": 154153
        },
        "2021-07": {
            "month": "2021-07",
            "price": "48.16",
            "revenue": 154786
        },
        "2021-08": {
            "month": "2021-08",
            "price": "47.24",
            "revenue": 156727
        },
        "2021-09": {
            "month": "2021-09",
            "price": "48.31",
            "revenue": 164290
        },
        "2021-10": {
            "month": "2021-10",
            "price": "48.34",
            "revenue": 164136
        },
        "2021-11": {
            "month": "2021-11",
            "price": "48.65",
            "revenue": 183768
        },
        "2021-12": {
            "month": "2021-12",
            "price": "48.77",
            "revenue": 189420
        },
        "2022-01": {
            "month": "2022-01",
            "price": "48.99",
            "revenue": 224033
        },
        "2022-02": {
            "month": "2022-02",
            "price": "48.98",
            "revenue": 207234
        },
        "2022-03": {
            "month": "2022-03",
            "price": "49.34",
            "revenue": 214663
        },
        "2022-04": {
            "month": "2022-04",
            "price": "50.43",
            "revenue": 195078
        },
        "2022-05": {
            "month": "2022-05",
            "price": "50.38",
            "revenue": 202713
        },
        "2022-06": {
            "month": "2022-06",
            "price": "51.26",
            "revenue": 165543
        },
        "2022-07": {
            "month": "2022-07",
            "price": "52.55",
            "revenue": 165373
        },
        "2022-08": {
            "month": "2022-08",
            "price": "52.20",
            "revenue": 157646
        },
        "2022-09": {
            "month": "2022-09",
            "price": "51.88",
            "revenue": 164721
        },
        "2022-10": {
            "month": "2022-10",
            "price": "51.02",
            "revenue": 175129
        },
        "2022-11": {
            "month": "2022-11",
            "price": "51.65",
            "revenue": 164863
        },
        "2022-12": {
            "month": "2022-12",
            "price": "51.49",
            "revenue": 199562
        },
        "2023-01": {
            "month": "2023-01",
            "price": "51.53",
            "revenue": 234677
        },
        "2023-02": {
            "month": "2023-02",
            "price": "51.79",
            "revenue": 210040
        },
        "2023-03": {
            "month": "2023-03",
            "price": "51.92",
            "revenue": 213165
        },
        "2023-04": {
            "month": "2023-04",
            "price": "51.77",
            "revenue": 197287
        }
    }
}
