{
    "summary": {
        "stock_name": "泰銘",
        "stock_id": "9927",
        "category": "其他",
        "main_business": "鉛錠、鉛合金錠、紅丹粉、黃丹粉、氧化鉛等製造加工買賣<br>前各項有關國內外產品代理經銷報價、投標業務及進出口貿易業務<br>一般及事業廢棄物清除、回收處理業務",
        "website_url": "http://www.tmicl.com.tw",
        "ceo": "李茂生",
        "pe_ratio": 13,
        "report_year_from": 2001,
        "report_year_to": 2023,
        "age": 23,
        "eps_negative_percentage": 4,
        "eps_growth_avg": {
            "last_all": 8.82,
            "last_2y": 48.93,
            "last_4y": 31.26,
            "last_8y": 16.12,
            "last_12y": 13.45,
            "last_16y": 8.79,
            "last_20y": 9.9,
            "at_2006_last_3y": 14.33,
            "at_2007_last_3y": 39.45,
            "at_2008_last_3y": -10.55,
            "at_2009_last_3y": 0.12,
            "at_2010_last_3y": -11.41,
            "at_2011_last_3y": -59.75,
            "at_2012_last_3y": -10.99,
            "at_2013_last_3y": -1.97,
            "at_2014_last_3y": 7.46,
            "at_2015_last_3y": 10.5,
            "at_2016_last_3y": 13.78,
            "at_2017_last_3y": 14.01,
            "at_2018_last_3y": -2.8,
            "at_2019_last_3y": 15.47,
            "at_2020_last_3y": -7.07,
            "at_2021_last_3y": 11.44,
            "at_2022_last_3y": 27.5,
            "at_2023_last_3y": 29.02,
            "at_2024_last_3y": 29.02,
            "at_2006_last_all": 8.9,
            "at_2007_last_all": 24.08,
            "at_2008_last_all": 6.35,
            "at_2009_last_all": 6.35,
            "at_2010_last_all": 1.28,
            "at_2011_last_all": -3.86,
            "at_2012_last_all": 1.15,
            "at_2013_last_all": 3.33,
            "at_2014_last_all": 3.34,
            "at_2015_last_all": 0.55,
            "at_2016_last_all": 4.76,
            "at_2017_last_all": 6.17,
            "at_2018_last_all": 1.8,
            "at_2019_last_all": 4.06,
            "at_2020_last_all": 2.13,
            "at_2021_last_all": 7.28,
            "at_2022_last_all": 6.94,
            "at_2023_last_all": 8.82,
            "at_2024_last_all": 8.82
        },
        "latest_eps": 5.94,
        "latest_price": 74.3,
        "latest_roe": 16,
        "latest_gross_margin": 17.04,
        "latest_equity": 6366759,
        "latest_revenue": 2421575,
        "latest_gross_profit": 412750,
        "latest_net_income": 169443,
        "latest_debt_ratio": 16.67,
        "latest_current_ratio": 682.11,
        "latest_account_receivable_turnover_ratio": 2.08,
        "latest_inventory_turnover_ratio": 1.03,
        "latest_reinvestment_rate": 0.16,
        "latest_research_to_sale_ratio": null
    },
    "eps_dividends": {
        "1997": {
            "cash": 0,
            "stock": 2.5,
            "eps": 0
        },
        "1998": {
            "cash": 0.2,
            "stock": 0.2,
            "eps": 0
        },
        "1999": {
            "cash": 0,
            "stock": 1.5,
            "eps": 0
        },
        "2000": {
            "cash": 1.5,
            "stock": 1.5,
            "eps": 0
        },
        "2001": {
            "cash": 1,
            "stock": 0.5,
            "eps": 2.26
        },
        "2002": {
            "cash": 0.5,
            "stock": 1,
            "eps": 1.97
        },
        "2003": {
            "cash": 0.5,
            "stock": 1,
            "eps": 1.96
        },
        "2004": {
            "cash": 1,
            "stock": 1,
            "eps": 4.7
        },
        "2005": {
            "cash": 3.5,
            "stock": 0,
            "eps": 2.7
        },
        "2006": {
            "cash": 2.5,
            "stock": 0,
            "eps": 2.71
        },
        "2007": {
            "cash": 2.5,
            "stock": 0,
            "eps": 8.82
        },
        "2008": {
            "cash": 6.6,
            "stock": 0.47,
            "eps": -1.33
        },
        "2009": {
            "cash": 0,
            "stock": 0,
            "eps": 5.2
        },
        "2010": {
            "cash": 3.5,
            "stock": 0.5,
            "eps": 3.42
        },
        "2011": {
            "cash": 3.89,
            "stock": 0,
            "eps": 1.88
        },
        "2012": {
            "cash": 0,
            "stock": 0,
            "eps": 2.75
        },
        "2013": {
            "cash": 2.2,
            "stock": 0.25,
            "eps": 3.44
        },
        "2014": {
            "cash": 2,
            "stock": 0,
            "eps": 3.56
        },
        "2015": {
            "cash": 2.5,
            "stock": 0,
            "eps": 2.39
        },
        "2016": {
            "cash": 2,
            "stock": 0,
            "eps": 3.81
        },
        "2017": {
            "cash": 2.5,
            "stock": 0,
            "eps": 4.8
        },
        "2018": {
            "cash": 3,
            "stock": 0,
            "eps": 1.74
        },
        "2019": {
            "cash": 1.38,
            "stock": 0,
            "eps": 2.44
        },
        "2020": {
            "cash": 2,
            "stock": 0,
            "eps": 1.69
        },
        "2021": {
            "cash": 1,
            "stock": 0,
            "eps": 4.04
        },
        "2022": {
            "cash": 4.5,
            "stock": 0,
            "eps": 4.06
        },
        "2023": {
            "cash": 4,
            "stock": 0,
            "eps": 5.94
        },
        "2024": {
            "cash": 5.15,
            "stock": 0,
            "eps": 0
        }
    },
    "dividends": {
        "1997-06-27": {
            "cash": 0,
            "stock": 2.5
        },
        "1998-06-01": {
            "cash": 0.2,
            "stock": 0.2
        },
        "1999-04-01": {
            "cash": 0,
            "stock": 1.5
        },
        "2000-05-24": {
            "cash": 1.5,
            "stock": 1.5
        },
        "2001-06-19": {
            "cash": 1,
            "stock": 0.5
        },
        "2002-06-21": {
            "cash": 0.5,
            "stock": 1
        },
        "2003-04-08": {
            "cash": 0.5,
            "stock": 1
        },
        "2004-04-05": {
            "cash": 1,
            "stock": 1
        },
        "2005-05-13": {
            "cash": 3.5,
            "stock": 0
        },
        "2006-03-23": {
            "cash": 2.5,
            "stock": 0
        },
        "2007-03-29": {
            "cash": 2.5,
            "stock": 0
        },
        "2008-03-31": {
            "cash": 6.6,
            "stock": 0.47
        },
        "2010-03-25": {
            "cash": 3.5,
            "stock": 0.5
        },
        "2011-01-01": {
            "cash": 1.6,
            "stock": 0
        },
        "2011-03-24": {
            "cash": 2.29,
            "stock": 0
        },
        "2013-03-21": {
            "cash": 2.2,
            "stock": 0.25
        },
        "2014-10-16": {
            "cash": 2,
            "stock": 0
        },
        "2015-10-02": {
            "cash": 2.5,
            "stock": 0
        },
        "2016-10-05": {
            "cash": 2,
            "stock": 0
        },
        "2017-09-11": {
            "cash": 2.5,
            "stock": 0
        },
        "2018-09-21": {
            "cash": 3,
            "stock": 0
        },
        "2019-09-20": {
            "cash": 1.38,
            "stock": 0
        },
        "2020-09-22": {
            "cash": 2,
            "stock": 0
        },
        "2021-09-24": {
            "cash": 1,
            "stock": 0
        },
        "2022-10-07": {
            "cash": 4.5,
            "stock": 0
        },
        "2023-10-19": {
            "cash": 4,
            "stock": 0
        },
        "2024-03-15": {
            "cash": 5.15,
            "stock": 0
        }
    },
    "prices": {
        "200101": "9.35",
        "200102": "11.64",
        "200103": "16.19",
        "200104": "19.42",
        "200105": "16.34",
        "200106": "15.24",
        "200107": "12.23",
        "200108": "14.16",
        "200109": "13.00",
        "200110": "12.89",
        "200111": "14.35",
        "200112": "17.52",
        "200201": "23.88",
        "200202": "25.04",
        "200203": "28.52",
        "200204": "27.30",
        "200205": "25.34",
        "200206": "26.46",
        "200207": "26.12",
        "200208": "24.55",
        "200209": "22.00",
        "200210": "18.18",
        "200211": "20.20",
        "200212": "20.27",
        "200301": "22.06",
        "200302": "22.15",
        "200303": "19.30",
        "200304": "18.05",
        "200305": "16.61",
        "200306": "18.40",
        "200307": "20.35",
        "200308": "19.85",
        "200309": "19.01",
        "200310": "21.39",
        "200311": "23.36",
        "200312": "23.96",
        "200401": "24.79",
        "200402": "33.81",
        "200403": "44.61",
        "200404": "40.27",
        "200405": "30.65",
        "200406": "31.30",
        "200407": "32.25",
        "200408": "33.85",
        "200409": "40.12",
        "200410": "36.61",
        "200411": "32.22",
        "200412": "32.84",
        "200501": "32.77",
        "200502": "32.59",
        "200503": "31.73",
        "200504": "27.99",
        "200505": "26.54",
        "200506": "28.54",
        "200507": "28.13",
        "200508": "28.02",
        "200509": "26.59",
        "200510": "20.46",
        "200511": "19.57",
        "200512": "21.03",
        "200601": "23.02",
        "200602": "24.28",
        "200603": "23.91",
        "200604": "26.49",
        "200605": "27.11",
        "200606": "24.84",
        "200607": "25.36",
        "200608": "24.44",
        "200609": "24.40",
        "200610": "25.21",
        "200611": "26.43",
        "200612": "27.64",
        "200701": "28.02",
        "200702": "27.14",
        "200703": "28.96",
        "200704": "33.79",
        "200705": "35.29",
        "200706": "40.20",
        "200707": "51.75",
        "200708": "51.17",
        "200709": "64.66",
        "200710": "77.38",
        "200711": "70.10",
        "200712": "61.20",
        "200801": "60.40",
        "200802": "57.42",
        "200803": "59.20",
        "200804": "63.06",
        "200805": "58.65",
        "200806": "48.79",
        "200807": "41.90",
        "200808": "38.14",
        "200809": "19.25",
        "200810": "16.82",
        "200811": "14.04",
        "200812": "13.40",
        "200901": "14.31",
        "200902": "15.01",
        "200903": "19.47",
        "200904": "25.15",
        "200905": "29.09",
        "200906": "30.69",
        "200907": "31.11",
        "200908": "36.40",
        "200909": "41.87",
        "200910": "45.42",
        "200911": "45.78",
        "200912": "46.61",
        "201001": "46.73",
        "201002": "39.40",
        "201003": "43.78",
        "201004": "45.90",
        "201005": "41.69",
        "201006": "40.98",
        "201007": "41.41",
        "201008": "41.32",
        "201009": "34.26",
        "201010": "36.30",
        "201011": "36.20",
        "201012": "35.85",
        "201101": "36.99",
        "201102": "37.94",
        "201103": "38.20",
        "201104": "41.09",
        "201105": "39.18",
        "201106": "39.35",
        "201107": "39.98",
        "201108": "34.90",
        "201109": "34.24",
        "201110": "31.78",
        "201111": "29.89",
        "201112": "28.10",
        "201201": "26.93",
        "201202": "29.74",
        "201203": "29.84",
        "201204": "27.69",
        "201205": "27.23",
        "201206": "26.00",
        "201207": "26.15",
        "201208": "27.40",
        "201209": "30.22",
        "201210": "29.24",
        "201211": "28.38",
        "201212": "29.78",
        "201301": "31.70",
        "201302": "32.31",
        "201303": "31.22",
        "201304": "31.56",
        "201305": "33.45",
        "201306": "35.03",
        "201307": "36.40",
        "201308": "37.19",
        "201309": "33.51",
        "201310": "33.63",
        "201311": "32.98",
        "201312": "34.13",
        "201401": "35.02",
        "201402": "34.76",
        "201403": "35.05",
        "201404": "35.32",
        "201405": "34.55",
        "201406": "35.34",
        "201407": "37.10",
        "201408": "38.07",
        "201409": "35.69",
        "201410": "33.78",
        "201411": "34.60",
        "201412": "35.70",
        "201501": "36.27",
        "201502": "37.25",
        "201503": "38.42",
        "201504": "40.19",
        "201505": "39.24",
        "201506": "36.59",
        "201507": "34.30",
        "201508": "32.03",
        "201509": "28.56",
        "201510": "30.27",
        "201511": "28.75",
        "201512": "27.30",
        "201601": "27.45",
        "201602": "28.80",
        "201603": "30.18",
        "201604": "30.15",
        "201605": "29.78",
        "201606": "30.06",
        "201607": "31.35",
        "201608": "32.23",
        "201609": "31.40",
        "201610": "31.01",
        "201611": "32.83",
        "201612": "35.68",
        "201701": "35.44",
        "201702": "36.34",
        "201703": "37.38",
        "201704": "37.61",
        "201705": "37.84",
        "201706": "39.18",
        "201707": "39.59",
        "201708": "37.95",
        "201709": "37.62",
        "201710": "38.38",
        "201711": "39.07",
        "201712": "38.92",
        "201801": "40.12",
        "201802": "39.34",
        "201803": "39.73",
        "201804": "40.08",
        "201805": "39.20",
        "201806": "39.57",
        "201807": "39.20",
        "201808": "37.43",
        "201809": "34.75",
        "201810": "32.86",
        "201811": "30.44",
        "201812": "30.49",
        "201901": "31.41",
        "201902": "32.33",
        "201903": "32.78",
        "201904": "31.86",
        "201905": "31.21",
        "201906": "31.02",
        "201907": "32.03",
        "201908": "31.47",
        "201909": "31.21",
        "201910": "31.59",
        "201911": "32.22",
        "201912": "32.21",
        "202001": "32.18",
        "202002": "31.10",
        "202003": "28.82",
        "202004": "29.80",
        "202005": "30.04",
        "202006": "30.16",
        "202007": "30.27",
        "202008": "29.87",
        "202009": "28.42",
        "202010": "27.72",
        "202011": "28.69",
        "202012": "29.70",
        "202101": "29.92",
        "202102": "30.30",
        "202103": "30.04",
        "202104": "30.35",
        "202105": "31.10",
        "202106": "34.87",
        "202107": "41.39",
        "202108": "36.96",
        "202109": "33.04",
        "202110": "31.77",
        "202111": "33.32",
        "202112": "38.54",
        "202201": "38.10",
        "202202": "38.26",
        "202203": "41.57",
        "202204": "47.08",
        "202205": "45.18",
        "202206": "43.68",
        "202207": "39.65",
        "202208": "41.99",
        "202209": "36.35",
        "202210": "34.42",
        "202211": "36.65",
        "202212": "37.54",
        "202301": "37.88",
        "202302": "38.82",
        "202303": "41.03",
        "202304": "44.21",
        "202305": "45.17",
        "202306": "45.58",
        "202307": "47.59",
        "202308": "56.39",
        "202309": "60.00",
        "202310": "56.64",
        "202311": "63.91",
        "202312": "70.61",
        "202401": "67.13",
        "202402": "70.08",
        "202403": "74.90",
        "202404": "無"
    },
    "quarters": {
        "20011": {
            "year_quarter": 20011,
            "year": 2001,
            "quarter": 1,
            "eps": 0.71,
            "eps_growth_year": 222.73,
            "eps_4q": 1.31,
            "eps_4q_growth_year": 4.71,
            "roe": 5.67,
            "roe_4q": 5.67,
            "gross_profit": 96104,
            "gross_margin": 20.4,
            "gross_margin_4q_avg": 20.4,
            "net_income": 75767,
            "net_income_4q": null,
            "revenue": 471027,
            "revenue_4q": null,
            "common_shares": 1073606,
            "book_valuer_per_share": 12.76,
            "book_valuer_per_share_4q_avg": 12.76,
            "equity": 1369692,
            "current_ratio": 548.43,
            "debt_ratio": 12.43,
            "inventory_turnover_ratio": 1.29,
            "account_receivable_turnover_ratio": null,
            "reinvestment_rate": null,
            "research_to_sale_ratio": null,
            "price_fair": 0,
            "eps_avg_yearly": 0,
            "eps_latest_yearly": 0,
            "eps_growth_yearly": 0
        },
        "20012": {
            "year_quarter": 20012,
            "year": 2001,
            "quarter": 2,
            "eps": 0.34,
            "eps_growth_year": 277.78,
            "eps_4q": 1.59,
            "eps_4q_growth_year": 77.89,
            "roe": 2.65,
            "roe_4q": 8.32,
            "gross_profit": 69042,
            "gross_margin": 15.35,
            "gross_margin_4q_avg": 17.88,
            "net_income": 36051,
            "net_income_4q": null,
            "revenue": 449699,
            "revenue_4q": null,
            "common_shares": 1073606,
            "book_valuer_per_share": 12.55,
            "book_valuer_per_share_4q_avg": 12.66,
            "equity": 1347703,
            "current_ratio": 373.57,
            "debt_ratio": 15.7,
            "inventory_turnover_ratio": 1.21,
            "account_receivable_turnover_ratio": null,
            "reinvestment_rate": null,
            "research_to_sale_ratio": null,
            "price_fair": 0,
            "eps_avg_yearly": 0,
            "eps_latest_yearly": 0,
            "eps_growth_yearly": 0
        },
        "20013": {
            "year_quarter": 20013,
            "year": 2001,
            "quarter": 3,
            "eps": 0.5,
            "eps_growth_year": 85.19,
            "eps_4q": 1.84,
            "eps_4q_growth_year": 127.85,
            "roe": 3.87,
            "roe_4q": 12.19,
            "gross_profit": 95544,
            "gross_margin": 21.57,
            "gross_margin_4q_avg": 19.11,
            "net_income": 53152,
            "net_income_4q": null,
            "revenue": 443006,
            "revenue_4q": null,
            "common_shares": 1073606,
            "book_valuer_per_share": 13.05,
            "book_valuer_per_share_4q_avg": 12.79,
            "equity": 1400856,
            "current_ratio": 197.79,
            "debt_ratio": 31.82,
            "inventory_turnover_ratio": 1.09,
            "account_receivable_turnover_ratio": null,
            "reinvestment_rate": null,
            "research_to_sale_ratio": null,
            "price_fair": 0,
            "eps_avg_yearly": 0,
            "eps_latest_yearly": 0,
            "eps_growth_yearly": 0
        },
        "20014": {
            "year_quarter": 20014,
            "year": 2001,
            "quarter": 4,
            "eps": 0.71,
            "eps_growth_year": 144.83,
            "eps_4q": 2.18,
            "eps_4q_growth_year": 172.74,
            "roe": 5.51,
            "roe_4q": 17.7,
            "gross_profit": 103522,
            "gross_margin": 22.36,
            "gross_margin_4q_avg": 19.92,
            "net_income": 79882,
            "net_income_4q": null,
            "revenue": 463057,
            "revenue_4q": null,
            "common_shares": 1127286,
            "book_valuer_per_share": 13.01,
            "book_valuer_per_share_4q_avg": 12.84,
            "equity": 1501062,
            "current_ratio": 389.22,
            "debt_ratio": 18.71,
            "inventory_turnover_ratio": 1.16,
            "account_receivable_turnover_ratio": null,
            "reinvestment_rate": null,
            "research_to_sale_ratio": null,
            "price_fair": 0,
            "eps_avg_yearly": 0,
            "eps_latest_yearly": 0,
            "eps_growth_yearly": 0
        },
        "20021": {
            "year_quarter": 20021,
            "year": 2002,
            "quarter": 1,
            "eps": 0.75,
            "eps_growth_year": 5.63,
            "eps_4q": 2.24,
            "eps_4q_growth_year": 70.67,
            "roe": 5.54,
            "roe_4q": 17.57,
            "gross_profit": 132326,
            "gross_margin": 23.88,
            "gross_margin_4q_avg": 20.79,
            "net_income": 84920,
            "net_income_4q": null,
            "revenue": 554215,
            "revenue_4q": null,
            "common_shares": 1127286,
            "book_valuer_per_share": 13.89,
            "book_valuer_per_share_4q_avg": 13.13,
            "equity": 1565562,
            "current_ratio": 165.74,
            "debt_ratio": 29.21,
            "inventory_turnover_ratio": 1.49,
            "account_receivable_turnover_ratio": null,
            "reinvestment_rate": null,
            "research_to_sale_ratio": null,
            "price_fair": 97.61,
            "eps_avg_yearly": 3,
            "eps_latest_yearly": 3,
            "eps_growth_yearly": 22.54
        },
        "20022": {
            "year_quarter": 20022,
            "year": 2002,
            "quarter": 2,
            "eps": 0.63,
            "eps_growth_year": 85.29,
            "eps_4q": 2.56,
            "eps_4q_growth_year": 61.56,
            "roe": 4.53,
            "roe_4q": 19.45,
            "gross_profit": 121026,
            "gross_margin": 23.02,
            "gross_margin_4q_avg": 22.71,
            "net_income": 71004,
            "net_income_4q": null,
            "revenue": 525673,
            "revenue_4q": null,
            "common_shares": 1127286,
            "book_valuer_per_share": 13.89,
            "book_valuer_per_share_4q_avg": 13.46,
            "equity": 1566219,
            "current_ratio": 159.52,
            "debt_ratio": 34.88,
            "inventory_turnover_ratio": 1.32,
            "account_receivable_turnover_ratio": null,
            "reinvestment_rate": null,
            "research_to_sale_ratio": null,
            "price_fair": 8.28,
            "eps_avg_yearly": 2.76,
            "eps_latest_yearly": 2.52,
            "eps_growth_yearly": -20.73
        },
        "20023": {
            "year_quarter": 20023,
            "year": 2002,
            "quarter": 3,
            "eps": 0.25,
            "eps_growth_year": -50,
            "eps_4q": 2.15,
            "eps_4q_growth_year": 16.62,
            "roe": 1.96,
            "roe_4q": 17.54,
            "gross_profit": 68347,
            "gross_margin": 14,
            "gross_margin_4q_avg": 20.82,
            "net_income": 31041,
            "net_income_4q": null,
            "revenue": 488114,
            "revenue_4q": null,
            "common_shares": 1127286,
            "book_valuer_per_share": 14.17,
            "book_valuer_per_share_4q_avg": 13.74,
            "equity": 1597668,
            "current_ratio": 149.38,
            "debt_ratio": 33.69,
            "inventory_turnover_ratio": 1.15,
            "account_receivable_turnover_ratio": null,
            "reinvestment_rate": null,
            "research_to_sale_ratio": null,
            "price_fair": 6.52,
            "eps_avg_yearly": 2.17,
            "eps_latest_yearly": 1,
            "eps_growth_yearly": -94.24
        },
        "20024": {
            "year_quarter": 20024,
            "year": 2002,
            "quarter": 4,
            "eps": 0.34,
            "eps_growth_year": -52.11,
            "eps_4q": 1.83,
            "eps_4q_growth_year": -15.76,
            "roe": 2.45,
            "roe_4q": 14.48,
            "gross_profit": 111311,
            "gross_margin": 21.07,
            "gross_margin_4q_avg": 20.49,
            "net_income": 42566,
            "net_income_4q": null,
            "revenue": 528273,
            "revenue_4q": null,
            "common_shares": 1240014,
            "book_valuer_per_share": 13.23,
            "book_valuer_per_share_4q_avg": 13.8,
            "equity": 1883311,
            "current_ratio": 178.35,
            "debt_ratio": 34.14,
            "inventory_turnover_ratio": 0.98,
            "account_receivable_turnover_ratio": null,
            "reinvestment_rate": 49.07,
            "research_to_sale_ratio": null,
            "price_fair": 5.91,
            "eps_avg_yearly": 1.97,
            "eps_latest_yearly": 1.36,
            "eps_growth_yearly": -34.68
        },
        "20031": {
            "year_quarter": 20031,
            "year": 2003,
            "quarter": 1,
            "eps": 0.45,
            "eps_growth_year": -40,
            "eps_4q": 1.61,
            "eps_4q_growth_year": -28.29,
            "roe": 3.14,
            "roe_4q": 12.08,
            "gross_profit": 108854,
            "gross_margin": 21.92,
            "gross_margin_4q_avg": 20,
            "net_income": 56159,
            "net_income_4q": null,
            "revenue": 496676,
            "revenue_4q": null,
            "common_shares": 1240014,
            "book_valuer_per_share": 13.68,
            "book_valuer_per_share_4q_avg": 13.74,
            "equity": 1696899,
            "current_ratio": 157.75,
            "debt_ratio": 36.67,
            "inventory_turnover_ratio": 0.9,
            "account_receivable_turnover_ratio": null,
            "reinvestment_rate": -7.55,
            "research_to_sale_ratio": null,
            "price_fair": 5.81,
            "eps_avg_yearly": 1.94,
            "eps_latest_yearly": 1.8,
            "eps_growth_yearly": -1.86
        },
        "20032": {
            "year_quarter": 20032,
            "year": 2003,
            "quarter": 2,
            "eps": 0.29,
            "eps_growth_year": -53.97,
            "eps_4q": 1.34,
            "eps_4q_growth_year": -47.72,
            "roe": 2.13,
            "roe_4q": 9.68,
            "gross_profit": 118003,
            "gross_margin": 23.38,
            "gross_margin_4q_avg": 20.09,
            "net_income": 35824,
            "net_income_4q": null,
            "revenue": 504707,
            "revenue_4q": null,
            "common_shares": 1240014,
            "book_valuer_per_share": 13.41,
            "book_valuer_per_share_4q_avg": 13.62,
            "equity": 1662972,
            "current_ratio": 159.43,
            "debt_ratio": 36.9,
            "inventory_turnover_ratio": 0.99,
            "account_receivable_turnover_ratio": null,
            "reinvestment_rate": -9.29,
            "research_to_sale_ratio": null,
            "price_fair": 5.42,
            "eps_avg_yearly": 1.81,
            "eps_latest_yearly": 1.16,
            "eps_growth_yearly": -25.26
        },
        "20033": {
            "year_quarter": 20033,
            "year": 2003,
            "quarter": 3,
            "eps": 0.55,
            "eps_growth_year": 120,
            "eps_4q": 1.53,
            "eps_4q_growth_year": -28.67,
            "roe": 4.43,
            "roe_4q": 12.149999999999999,
            "gross_profit": 134620,
            "gross_margin": 23.25,
            "gross_margin_4q_avg": 22.41,
            "net_income": 75282,
            "net_income_4q": null,
            "revenue": 578921,
            "revenue_4q": null,
            "common_shares": 1364015,
            "book_valuer_per_share": 12.74,
            "book_valuer_per_share_4q_avg": 13.27,
            "equity": 1738254,
            "current_ratio": 164.56,
            "debt_ratio": 37.78,
            "inventory_turnover_ratio": 1.14,
            "account_receivable_turnover_ratio": null,
            "reinvestment_rate": -8.95,
            "research_to_sale_ratio": null,
            "price_fair": 65.2,
            "eps_avg_yearly": 1.86,
            "eps_latest_yearly": 2.2,
            "eps_growth_yearly": 29.58
        },
        "20034": {
            "year_quarter": 20034,
            "year": 2003,
            "quarter": 4,
            "eps": 0.67,
            "eps_growth_year": 97.06,
            "eps_4q": 1.89,
            "eps_4q_growth_year": 3.07,
            "roe": 4.85,
            "roe_4q": 14.55,
            "gross_profit": 209952,
            "gross_margin": 29.18,
            "gross_margin_4q_avg": 24.43,
            "net_income": 91887,
            "net_income_4q": null,
            "revenue": 719587,
            "revenue_4q": null,
            "common_shares": 1364015,
            "book_valuer_per_share": 13.42,
            "book_valuer_per_share_4q_avg": 13.31,
            "equity": 2053758,
            "current_ratio": 197.13,
            "debt_ratio": 35.1,
            "inventory_turnover_ratio": 1.3,
            "account_receivable_turnover_ratio": null,
            "reinvestment_rate": 22.5,
            "research_to_sale_ratio": null,
            "price_fair": 68.78,
            "eps_avg_yearly": 1.97,
            "eps_latest_yearly": 2.68,
            "eps_growth_yearly": 36.79
        },
        "20041": {
            "year_quarter": 20041,
            "year": 2004,
            "quarter": 1,
            "eps": 1.69,
            "eps_growth_year": 275.56,
            "eps_4q": 3.18,
            "eps_4q_growth_year": 97.44,
            "roe": 11.22,
            "roe_4q": 22.63,
            "gross_profit": 312238,
            "gross_margin": 30.26,
            "gross_margin_4q_avg": 26.52,
            "net_income": 230806,
            "net_income_4q": null,
            "revenue": 1031856,
            "revenue_4q": null,
            "common_shares": 1364015,
            "book_valuer_per_share": 15.11,
            "book_valuer_per_share_4q_avg": 13.67,
            "equity": 2061110,
            "current_ratio": 192.06,
            "debt_ratio": 34.87,
            "inventory_turnover_ratio": 1.26,
            "account_receivable_turnover_ratio": null,
            "reinvestment_rate": -6.27,
            "research_to_sale_ratio": null,
            "price_fair": 87.42,
            "eps_avg_yearly": 2.5,
            "eps_latest_yearly": 6.76,
            "eps_growth_yearly": 100.37
        },
        "20042": {
            "year_quarter": 20042,
            "year": 2004,
            "quarter": 2,
            "eps": 0.58,
            "eps_growth_year": 100,
            "eps_4q": 3.49,
            "eps_4q_growth_year": 160.2,
            "roe": 3.92,
            "roe_4q": 24.42,
            "gross_profit": 183746,
            "gross_margin": 17.08,
            "gross_margin_4q_avg": 24.94,
            "net_income": 79379,
            "net_income_4q": null,
            "revenue": 1075837,
            "revenue_4q": null,
            "common_shares": 1364015,
            "book_valuer_per_share": 14.61,
            "book_valuer_per_share_4q_avg": 13.97,
            "equity": 1992720,
            "current_ratio": 161.01,
            "debt_ratio": 43.16,
            "inventory_turnover_ratio": 1.23,
            "account_receivable_turnover_ratio": null,
            "reinvestment_rate": -4.29,
            "research_to_sale_ratio": null,
            "price_fair": 86.8,
            "eps_avg_yearly": 2.48,
            "eps_latest_yearly": 2.32,
            "eps_growth_yearly": 64.06
        },
        "20043": {
            "year_quarter": 20043,
            "year": 2004,
            "quarter": 3,
            "eps": 1.14,
            "eps_growth_year": 107.27,
            "eps_4q": 3.82,
            "eps_4q_growth_year": 149.34,
            "roe": 8.22,
            "roe_4q": 28.21,
            "gross_profit": 265343,
            "gross_margin": 22.13,
            "gross_margin_4q_avg": 24.66,
            "net_income": 170878,
            "net_income_4q": null,
            "revenue": 1198807,
            "revenue_4q": null,
            "common_shares": 1500417,
            "book_valuer_per_share": 14.42,
            "book_valuer_per_share_4q_avg": 14.39,
            "equity": 2163598,
            "current_ratio": 199.33,
            "debt_ratio": 34.75,
            "inventory_turnover_ratio": 1.41,
            "account_receivable_turnover_ratio": null,
            "reinvestment_rate": -3.53,
            "research_to_sale_ratio": null,
            "price_fair": 93.42,
            "eps_avg_yearly": 2.67,
            "eps_latest_yearly": 4.56,
            "eps_growth_yearly": 93.34
        },
        "20044": {
            "year_quarter": 20044,
            "year": 2004,
            "quarter": 4,
            "eps": 1.29,
            "eps_growth_year": 92.54,
            "eps_4q": 4.5,
            "eps_4q_growth_year": 138.11,
            "roe": 8.1,
            "roe_4q": 31.46,
            "gross_profit": 291663,
            "gross_margin": 23.74,
            "gross_margin_4q_avg": 23.3,
            "net_income": 193364,
            "net_income_4q": null,
            "revenue": 1228534,
            "revenue_4q": null,
            "common_shares": 1500417,
            "book_valuer_per_share": 15.7,
            "book_valuer_per_share_4q_avg": 14.96,
            "equity": 2613332,
            "current_ratio": 216.23,
            "debt_ratio": 35.22,
            "inventory_turnover_ratio": 1.18,
            "account_receivable_turnover_ratio": null,
            "reinvestment_rate": 17.59,
            "research_to_sale_ratio": null,
            "price_fair": 100.68,
            "eps_avg_yearly": 2.88,
            "eps_latest_yearly": 5.16,
            "eps_growth_yearly": 89.95
        },
        "20051": {
            "year_quarter": 20051,
            "year": 2005,
            "quarter": 1,
            "eps": 0.8,
            "eps_growth_year": -52.66,
            "eps_4q": 3.75,
            "eps_4q_growth_year": 17.92,
            "roe": 4.72,
            "roe_4q": 24.96,
            "gross_profit": 198020,
            "gross_margin": 16.88,
            "gross_margin_4q_avg": 19.96,
            "net_income": 120491,
            "net_income_4q": null,
            "revenue": 1173290,
            "revenue_4q": null,
            "common_shares": 1500417,
            "book_valuer_per_share": 16.63,
            "book_valuer_per_share_4q_avg": 15.34,
            "equity": 2494974,
            "current_ratio": 217.78,
            "debt_ratio": 33.56,
            "inventory_turnover_ratio": 1.06,
            "account_receivable_turnover_ratio": null,
            "reinvestment_rate": -2.86,
            "research_to_sale_ratio": null,
            "price_fair": 101.55,
            "eps_avg_yearly": 2.9,
            "eps_latest_yearly": 3.2,
            "eps_growth_yearly": 71.34
        },
        "20052": {
            "year_quarter": 20052,
            "year": 2005,
            "quarter": 2,
            "eps": 0.58,
            "eps_growth_year": 0,
            "eps_4q": 3.81,
            "eps_4q_growth_year": 9.16,
            "roe": 3.85,
            "roe_4q": 24.89,
            "gross_profit": 176686,
            "gross_margin": 14.46,
            "gross_margin_4q_avg": 19.3,
            "net_income": 87110,
            "net_income_4q": null,
            "revenue": 1222177,
            "revenue_4q": null,
            "common_shares": 1500417,
            "book_valuer_per_share": 13.56,
            "book_valuer_per_share_4q_avg": 15.08,
            "equity": 2034963,
            "current_ratio": 165.59,
            "debt_ratio": 43.48,
            "inventory_turnover_ratio": 1.41,
            "account_receivable_turnover_ratio": null,
            "reinvestment_rate": -3.82,
            "research_to_sale_ratio": null,
            "price_fair": 100.1,
            "eps_avg_yearly": 2.86,
            "eps_latest_yearly": 2.32,
            "eps_growth_yearly": 58.39
        },
        "20053": {
            "year_quarter": 20053,
            "year": 2005,
            "quarter": 3,
            "eps": 0.61,
            "eps_growth_year": -46.49,
            "eps_4q": 3.26,
            "eps_4q_growth_year": -14.68,
            "roe": 4.43,
            "roe_4q": 21.1,
            "gross_profit": 151667,
            "gross_margin": 13.15,
            "gross_margin_4q_avg": 17.06,
            "net_income": 92250,
            "net_income_4q": null,
            "revenue": 1152974,
            "revenue_4q": null,
            "common_shares": 1500417,
            "book_valuer_per_share": 14.18,
            "book_valuer_per_share_4q_avg": 15.02,
            "equity": 2127213,
            "current_ratio": 172.64,
            "debt_ratio": 42.36,
            "inventory_turnover_ratio": 1.79,
            "account_receivable_turnover_ratio": null,
            "reinvestment_rate": -3.42,
            "research_to_sale_ratio": null,
            "price_fair": 99.12,
            "eps_avg_yearly": 2.83,
            "eps_latest_yearly": 2.44,
            "eps_growth_yearly": 55.88
        },
        "20054": {
            "year_quarter": 20054,
            "year": 2005,
            "quarter": 4,
            "eps": 0.71,
            "eps_growth_year": -44.96,
            "eps_4q": 2.71,
            "eps_4q_growth_year": -39.87,
            "roe": 4.6,
            "roe_4q": 17.599999999999998,
            "gross_profit": 201494,
            "gross_margin": 15.95,
            "gross_margin_4q_avg": 15.11,
            "net_income": 106683,
            "net_income_4q": null,
            "revenue": 1263138,
            "revenue_4q": null,
            "common_shares": 1500417,
            "book_valuer_per_share": 14.93,
            "book_valuer_per_share_4q_avg": 14.83,
            "equity": 2515170,
            "current_ratio": 248.22,
            "debt_ratio": 29.96,
            "inventory_turnover_ratio": 1.74,
            "account_receivable_turnover_ratio": null,
            "reinvestment_rate": 23.36,
            "research_to_sale_ratio": null,
            "price_fair": 99.14,
            "eps_avg_yearly": 2.83,
            "eps_latest_yearly": 2.84,
            "eps_growth_yearly": 56.48
        },
        "20061": {
            "year_quarter": 20061,
            "year": 2006,
            "quarter": 1,
            "eps": 1.08,
            "eps_growth_year": 35,
            "eps_4q": 2.99,
            "eps_4q_growth_year": -20.19,
            "roe": 6.58,
            "roe_4q": 19.46,
            "gross_profit": 249974,
            "gross_margin": 19.36,
            "gross_margin_4q_avg": 15.73,
            "net_income": 161821,
            "net_income_4q": null,
            "revenue": 1291324,
            "revenue_4q": null,
            "common_shares": 1500417,
            "book_valuer_per_share": 16.02,
            "book_valuer_per_share_4q_avg": 14.67,
            "equity": 2403812,
            "current_ratio": 253.79,
            "debt_ratio": 29.71,
            "inventory_turnover_ratio": 1.5,
            "account_receivable_turnover_ratio": null,
            "reinvestment_rate": -3.31,
            "research_to_sale_ratio": null,
            "price_fair": 102.03,
            "eps_avg_yearly": 2.92,
            "eps_latest_yearly": 4.32,
            "eps_growth_yearly": 68.1
        },
        "20062": {
            "year_quarter": 20062,
            "year": 2006,
            "quarter": 2,
            "eps": 0.62,
            "eps_growth_year": 6.9,
            "eps_4q": 3.04,
            "eps_4q_growth_year": -20.17,
            "roe": 4.1,
            "roe_4q": 19.71,
            "gross_profit": 149598,
            "gross_margin": 11.65,
            "gross_margin_4q_avg": 15.03,
            "net_income": 92447,
            "net_income_4q": null,
            "revenue": 1283893,
            "revenue_4q": null,
            "common_shares": 1500417,
            "book_valuer_per_share": 14.04,
            "book_valuer_per_share_4q_avg": 14.79,
            "equity": 2106465,
            "current_ratio": 206.78,
            "debt_ratio": 35.8,
            "inventory_turnover_ratio": 1.67,
            "account_receivable_turnover_ratio": null,
            "reinvestment_rate": -3.27,
            "research_to_sale_ratio": null,
            "price_fair": 101.94,
            "eps_avg_yearly": 2.91,
            "eps_latest_yearly": 2.48,
            "eps_growth_yearly": 61.46
        },
        "20063": {
            "year_quarter": 20063,
            "year": 2006,
            "quarter": 3,
            "eps": 0.15,
            "eps_growth_year": -75.41,
            "eps_4q": 2.5,
            "eps_4q_growth_year": -23.45,
            "roe": 1.09,
            "roe_4q": 16.369999999999997,
            "gross_profit": 117876,
            "gross_margin": 8.89,
            "gross_margin_4q_avg": 13.96,
            "net_income": 23073,
            "net_income_4q": null,
            "revenue": 1325314,
            "revenue_4q": null,
            "common_shares": 1500417,
            "book_valuer_per_share": 14.2,
            "book_valuer_per_share_4q_avg": 14.8,
            "equity": 2130813,
            "current_ratio": 201.98,
            "debt_ratio": 37.87,
            "inventory_turnover_ratio": 1.81,
            "account_receivable_turnover_ratio": null,
            "reinvestment_rate": -2.95,
            "research_to_sale_ratio": null,
            "price_fair": 101.06,
            "eps_avg_yearly": 2.89,
            "eps_latest_yearly": 0.6,
            "eps_growth_yearly": 57.58
        },
        "20064": {
            "year_quarter": 20064,
            "year": 2006,
            "quarter": 4,
            "eps": 0.86,
            "eps_growth_year": 21.13,
            "eps_4q": 2.71,
            "eps_4q_growth_year": 0.22,
            "roe": 5.66,
            "roe_4q": 17.43,
            "gross_profit": 380944,
            "gross_margin": 18.47,
            "gross_margin_4q_avg": 14.59,
            "net_income": 128824,
            "net_income_4q": null,
            "revenue": 2062952,
            "revenue_4q": null,
            "common_shares": 1500417,
            "book_valuer_per_share": 15.04,
            "book_valuer_per_share_4q_avg": 14.83,
            "equity": 2423602,
            "current_ratio": 237.94,
            "debt_ratio": 35.36,
            "inventory_turnover_ratio": 1.94,
            "account_receivable_turnover_ratio": null,
            "reinvestment_rate": -17.32,
            "research_to_sale_ratio": null,
            "price_fair": 105.61,
            "eps_avg_yearly": 3.02,
            "eps_latest_yearly": 3.44,
            "eps_growth_yearly": 166.92
        },
        "20071": {
            "year_quarter": 20071,
            "year": 2007,
            "quarter": 1,
            "eps": 1.32,
            "eps_growth_year": 22.22,
            "eps_4q": 2.95,
            "eps_4q_growth_year": -1.42,
            "roe": 8.13,
            "roe_4q": 18.98,
            "gross_profit": 289660,
            "gross_margin": 17.96,
            "gross_margin_4q_avg": 14.24,
            "net_income": 198299,
            "net_income_4q": null,
            "revenue": 1612691,
            "revenue_4q": null,
            "common_shares": 1500417,
            "book_valuer_per_share": 16.37,
            "book_valuer_per_share_4q_avg": 14.91,
            "equity": 2456654,
            "current_ratio": 235.78,
            "debt_ratio": 35.04,
            "inventory_turnover_ratio": 1.4,
            "account_receivable_turnover_ratio": null,
            "reinvestment_rate": -2.05,
            "research_to_sale_ratio": null,
            "price_fair": 113.23,
            "eps_avg_yearly": 3.24,
            "eps_latest_yearly": 5.28,
            "eps_growth_yearly": 172.2
        },
        "20072": {
            "year_quarter": 20072,
            "year": 2007,
            "quarter": 2,
            "eps": 1.9,
            "eps_growth_year": 206.45,
            "eps_4q": 4.23,
            "eps_4q_growth_year": 39.24,
            "roe": 11.87,
            "roe_4q": 26.75,
            "gross_profit": 400529,
            "gross_margin": 16.31,
            "gross_margin_4q_avg": 15.41,
            "net_income": 285302,
            "net_income_4q": null,
            "revenue": 2455915,
            "revenue_4q": null,
            "common_shares": 1500417,
            "book_valuer_per_share": 15.67,
            "book_valuer_per_share_4q_avg": 15.32,
            "equity": 2351404,
            "current_ratio": 198.93,
            "debt_ratio": 41.19,
            "inventory_turnover_ratio": 1.94,
            "account_receivable_turnover_ratio": null,
            "reinvestment_rate": -1.82,
            "research_to_sale_ratio": null,
            "price_fair": 127.31,
            "eps_avg_yearly": 3.64,
            "eps_latest_yearly": 7.6,
            "eps_growth_yearly": 192.07
        },
        "20073": {
            "year_quarter": 20073,
            "year": 2007,
            "quarter": 3,
            "eps": 3.09,
            "eps_growth_year": 1960,
            "eps_4q": 7.17,
            "eps_4q_growth_year": 187.08,
            "roe": 17.76,
            "roe_4q": 43.42,
            "gross_profit": 533631,
            "gross_margin": 18.29,
            "gross_margin_4q_avg": 17.76,
            "net_income": 464139,
            "net_income_4q": null,
            "revenue": 2917169,
            "revenue_4q": null,
            "common_shares": 1500417,
            "book_valuer_per_share": 19.17,
            "book_valuer_per_share_4q_avg": 16.56,
            "equity": 2875793,
            "current_ratio": 276.61,
            "debt_ratio": 43.12,
            "inventory_turnover_ratio": 1.56,
            "account_receivable_turnover_ratio": null,
            "reinvestment_rate": -1.71,
            "research_to_sale_ratio": null,
            "price_fair": 149.54,
            "eps_avg_yearly": 4.27,
            "eps_latest_yearly": 12.36,
            "eps_growth_yearly": 185.32
        },
        "20074": {
            "year_quarter": 20074,
            "year": 2007,
            "quarter": 4,
            "eps": 2.51,
            "eps_growth_year": 191.86,
            "eps_4q": 8.81,
            "eps_4q_growth_year": 225.08,
            "roe": 11.85,
            "roe_4q": 49.61,
            "gross_profit": 609358,
            "gross_margin": 16.48,
            "gross_margin_4q_avg": 17.26,
            "net_income": 377328,
            "net_income_4q": null,
            "revenue": 3697454,
            "revenue_4q": null,
            "common_shares": 1528183,
            "book_valuer_per_share": 22.11,
            "book_valuer_per_share_4q_avg": 18.33,
            "equity": 3493196,
            "current_ratio": 222.21,
            "debt_ratio": 48.09,
            "inventory_turnover_ratio": 1.39,
            "account_receivable_turnover_ratio": null,
            "reinvestment_rate": -1.24,
            "research_to_sale_ratio": null,
            "price_fair": 165.64,
            "eps_avg_yearly": 4.73,
            "eps_latest_yearly": 10.04,
            "eps_growth_yearly": 175.17
        },
        "20081": {
            "year_quarter": 20081,
            "year": 2008,
            "quarter": 1,
            "eps": 0.05,
            "eps_growth_year": -96.21,
            "eps_4q": 7.4,
            "eps_4q_growth_year": 150.98,
            "roe": 0.21,
            "roe_4q": 41.69,
            "gross_profit": 81673,
            "gross_margin": 2.92,
            "gross_margin_4q_avg": 13.5,
            "net_income": 7670,
            "net_income_4q": null,
            "revenue": 2792450,
            "revenue_4q": null,
            "common_shares": 1597781,
            "book_valuer_per_share": 23.15,
            "book_valuer_per_share_4q_avg": 20.03,
            "equity": 3813094,
            "current_ratio": 421.98,
            "debt_ratio": 25.17,
            "inventory_turnover_ratio": 1.13,
            "account_receivable_turnover_ratio": null,
            "reinvestment_rate": 13.86,
            "research_to_sale_ratio": null,
            "price_fair": 151.29,
            "eps_avg_yearly": 4.32,
            "eps_latest_yearly": 0.2,
            "eps_growth_yearly": 112.61
        },
        "20082": {
            "year_quarter": 20082,
            "year": 2008,
            "quarter": 2,
            "eps": -0.16,
            "eps_growth_year": -108.42,
            "eps_4q": 5.08,
            "eps_4q_growth_year": 20.07,
            "roe": -0.69,
            "roe_4q": 29.130000000000003,
            "gross_profit": 151155,
            "gross_margin": 6.15,
            "gross_margin_4q_avg": 10.96,
            "net_income": -22642,
            "net_income_4q": null,
            "revenue": 2456102,
            "revenue_4q": null,
            "common_shares": 1621604,
            "book_valuer_per_share": 16.37,
            "book_valuer_per_share_4q_avg": 20.2,
            "equity": 2768052,
            "current_ratio": 199.73,
            "debt_ratio": 44.8,
            "inventory_turnover_ratio": 1.19,
            "account_receivable_turnover_ratio": null,
            "reinvestment_rate": 15.42,
            "research_to_sale_ratio": null,
            "price_fair": 155.96,
            "eps_avg_yearly": 4.46,
            "eps_latest_yearly": 0.2,
            "eps_growth_yearly": 137.63
        },
        "20083": {
            "year_quarter": 20083,
            "year": 2008,
            "quarter": 3,
            "eps": 0.01,
            "eps_growth_year": -99.68,
            "eps_4q": 2.12,
            "eps_4q_growth_year": -70.36,
            "roe": 0.11,
            "roe_4q": 11.48,
            "gross_profit": -114429,
            "gross_margin": -6.82,
            "gross_margin_4q_avg": 4.68,
            "net_income": 3141,
            "net_income_4q": null,
            "revenue": 1678261,
            "revenue_4q": null,
            "common_shares": 1698013,
            "book_valuer_per_share": 15.77,
            "book_valuer_per_share_4q_avg": 19.35,
            "equity": 2793222,
            "current_ratio": 300.43,
            "debt_ratio": 28.96,
            "inventory_turnover_ratio": 1.24,
            "account_receivable_turnover_ratio": null,
            "reinvestment_rate": 13.74,
            "research_to_sale_ratio": null,
            "price_fair": 155.7,
            "eps_avg_yearly": 4.45,
            "eps_latest_yearly": 0.2,
            "eps_growth_yearly": 119.88
        },
        "20084": {
            "year_quarter": 20084,
            "year": 2008,
            "quarter": 4,
            "eps": -1.23,
            "eps_growth_year": -149,
            "eps_4q": -1.36,
            "eps_4q_growth_year": -115.38,
            "roe": -7.86,
            "roe_4q": -8.229999999999999,
            "gross_profit": -242741,
            "gross_margin": -16.96,
            "gross_margin_4q_avg": -3.68,
            "net_income": -207218,
            "net_income_4q": null,
            "revenue": 1431620,
            "revenue_4q": null,
            "common_shares": 1698013,
            "book_valuer_per_share": 14.46,
            "book_valuer_per_share_4q_avg": 17.44,
            "equity": 2481018,
            "current_ratio": 232,
            "debt_ratio": 30.29,
            "inventory_turnover_ratio": 1.87,
            "account_receivable_turnover_ratio": 3.61,
            "reinvestment_rate": 1.31,
            "research_to_sale_ratio": null,
            "price_fair": 153.78,
            "eps_avg_yearly": 4.39,
            "eps_latest_yearly": 0.2,
            "eps_growth_yearly": 125.05
        },
        "20091": {
            "year_quarter": 20091,
            "year": 2009,
            "quarter": 1,
            "eps": 0.71,
            "eps_growth_year": 1320,
            "eps_4q": -0.65,
            "eps_4q_growth_year": -108.83,
            "roe": 4.73,
            "roe_4q": -3.71,
            "gross_profit": 170485,
            "gross_margin": 16.02,
            "gross_margin_4q_avg": -0.4,
            "net_income": 120586,
            "net_income_4q": null,
            "revenue": 1064054,
            "revenue_4q": null,
            "common_shares": 1698013,
            "book_valuer_per_share": 15.27,
            "book_valuer_per_share_4q_avg": 15.47,
            "equity": 2618880,
            "current_ratio": 231.2,
            "debt_ratio": 30.36,
            "inventory_turnover_ratio": 1.4,
            "account_receivable_turnover_ratio": 1.54,
            "reinvestment_rate": 27.36,
            "research_to_sale_ratio": null,
            "price_fair": 157.27,
            "eps_avg_yearly": 4.49,
            "eps_latest_yearly": 0.2,
            "eps_growth_yearly": 148.13
        },
        "20092": {
            "year_quarter": 20092,
            "year": 2009,
            "quarter": 2,
            "eps": 0.94,
            "eps_growth_year": null,
            "eps_4q": 0.43,
            "eps_4q_growth_year": -91.54,
            "roe": 5.78,
            "roe_4q": 2.760000000000001,
            "gross_profit": 257958,
            "gross_margin": 13.82,
            "gross_margin_4q_avg": 1.52,
            "net_income": 160360,
            "net_income_4q": null,
            "revenue": 1866821,
            "revenue_4q": null,
            "common_shares": 1698013,
            "book_valuer_per_share": 17.14,
            "book_valuer_per_share_4q_avg": 15.66,
            "equity": 2933556,
            "current_ratio": 232.33,
            "debt_ratio": 44.21,
            "inventory_turnover_ratio": 1.66,
            "account_receivable_turnover_ratio": 2.23,
            "reinvestment_rate": 25.39,
            "research_to_sale_ratio": null,
            "price_fair": 161.47,
            "eps_avg_yearly": 4.61,
            "eps_latest_yearly": 3.76,
            "eps_growth_yearly": 168.1
        },
        "20093": {
            "year_quarter": 20093,
            "year": 2009,
            "quarter": 3,
            "eps": 2.16,
            "eps_growth_year": 21500,
            "eps_4q": 2.58,
            "eps_4q_growth_year": 21.47,
            "roe": 11.64,
            "roe_4q": 14.290000000000003,
            "gross_profit": 467094,
            "gross_margin": 20.01,
            "gross_margin_4q_avg": 8.22,
            "net_income": 368117,
            "net_income_4q": null,
            "revenue": 2334080,
            "revenue_4q": null,
            "common_shares": 1749108,
            "book_valuer_per_share": 19.24,
            "book_valuer_per_share_4q_avg": 16.53,
            "equity": 3389238,
            "current_ratio": 260.7,
            "debt_ratio": 38.67,
            "inventory_turnover_ratio": 1.21,
            "account_receivable_turnover_ratio": 1.77,
            "reinvestment_rate": 22.09,
            "research_to_sale_ratio": null,
            "price_fair": 179.55,
            "eps_avg_yearly": 5.13,
            "eps_latest_yearly": 8.64,
            "eps_growth_yearly": 209.63
        },
        "20094": {
            "year_quarter": 20094,
            "year": 2009,
            "quarter": 4,
            "eps": 1.39,
            "eps_growth_year": null,
            "eps_4q": 4.84,
            "eps_4q_growth_year": null,
            "roe": 6.7,
            "roe_4q": 28.85,
            "gross_profit": 527069,
            "gross_margin": 19.26,
            "gross_margin_4q_avg": 17.28,
            "net_income": 239164,
            "net_income_4q": null,
            "revenue": 2736462,
            "revenue_4q": null,
            "common_shares": 1828076,
            "book_valuer_per_share": 20.36,
            "book_valuer_per_share_4q_avg": 18,
            "equity": 3747981,
            "current_ratio": 224.86,
            "debt_ratio": 42.14,
            "inventory_turnover_ratio": 0.96,
            "account_receivable_turnover_ratio": 3.59,
            "reinvestment_rate": 51.67,
            "research_to_sale_ratio": null,
            "price_fair": 187.48,
            "eps_avg_yearly": 5.36,
            "eps_latest_yearly": 5.56,
            "eps_growth_yearly": 192.29
        },
        "20101": {
            "year_quarter": 20101,
            "year": 2010,
            "quarter": 1,
            "eps": 0.9,
            "eps_growth_year": 26.76,
            "eps_4q": 5.08,
            "eps_4q_growth_year": null,
            "roe": 4.33,
            "roe_4q": 28.450000000000003,
            "gross_profit": 270755,
            "gross_margin": 12.46,
            "gross_margin_4q_avg": 16.39,
            "net_income": 165197,
            "net_income_4q": null,
            "revenue": 2172771,
            "revenue_4q": null,
            "common_shares": 1828626,
            "book_valuer_per_share": 21.06,
            "book_valuer_per_share_4q_avg": 19.45,
            "equity": 3878510,
            "current_ratio": 299.32,
            "debt_ratio": 33.13,
            "inventory_turnover_ratio": 0.7,
            "account_receivable_turnover_ratio": 1.6,
            "reinvestment_rate": 74.2,
            "research_to_sale_ratio": null,
            "price_fair": 185.38,
            "eps_avg_yearly": 5.3,
            "eps_latest_yearly": 3.6,
            "eps_growth_yearly": 163.17
        },
        "20102": {
            "year_quarter": 20102,
            "year": 2010,
            "quarter": 2,
            "eps": -0.32,
            "eps_growth_year": -133.95,
            "eps_4q": 3.69,
            "eps_4q_growth_year": 758.1,
            "roe": -1.73,
            "roe_4q": 20.94,
            "gross_profit": -19057,
            "gross_margin": -0.78,
            "gross_margin_4q_avg": 12.74,
            "net_income": -60992,
            "net_income_4q": null,
            "revenue": 2432157,
            "revenue_4q": null,
            "common_shares": 1828832,
            "book_valuer_per_share": 17.28,
            "book_valuer_per_share_4q_avg": 19.49,
            "equity": 3183325,
            "current_ratio": 194.24,
            "debt_ratio": 42.62,
            "inventory_turnover_ratio": 1.15,
            "account_receivable_turnover_ratio": 2.01,
            "reinvestment_rate": 75.87,
            "research_to_sale_ratio": null,
            "price_fair": 194.35,
            "eps_avg_yearly": 5.55,
            "eps_latest_yearly": 3.6,
            "eps_growth_yearly": 193.49
        },
        "20103": {
            "year_quarter": 20103,
            "year": 2010,
            "quarter": 3,
            "eps": 1.12,
            "eps_growth_year": -47.95,
            "eps_4q": 2.9,
            "eps_4q_growth_year": 12.37,
            "roe": 6.62,
            "roe_4q": 15.920000000000002,
            "gross_profit": 306275,
            "gross_margin": 14.75,
            "gross_margin_4q_avg": 11.42,
            "net_income": 216765,
            "net_income_4q": null,
            "revenue": 2076225,
            "revenue_4q": null,
            "common_shares": 1920785,
            "book_valuer_per_share": 17.38,
            "book_valuer_per_share_4q_avg": 19.02,
            "equity": 3362081,
            "current_ratio": 269.23,
            "debt_ratio": 30.33,
            "inventory_turnover_ratio": 1.02,
            "account_receivable_turnover_ratio": 1.74,
            "reinvestment_rate": 68.15,
            "research_to_sale_ratio": null,
            "price_fair": 211.68,
            "eps_avg_yearly": 6.05,
            "eps_latest_yearly": 3.6,
            "eps_growth_yearly": 243.16
        },
        "20104": {
            "year_quarter": 20104,
            "year": 2010,
            "quarter": 4,
            "eps": 1.72,
            "eps_growth_year": 23.68,
            "eps_4q": 3.38,
            "eps_4q_growth_year": -30.07,
            "roe": 9.47,
            "roe_4q": 18.689999999999998,
            "gross_profit": 414572,
            "gross_margin": 15.79,
            "gross_margin_4q_avg": 10.56,
            "net_income": 331359,
            "net_income_4q": null,
            "revenue": 2626329,
            "revenue_4q": null,
            "common_shares": 1920785,
            "book_valuer_per_share": 18.79,
            "book_valuer_per_share_4q_avg": 18.63,
            "equity": 3634460,
            "current_ratio": 244.28,
            "debt_ratio": 34.43,
            "inventory_turnover_ratio": 1.12,
            "account_receivable_turnover_ratio": 2,
            "reinvestment_rate": 15.36,
            "research_to_sale_ratio": null,
            "price_fair": 223.72,
            "eps_avg_yearly": 6.39,
            "eps_latest_yearly": 6.88,
            "eps_growth_yearly": 75.25
        },
        "20111": {
            "year_quarter": 20111,
            "year": 2011,
            "quarter": 1,
            "eps": 1.04,
            "eps_growth_year": 15.56,
            "eps_4q": 3.56,
            "eps_4q_growth_year": -29.81,
            "roe": 5.08,
            "roe_4q": 19.44,
            "gross_profit": 337539,
            "gross_margin": 12.31,
            "gross_margin_4q_avg": 10.52,
            "net_income": 199986,
            "net_income_4q": null,
            "revenue": 2741690,
            "revenue_4q": null,
            "common_shares": 1920785,
            "book_valuer_per_share": 21.94,
            "book_valuer_per_share_4q_avg": 18.85,
            "equity": 4238773,
            "current_ratio": 230.92,
            "debt_ratio": 34.02,
            "inventory_turnover_ratio": 1.09,
            "account_receivable_turnover_ratio": 1.91,
            "reinvestment_rate": 44.78,
            "research_to_sale_ratio": null,
            "price_fair": 219.8,
            "eps_avg_yearly": 6.28,
            "eps_latest_yearly": 4.16,
            "eps_growth_yearly": 38.04
        },
        "20112": {
            "year_quarter": 20112,
            "year": 2011,
            "quarter": 2,
            "eps": 1.09,
            "eps_growth_year": null,
            "eps_4q": 4.8,
            "eps_4q_growth_year": 30.21,
            "roe": 5.3,
            "roe_4q": 26.470000000000002,
            "gross_profit": 304864,
            "gross_margin": 11.01,
            "gross_margin_4q_avg": 13.47,
            "net_income": 219622,
            "net_income_4q": null,
            "revenue": 2768658,
            "revenue_4q": null,
            "common_shares": 2009059,
            "book_valuer_per_share": 20.06,
            "book_valuer_per_share_4q_avg": 19.54,
            "equity": 4052936,
            "current_ratio": 225.35,
            "debt_ratio": 35.8,
            "inventory_turnover_ratio": 1.02,
            "account_receivable_turnover_ratio": 1.97,
            "reinvestment_rate": 77.44,
            "research_to_sale_ratio": null,
            "price_fair": 192.93,
            "eps_avg_yearly": 5.96,
            "eps_latest_yearly": 4.36,
            "eps_growth_yearly": 22.39
        },
        "20113": {
            "year_quarter": 20113,
            "year": 2011,
            "quarter": 3,
            "eps": -0.05,
            "eps_growth_year": -104.31,
            "eps_4q": 3.62,
            "eps_4q_growth_year": 24.92,
            "roe": -0.25,
            "roe_4q": 19.6,
            "gross_profit": 78822,
            "gross_margin": 3,
            "gross_margin_4q_avg": 10.53,
            "net_income": -10110,
            "net_income_4q": null,
            "revenue": 2628972,
            "revenue_4q": null,
            "common_shares": 2040470,
            "book_valuer_per_share": 19.07,
            "book_valuer_per_share_4q_avg": 19.97,
            "equity": 3914307,
            "current_ratio": 239.57,
            "debt_ratio": 35.47,
            "inventory_turnover_ratio": 1.01,
            "account_receivable_turnover_ratio": 1.83,
            "reinvestment_rate": 85.94,
            "research_to_sale_ratio": null,
            "price_fair": 15.73,
            "eps_avg_yearly": 5.24,
            "eps_latest_yearly": 4.36,
            "eps_growth_yearly": -2.96
        },
        "20114": {
            "year_quarter": 20114,
            "year": 2011,
            "quarter": 4,
            "eps": -0.2,
            "eps_growth_year": -111.34,
            "eps_4q": 1.81,
            "eps_4q_growth_year": -46.51,
            "roe": -1.02,
            "roe_4q": 9.11,
            "gross_profit": -7764,
            "gross_margin": -0.34,
            "gross_margin_4q_avg": 6.5,
            "net_income": -39419,
            "net_income_4q": null,
            "revenue": 2269778,
            "revenue_4q": null,
            "common_shares": 2040470,
            "book_valuer_per_share": 18.46,
            "book_valuer_per_share_4q_avg": 19.88,
            "equity": 3788985,
            "current_ratio": 264.83,
            "debt_ratio": 32.61,
            "inventory_turnover_ratio": 0.92,
            "account_receivable_turnover_ratio": 1.79,
            "reinvestment_rate": 19.34,
            "research_to_sale_ratio": null,
            "price_fair": 74.59,
            "eps_avg_yearly": 4.65,
            "eps_latest_yearly": 4.36,
            "eps_growth_yearly": 6.06
        },
        "20121": {
            "year_quarter": 20121,
            "year": 2012,
            "quarter": 1,
            "eps": 0.72,
            "eps_growth_year": -30.77,
            "eps_4q": 1.55,
            "eps_4q_growth_year": -56.61,
            "roe": 3.78,
            "roe_4q": 7.81,
            "gross_profit": 188920,
            "gross_margin": 8.4,
            "gross_margin_4q_avg": 5.52,
            "net_income": 146801,
            "net_income_4q": null,
            "revenue": 2249490,
            "revenue_4q": null,
            "common_shares": 2040470,
            "book_valuer_per_share": 19.43,
            "book_valuer_per_share_4q_avg": 19.26,
            "equity": 3988614,
            "current_ratio": 330.21,
            "debt_ratio": 26.23,
            "inventory_turnover_ratio": 0.87,
            "account_receivable_turnover_ratio": 1.92,
            "reinvestment_rate": 20.43,
            "research_to_sale_ratio": null,
            "price_fair": 184.8,
            "eps_avg_yearly": 5.28,
            "eps_latest_yearly": 4.36,
            "eps_growth_yearly": 62.93
        },
        "20122": {
            "year_quarter": 20122,
            "year": 2012,
            "quarter": 2,
            "eps": 0.15,
            "eps_growth_year": -86.36,
            "eps_4q": 0.62,
            "eps_4q_growth_year": -87.05,
            "roe": 0.79,
            "roe_4q": 3.3000000000000003,
            "gross_profit": 77130,
            "gross_margin": 3.38,
            "gross_margin_4q_avg": 3.61,
            "net_income": 30594,
            "net_income_4q": null,
            "revenue": 2280607,
            "revenue_4q": null,
            "common_shares": 2040470,
            "book_valuer_per_share": 18.14,
            "book_valuer_per_share_4q_avg": 18.78,
            "equity": 3723980,
            "current_ratio": 286.13,
            "debt_ratio": 29.62,
            "inventory_turnover_ratio": 1,
            "account_receivable_turnover_ratio": 1.79,
            "reinvestment_rate": 73.3,
            "research_to_sale_ratio": null,
            "price_fair": 119.63,
            "eps_avg_yearly": 4.7,
            "eps_latest_yearly": 0.6,
            "eps_growth_yearly": 15.48
        },
        "20123": {
            "year_quarter": 20123,
            "year": 2012,
            "quarter": 3,
            "eps": 0.47,
            "eps_growth_year": null,
            "eps_4q": 1.14,
            "eps_4q_growth_year": -68.58,
            "roe": 2.56,
            "roe_4q": 6.109999999999999,
            "gross_profit": 123279,
            "gross_margin": 5.3,
            "gross_margin_4q_avg": 4.19,
            "net_income": 95958,
            "net_income_4q": null,
            "revenue": 2326334,
            "revenue_4q": null,
            "common_shares": 2040470,
            "book_valuer_per_share": 18.36,
            "book_valuer_per_share_4q_avg": 18.6,
            "equity": 3768964,
            "current_ratio": 221.87,
            "debt_ratio": 38.96,
            "inventory_turnover_ratio": 0.93,
            "account_receivable_turnover_ratio": 1.82,
            "reinvestment_rate": 70.2,
            "research_to_sale_ratio": null,
            "price_fair": 153.38,
            "eps_avg_yearly": 4.38,
            "eps_latest_yearly": 1.88,
            "eps_growth_yearly": 108.57
        },
        "20124": {
            "year_quarter": 20124,
            "year": 2012,
            "quarter": 4,
            "eps": 1.41,
            "eps_growth_year": null,
            "eps_4q": 2.74,
            "eps_4q_growth_year": 51.52,
            "roe": 7.39,
            "roe_4q": 14.519999999999998,
            "gross_profit": 406823,
            "gross_margin": 14.11,
            "gross_margin_4q_avg": 7.8,
            "net_income": 287836,
            "net_income_4q": null,
            "revenue": 2883629,
            "revenue_4q": null,
            "common_shares": 2040470,
            "book_valuer_per_share": 19.59,
            "book_valuer_per_share_4q_avg": 18.88,
            "equity": 4021621,
            "current_ratio": 242.85,
            "debt_ratio": 35.56,
            "inventory_turnover_ratio": 0.98,
            "account_receivable_turnover_ratio": 2.14,
            "reinvestment_rate": 51.31,
            "research_to_sale_ratio": null,
            "price_fair": 157.78,
            "eps_avg_yearly": 4.51,
            "eps_latest_yearly": 5.64,
            "eps_growth_yearly": 177.72
        },
        "20131": {
            "year_quarter": 20131,
            "year": 2013,
            "quarter": 1,
            "eps": 1.29,
            "eps_growth_year": 79.17,
            "eps_4q": 3.32,
            "eps_4q_growth_year": 114.44,
            "roe": 6.33,
            "roe_4q": 17.069999999999997,
            "gross_profit": 389816,
            "gross_margin": 17.46,
            "gross_margin_4q_avg": 10.06,
            "net_income": 264126,
            "net_income_4q": null,
            "revenue": 2233106,
            "revenue_4q": null,
            "common_shares": 2040470,
            "book_valuer_per_share": 21.06,
            "book_valuer_per_share_4q_avg": 19.29,
            "equity": 4320597,
            "current_ratio": 226.86,
            "debt_ratio": 38.92,
            "inventory_turnover_ratio": 0.64,
            "account_receivable_turnover_ratio": 1.69,
            "reinvestment_rate": 6.67,
            "research_to_sale_ratio": null,
            "price_fair": 159.85,
            "eps_avg_yearly": 4.57,
            "eps_latest_yearly": 5.16,
            "eps_growth_yearly": 158.47
        },
        "20132": {
            "year_quarter": 20132,
            "year": 2013,
            "quarter": 2,
            "eps": 0.44,
            "eps_growth_year": 195.94,
            "eps_4q": 3.52,
            "eps_4q_growth_year": 465.45,
            "roe": 2.17,
            "roe_4q": 18.45,
            "gross_profit": 182642,
            "gross_margin": 8.24,
            "gross_margin_4q_avg": 11.28,
            "net_income": 89303,
            "net_income_4q": null,
            "revenue": 2217808,
            "revenue_4q": null,
            "common_shares": 2040470,
            "book_valuer_per_share": 19.13,
            "book_valuer_per_share_4q_avg": 19.54,
            "equity": 3925101,
            "current_ratio": 209.99,
            "debt_ratio": 41.87,
            "inventory_turnover_ratio": 0.65,
            "account_receivable_turnover_ratio": 1.89,
            "reinvestment_rate": 5.83,
            "research_to_sale_ratio": null,
            "price_fair": 153.49,
            "eps_avg_yearly": 4.39,
            "eps_latest_yearly": 1.76,
            "eps_growth_yearly": 122.73
        },
        "20133": {
            "year_quarter": 20133,
            "year": 2013,
            "quarter": 3,
            "eps": 0.89,
            "eps_growth_year": 90.27,
            "eps_4q": 3.95,
            "eps_4q_growth_year": 246.96,
            "roe": 4.64,
            "roe_4q": 20.53,
            "gross_profit": 253524,
            "gross_margin": 11.7,
            "gross_margin_4q_avg": 12.88,
            "net_income": 186099,
            "net_income_4q": null,
            "revenue": 2167475,
            "revenue_4q": null,
            "common_shares": 2091482,
            "book_valuer_per_share": 19.46,
            "book_valuer_per_share_4q_avg": 19.81,
            "equity": 4093150,
            "current_ratio": 233.6,
            "debt_ratio": 38.12,
            "inventory_turnover_ratio": 0.68,
            "account_receivable_turnover_ratio": 1.98,
            "reinvestment_rate": 5.74,
            "research_to_sale_ratio": null,
            "price_fair": 137.33,
            "eps_avg_yearly": 3.92,
            "eps_latest_yearly": 3.56,
            "eps_growth_yearly": 112.72
        },
        "20134": {
            "year_quarter": 20134,
            "year": 2013,
            "quarter": 4,
            "eps": 0.82,
            "eps_growth_year": -41.53,
            "eps_4q": 3.4,
            "eps_4q_growth_year": 24.02,
            "roe": 4.15,
            "roe_4q": 17.29,
            "gross_profit": 244858,
            "gross_margin": 10.77,
            "gross_margin_4q_avg": 12.04,
            "net_income": 173314,
            "net_income_4q": null,
            "revenue": 2272501,
            "revenue_4q": null,
            "common_shares": 2091482,
            "book_valuer_per_share": 20.22,
            "book_valuer_per_share_4q_avg": 19.97,
            "equity": 4253400,
            "current_ratio": 247.67,
            "debt_ratio": 36.45,
            "inventory_turnover_ratio": 0.72,
            "account_receivable_turnover_ratio": 1.98,
            "reinvestment_rate": -53.94,
            "research_to_sale_ratio": null,
            "price_fair": 130.07,
            "eps_avg_yearly": 3.72,
            "eps_latest_yearly": 3.28,
            "eps_growth_yearly": 122.82
        },
        "20141": {
            "year_quarter": 20141,
            "year": 2014,
            "quarter": 1,
            "eps": 0.84,
            "eps_growth_year": -34.88,
            "eps_4q": 2.98,
            "eps_4q_growth_year": -10.13,
            "roe": 4.01,
            "roe_4q": 14.97,
            "gross_profit": 235501,
            "gross_margin": 10.81,
            "gross_margin_4q_avg": 10.38,
            "net_income": 176669,
            "net_income_4q": null,
            "revenue": 2177890,
            "revenue_4q": null,
            "common_shares": 2091482,
            "book_valuer_per_share": 21.69,
            "book_valuer_per_share_4q_avg": 20.13,
            "equity": 4560763,
            "current_ratio": 255,
            "debt_ratio": 34.88,
            "inventory_turnover_ratio": 0.64,
            "account_receivable_turnover_ratio": 1.83,
            "reinvestment_rate": -43.94,
            "research_to_sale_ratio": null,
            "price_fair": 129.31,
            "eps_avg_yearly": 3.69,
            "eps_latest_yearly": 3.36,
            "eps_growth_yearly": 136.53
        },
        "20142": {
            "year_quarter": 20142,
            "year": 2014,
            "quarter": 2,
            "eps": 0.67,
            "eps_growth_year": 52.27,
            "eps_4q": 3.22,
            "eps_4q_growth_year": -8.45,
            "roe": 3.19,
            "roe_4q": 15.989999999999998,
            "gross_profit": 247737,
            "gross_margin": 9.51,
            "gross_margin_4q_avg": 10.7,
            "net_income": 139932,
            "net_income_4q": null,
            "revenue": 2606046,
            "revenue_4q": null,
            "common_shares": 2091482,
            "book_valuer_per_share": 19.99,
            "book_valuer_per_share_4q_avg": 20.34,
            "equity": 4203268,
            "current_ratio": 233.11,
            "debt_ratio": 38.18,
            "inventory_turnover_ratio": 0.79,
            "account_receivable_turnover_ratio": 2.07,
            "reinvestment_rate": -39.49,
            "research_to_sale_ratio": null,
            "price_fair": 126.35,
            "eps_avg_yearly": 3.61,
            "eps_latest_yearly": 2.68,
            "eps_growth_yearly": 118.41
        },
        "20143": {
            "year_quarter": 20143,
            "year": 2014,
            "quarter": 3,
            "eps": 1.2,
            "eps_growth_year": 34.83,
            "eps_4q": 3.53,
            "eps_4q_growth_year": -10.55,
            "roe": 5.83,
            "roe_4q": 17.18,
            "gross_profit": 330139,
            "gross_margin": 12.38,
            "gross_margin_4q_avg": 10.87,
            "net_income": 251736,
            "net_income_4q": null,
            "revenue": 2665923,
            "revenue_4q": null,
            "common_shares": 2091482,
            "book_valuer_per_share": 21.06,
            "book_valuer_per_share_4q_avg": 20.74,
            "equity": 4428826,
            "current_ratio": 269.59,
            "debt_ratio": 33.59,
            "inventory_turnover_ratio": 0.84,
            "account_receivable_turnover_ratio": 2.01,
            "reinvestment_rate": -39.41,
            "research_to_sale_ratio": null,
            "price_fair": 129.55,
            "eps_avg_yearly": 3.7,
            "eps_latest_yearly": 4.8,
            "eps_growth_yearly": 133.64
        },
        "20144": {
            "year_quarter": 20144,
            "year": 2014,
            "quarter": 4,
            "eps": 0.85,
            "eps_growth_year": 3.22,
            "eps_4q": 3.56,
            "eps_4q_growth_year": 4.7,
            "roe": 3.93,
            "roe_4q": 16.96,
            "gross_profit": 242889,
            "gross_margin": 8.15,
            "gross_margin_4q_avg": 10.21,
            "net_income": 178338,
            "net_income_4q": null,
            "revenue": 2979044,
            "revenue_4q": null,
            "common_shares": 2091482,
            "book_valuer_per_share": 22.13,
            "book_valuer_per_share_4q_avg": 21.22,
            "equity": 4652058,
            "current_ratio": 300.82,
            "debt_ratio": 30.6,
            "inventory_turnover_ratio": 1.04,
            "account_receivable_turnover_ratio": 2.37,
            "reinvestment_rate": 1.06,
            "research_to_sale_ratio": null,
            "price_fair": 120.18,
            "eps_avg_yearly": 3.43,
            "eps_latest_yearly": 3.4,
            "eps_growth_yearly": 108.18
        },
        "20151": {
            "year_quarter": 20151,
            "year": 2015,
            "quarter": 1,
            "eps": 0.38,
            "eps_growth_year": -54.76,
            "eps_4q": 3.1,
            "eps_4q_growth_year": 4.02,
            "roe": 1.73,
            "roe_4q": 14.68,
            "gross_profit": 158421,
            "gross_margin": 5.93,
            "gross_margin_4q_avg": 8.99,
            "net_income": 80999,
            "net_income_4q": null,
            "revenue": 2672795,
            "revenue_4q": null,
            "common_shares": 2091482,
            "book_valuer_per_share": 22.33,
            "book_valuer_per_share_4q_avg": 21.38,
            "equity": 4695764,
            "current_ratio": 321.34,
            "debt_ratio": 28.7,
            "inventory_turnover_ratio": 1.08,
            "account_receivable_turnover_ratio": 2.1,
            "reinvestment_rate": -21.4,
            "research_to_sale_ratio": null,
            "price_fair": 113.08,
            "eps_avg_yearly": 3.23,
            "eps_latest_yearly": 1.52,
            "eps_growth_yearly": 103.33
        },
        "20152": {
            "year_quarter": 20152,
            "year": 2015,
            "quarter": 2,
            "eps": 0.79,
            "eps_growth_year": 17.91,
            "eps_4q": 3.23,
            "eps_4q_growth_year": 0.26,
            "roe": 3.69,
            "roe_4q": 15.18,
            "gross_profit": 303066,
            "gross_margin": 11.33,
            "gross_margin_4q_avg": 9.45,
            "net_income": 166984,
            "net_income_4q": null,
            "revenue": 2675996,
            "revenue_4q": null,
            "common_shares": 2091482,
            "book_valuer_per_share": 20.73,
            "book_valuer_per_share_4q_avg": 21.56,
            "equity": 4358365,
            "current_ratio": 251.12,
            "debt_ratio": 35.77,
            "inventory_turnover_ratio": 1.02,
            "account_receivable_turnover_ratio": 2.07,
            "reinvestment_rate": -57,
            "research_to_sale_ratio": null,
            "price_fair": 109.85,
            "eps_avg_yearly": 3.14,
            "eps_latest_yearly": 3.16,
            "eps_growth_yearly": 135.05
        },
        "20153": {
            "year_quarter": 20153,
            "year": 2015,
            "quarter": 3,
            "eps": 0.43,
            "eps_growth_year": -64.17,
            "eps_4q": 2.46,
            "eps_4q_growth_year": -30.43,
            "roe": 2.06,
            "roe_4q": 11.41,
            "gross_profit": 139333,
            "gross_margin": 5.41,
            "gross_margin_4q_avg": 7.71,
            "net_income": 90534,
            "net_income_4q": null,
            "revenue": 2574129,
            "revenue_4q": null,
            "common_shares": 2091482,
            "book_valuer_per_share": 21.14,
            "book_valuer_per_share_4q_avg": 21.58,
            "equity": 4444771,
            "current_ratio": 286.08,
            "debt_ratio": 31.87,
            "inventory_turnover_ratio": 1.02,
            "account_receivable_turnover_ratio": 2.07,
            "reinvestment_rate": -47.78,
            "research_to_sale_ratio": null,
            "price_fair": 106.3,
            "eps_avg_yearly": 3.04,
            "eps_latest_yearly": 1.72,
            "eps_growth_yearly": 112.38
        },
        "20154": {
            "year_quarter": 20154,
            "year": 2015,
            "quarter": 4,
            "eps": 0.79,
            "eps_growth_year": -6.62,
            "eps_4q": 2.4,
            "eps_4q_growth_year": -32.53,
            "roe": 3.67,
            "roe_4q": 11.15,
            "gross_profit": 257759,
            "gross_margin": 10.06,
            "gross_margin_4q_avg": 8.18,
            "net_income": 166504,
            "net_income_4q": null,
            "revenue": 2561083,
            "revenue_4q": null,
            "common_shares": 2091482,
            "book_valuer_per_share": 22.02,
            "book_valuer_per_share_4q_avg": 21.56,
            "equity": 4629001,
            "current_ratio": 301.82,
            "debt_ratio": 30.32,
            "inventory_turnover_ratio": 1.1,
            "account_receivable_turnover_ratio": 2.16,
            "reinvestment_rate": 0.37,
            "research_to_sale_ratio": null,
            "price_fair": 106.59,
            "eps_avg_yearly": 3.05,
            "eps_latest_yearly": 3.16,
            "eps_growth_yearly": 127.22
        },
        "20161": {
            "year_quarter": 20161,
            "year": 2016,
            "quarter": 1,
            "eps": 0.65,
            "eps_growth_year": 71.05,
            "eps_4q": 2.67,
            "eps_4q_growth_year": -14.02,
            "roe": 2.91,
            "roe_4q": 12.33,
            "gross_profit": 218541,
            "gross_margin": 10.95,
            "gross_margin_4q_avg": 9.44,
            "net_income": 136277,
            "net_income_4q": null,
            "revenue": 1995736,
            "revenue_4q": null,
            "common_shares": 2091482,
            "book_valuer_per_share": 22.59,
            "book_valuer_per_share_4q_avg": 21.62,
            "equity": 4749259,
            "current_ratio": 295.94,
            "debt_ratio": 30.75,
            "inventory_turnover_ratio": 0.87,
            "account_receivable_turnover_ratio": 1.84,
            "reinvestment_rate": -1.96,
            "research_to_sale_ratio": null,
            "price_fair": 105.61,
            "eps_avg_yearly": 3.02,
            "eps_latest_yearly": 2.6,
            "eps_growth_yearly": 114.84
        },
        "20162": {
            "year_quarter": 20162,
            "year": 2016,
            "quarter": 2,
            "eps": 0.79,
            "eps_growth_year": 0,
            "eps_4q": 2.66,
            "eps_4q_growth_year": -17.56,
            "roe": 3.6,
            "roe_4q": 12.24,
            "gross_profit": 203151,
            "gross_margin": 8.98,
            "gross_margin_4q_avg": 8.85,
            "net_income": 166082,
            "net_income_4q": null,
            "revenue": 2261617,
            "revenue_4q": null,
            "common_shares": 2091482,
            "book_valuer_per_share": 21.28,
            "book_valuer_per_share_4q_avg": 21.76,
            "equity": 4472936,
            "current_ratio": 263.05,
            "debt_ratio": 34.82,
            "inventory_turnover_ratio": 0.98,
            "account_receivable_turnover_ratio": 2.18,
            "reinvestment_rate": -44.82,
            "research_to_sale_ratio": null,
            "price_fair": 111.21,
            "eps_avg_yearly": 3.18,
            "eps_latest_yearly": 3.16,
            "eps_growth_yearly": 140.01
        },
        "20163": {
            "year_quarter": 20163,
            "year": 2016,
            "quarter": 3,
            "eps": 1.01,
            "eps_growth_year": 134.88,
            "eps_4q": 3.24,
            "eps_4q_growth_year": 31.74,
            "roe": 4.63,
            "roe_4q": 14.81,
            "gross_profit": 298935,
            "gross_margin": 12.7,
            "gross_margin_4q_avg": 10.67,
            "net_income": 211027,
            "net_income_4q": null,
            "revenue": 2352957,
            "revenue_4q": null,
            "common_shares": 2091482,
            "book_valuer_per_share": 22.04,
            "book_valuer_per_share_4q_avg": 21.98,
            "equity": 4633104,
            "current_ratio": 309.67,
            "debt_ratio": 30.15,
            "inventory_turnover_ratio": 1.11,
            "account_receivable_turnover_ratio": 2.14,
            "reinvestment_rate": -41.87,
            "research_to_sale_ratio": null,
            "price_fair": 115.94,
            "eps_avg_yearly": 3.31,
            "eps_latest_yearly": 4.04,
            "eps_growth_yearly": 93.64
        },
        "20164": {
            "year_quarter": 20164,
            "year": 2016,
            "quarter": 4,
            "eps": 1.36,
            "eps_growth_year": 71.1,
            "eps_4q": 3.8,
            "eps_4q_growth_year": 58.31,
            "roe": 5.97,
            "roe_4q": 17.11,
            "gross_profit": 396282,
            "gross_margin": 14.68,
            "gross_margin_4q_avg": 11.83,
            "net_income": 284363,
            "net_income_4q": null,
            "revenue": 2699350,
            "revenue_4q": null,
            "common_shares": 2091482,
            "book_valuer_per_share": 23.29,
            "book_valuer_per_share_4q_avg": 22.3,
            "equity": 4895481,
            "current_ratio": 463.96,
            "debt_ratio": 21.04,
            "inventory_turnover_ratio": 1.2,
            "account_receivable_turnover_ratio": 2.2,
            "reinvestment_rate": -43.33,
            "research_to_sale_ratio": null,
            "price_fair": 115.5,
            "eps_avg_yearly": 3.3,
            "eps_latest_yearly": 5.44,
            "eps_growth_yearly": 52.3
        },
        "20171": {
            "year_quarter": 20171,
            "year": 2017,
            "quarter": 1,
            "eps": 1.21,
            "eps_growth_year": 86.15,
            "eps_4q": 4.36,
            "eps_4q_growth_year": 63.52,
            "roe": 5.08,
            "roe_4q": 19.28,
            "gross_profit": 379515,
            "gross_margin": 13.85,
            "gross_margin_4q_avg": 12.55,
            "net_income": 252888,
            "net_income_4q": null,
            "revenue": 2740220,
            "revenue_4q": null,
            "common_shares": 2091482,
            "book_valuer_per_share": 24.11,
            "book_valuer_per_share_4q_avg": 22.68,
            "equity": 5067884,
            "current_ratio": 444.54,
            "debt_ratio": 22.1,
            "inventory_turnover_ratio": 1.06,
            "account_receivable_turnover_ratio": 1.95,
            "reinvestment_rate": -7.01,
            "research_to_sale_ratio": null,
            "price_fair": 114.8,
            "eps_avg_yearly": 3.28,
            "eps_latest_yearly": 4.84,
            "eps_growth_yearly": 51.67
        },
        "20172": {
            "year_quarter": 20172,
            "year": 2017,
            "quarter": 2,
            "eps": 0.88,
            "eps_growth_year": 11.39,
            "eps_4q": 4.45,
            "eps_4q_growth_year": 67.02,
            "roe": 3.76,
            "roe_4q": 19.439999999999998,
            "gross_profit": 258176,
            "gross_margin": 10.17,
            "gross_margin_4q_avg": 12.85,
            "net_income": 183878,
            "net_income_4q": null,
            "revenue": 2537689,
            "revenue_4q": null,
            "common_shares": 2091482,
            "book_valuer_per_share": 22.43,
            "book_valuer_per_share_4q_avg": 22.97,
            "equity": 4714067,
            "current_ratio": 301.67,
            "debt_ratio": 31.3,
            "inventory_turnover_ratio": 0.88,
            "account_receivable_turnover_ratio": 1.77,
            "reinvestment_rate": -6.13,
            "research_to_sale_ratio": null,
            "price_fair": 118.65,
            "eps_avg_yearly": 3.39,
            "eps_latest_yearly": 3.52,
            "eps_growth_yearly": 61.33
        },
        "20173": {
            "year_quarter": 20173,
            "year": 2017,
            "quarter": 3,
            "eps": 1.22,
            "eps_growth_year": 20.79,
            "eps_4q": 4.66,
            "eps_4q_growth_year": 43.82,
            "roe": 5.27,
            "roe_4q": 20.08,
            "gross_profit": 340774,
            "gross_margin": 12.3,
            "gross_margin_4q_avg": 12.75,
            "net_income": 255800,
            "net_income_4q": null,
            "revenue": 2771612,
            "revenue_4q": null,
            "common_shares": 2091482,
            "book_valuer_per_share": 23.75,
            "book_valuer_per_share_4q_avg": 23.4,
            "equity": 4992529,
            "current_ratio": 379.06,
            "debt_ratio": 25.59,
            "inventory_turnover_ratio": 0.94,
            "account_receivable_turnover_ratio": 1.99,
            "reinvestment_rate": -4.51,
            "research_to_sale_ratio": null,
            "price_fair": 121.54,
            "eps_avg_yearly": 3.47,
            "eps_latest_yearly": 4.88,
            "eps_growth_yearly": 45.42
        },
        "20174": {
            "year_quarter": 20174,
            "year": 2017,
            "quarter": 4,
            "eps": 1.49,
            "eps_growth_year": 9.67,
            "eps_4q": 4.79,
            "eps_4q_growth_year": 25.94,
            "roe": 6.07,
            "roe_4q": 20.18,
            "gross_profit": 433707,
            "gross_margin": 15.49,
            "gross_margin_4q_avg": 12.95,
            "net_income": 313362,
            "net_income_4q": null,
            "revenue": 2799239,
            "revenue_4q": null,
            "common_shares": 2091482,
            "book_valuer_per_share": 25.39,
            "book_valuer_per_share_4q_avg": 23.92,
            "equity": 5337505,
            "current_ratio": 410.45,
            "debt_ratio": 24.01,
            "inventory_turnover_ratio": 0.94,
            "account_receivable_turnover_ratio": 2.06,
            "reinvestment_rate": -1.71,
            "research_to_sale_ratio": null,
            "price_fair": 127.4,
            "eps_avg_yearly": 3.64,
            "eps_latest_yearly": 5.96,
            "eps_growth_yearly": 52.92
        },
        "20181": {
            "year_quarter": 20181,
            "year": 2018,
            "quarter": 1,
            "eps": 0.63,
            "eps_growth_year": -47.93,
            "eps_4q": 4.21,
            "eps_4q_growth_year": -3.36,
            "roe": 2.46,
            "roe_4q": 17.560000000000002,
            "gross_profit": 283329,
            "gross_margin": 10.84,
            "gross_margin_4q_avg": 12.2,
            "net_income": 133385,
            "net_income_4q": null,
            "revenue": 2613780,
            "revenue_4q": null,
            "common_shares": 2091482,
            "book_valuer_per_share": 26.27,
            "book_valuer_per_share_4q_avg": 24.46,
            "equity": 5521819,
            "current_ratio": 393.33,
            "debt_ratio": 24.94,
            "inventory_turnover_ratio": 0.83,
            "account_receivable_turnover_ratio": 1.89,
            "reinvestment_rate": -16.84,
            "research_to_sale_ratio": null,
            "price_fair": 125.56,
            "eps_avg_yearly": 3.59,
            "eps_latest_yearly": 2.52,
            "eps_growth_yearly": 37.88
        },
        "20182": {
            "year_quarter": 20182,
            "year": 2018,
            "quarter": 2,
            "eps": 0.79,
            "eps_growth_year": -10.23,
            "eps_4q": 4.13,
            "eps_4q_growth_year": -7.11,
            "roe": 3.04,
            "roe_4q": 16.84,
            "gross_profit": 252591,
            "gross_margin": 8.68,
            "gross_margin_4q_avg": 11.83,
            "net_income": 167081,
            "net_income_4q": null,
            "revenue": 2911051,
            "revenue_4q": null,
            "common_shares": 2091482,
            "book_valuer_per_share": 25.99,
            "book_valuer_per_share_4q_avg": 25.35,
            "equity": 5461154,
            "current_ratio": 306.26,
            "debt_ratio": 29.5,
            "inventory_turnover_ratio": 0.89,
            "account_receivable_turnover_ratio": 2.02,
            "reinvestment_rate": -14.84,
            "research_to_sale_ratio": null,
            "price_fair": 126.61,
            "eps_avg_yearly": 3.62,
            "eps_latest_yearly": 3.16,
            "eps_growth_yearly": 49.29
        },
        "20183": {
            "year_quarter": 20183,
            "year": 2018,
            "quarter": 3,
            "eps": 0.04,
            "eps_growth_year": -96.72,
            "eps_4q": 2.96,
            "eps_4q_growth_year": -36.49,
            "roe": 0.18,
            "roe_4q": 11.75,
            "gross_profit": 45825,
            "gross_margin": 1.74,
            "gross_margin_4q_avg": 9.19,
            "net_income": 9423,
            "net_income_4q": null,
            "revenue": 2630236,
            "revenue_4q": null,
            "common_shares": 2091482,
            "book_valuer_per_share": 24.36,
            "book_valuer_per_share_4q_avg": 25.5,
            "equity": 5120197,
            "current_ratio": 310,
            "debt_ratio": 30.36,
            "inventory_turnover_ratio": 0.93,
            "account_receivable_turnover_ratio": 1.94,
            "reinvestment_rate": -14.58,
            "research_to_sale_ratio": null,
            "price_fair": 52.5,
            "eps_avg_yearly": 3.33,
            "eps_latest_yearly": 0.16,
            "eps_growth_yearly": 5.78
        },
        "20184": {
            "year_quarter": 20184,
            "year": 2018,
            "quarter": 4,
            "eps": 0.28,
            "eps_growth_year": -81.27,
            "eps_4q": 1.75,
            "eps_4q_growth_year": -63.5,
            "roe": 1.15,
            "roe_4q": 6.83,
            "gross_profit": 134322,
            "gross_margin": 5.52,
            "gross_margin_4q_avg": 6.7,
            "net_income": 58832,
            "net_income_4q": null,
            "revenue": 2435488,
            "revenue_4q": null,
            "common_shares": 2091482,
            "book_valuer_per_share": 24.43,
            "book_valuer_per_share_4q_avg": 25.26,
            "equity": 5134572,
            "current_ratio": 376.87,
            "debt_ratio": 25.48,
            "inventory_turnover_ratio": 0.99,
            "account_receivable_turnover_ratio": 1.99,
            "reinvestment_rate": -17.09,
            "research_to_sale_ratio": null,
            "price_fair": 111.48,
            "eps_avg_yearly": 3.19,
            "eps_latest_yearly": 1.12,
            "eps_growth_yearly": 163.07
        },
        "20191": {
            "year_quarter": 20191,
            "year": 2019,
            "quarter": 1,
            "eps": 0.53,
            "eps_growth_year": -15.87,
            "eps_4q": 1.65,
            "eps_4q_growth_year": -60.8,
            "roe": 2.17,
            "roe_4q": 6.54,
            "gross_profit": 151209,
            "gross_margin": 7.14,
            "gross_margin_4q_avg": 5.77,
            "net_income": 112979,
            "net_income_4q": null,
            "revenue": 2117224,
            "revenue_4q": null,
            "common_shares": 2091482,
            "book_valuer_per_share": 25.01,
            "book_valuer_per_share_4q_avg": 24.95,
            "equity": 5258314,
            "current_ratio": 393.54,
            "debt_ratio": 24.32,
            "inventory_turnover_ratio": 0.93,
            "account_receivable_turnover_ratio": 1.82,
            "reinvestment_rate": -16.25,
            "research_to_sale_ratio": null,
            "price_fair": 112.79,
            "eps_avg_yearly": 3.22,
            "eps_latest_yearly": 2.12,
            "eps_growth_yearly": 199.21
        },
        "20192": {
            "year_quarter": 20192,
            "year": 2019,
            "quarter": 2,
            "eps": 0.53,
            "eps_growth_year": -32.91,
            "eps_4q": 1.38,
            "eps_4q_growth_year": -66.47,
            "roe": 2.16,
            "roe_4q": 5.66,
            "gross_profit": 167571,
            "gross_margin": 6.8,
            "gross_margin_4q_avg": 5.3,
            "net_income": 111182,
            "net_income_4q": null,
            "revenue": 2464551,
            "revenue_4q": null,
            "common_shares": 2091482,
            "book_valuer_per_share": 23.99,
            "book_valuer_per_share_4q_avg": 24.45,
            "equity": 5042130,
            "current_ratio": 335.05,
            "debt_ratio": 28.13,
            "inventory_turnover_ratio": 1.08,
            "account_receivable_turnover_ratio": 2.05,
            "reinvestment_rate": -17.5,
            "research_to_sale_ratio": null,
            "price_fair": 110.51,
            "eps_avg_yearly": 3.16,
            "eps_latest_yearly": 2.12,
            "eps_growth_yearly": 172.24
        },
        "20193": {
            "year_quarter": 20193,
            "year": 2019,
            "quarter": 3,
            "eps": 0.92,
            "eps_growth_year": 2200,
            "eps_4q": 2.26,
            "eps_4q_growth_year": -23.48,
            "roe": 3.77,
            "roe_4q": 9.25,
            "gross_profit": 288649,
            "gross_margin": 10.9,
            "gross_margin_4q_avg": 7.59,
            "net_income": 193891,
            "net_income_4q": null,
            "revenue": 2648493,
            "revenue_4q": null,
            "common_shares": 2091482,
            "book_valuer_per_share": 24.96,
            "book_valuer_per_share_4q_avg": 24.6,
            "equity": 5244427,
            "current_ratio": 456.62,
            "debt_ratio": 21.58,
            "inventory_turnover_ratio": 1.14,
            "account_receivable_turnover_ratio": 2.13,
            "reinvestment_rate": -15.78,
            "research_to_sale_ratio": null,
            "price_fair": 114.8,
            "eps_avg_yearly": 3.28,
            "eps_latest_yearly": 3.68,
            "eps_growth_yearly": 202.03
        },
        "20194": {
            "year_quarter": 20194,
            "year": 2019,
            "quarter": 4,
            "eps": 0.46,
            "eps_growth_year": 66.32,
            "eps_4q": 2.45,
            "eps_4q_growth_year": 40.08,
            "roe": 1.84,
            "roe_4q": 9.940000000000001,
            "gross_profit": 219635,
            "gross_margin": 8.41,
            "gross_margin_4q_avg": 8.31,
            "net_income": 97116,
            "net_income_4q": null,
            "revenue": 2610251,
            "revenue_4q": null,
            "common_shares": 2091482,
            "book_valuer_per_share": 25.26,
            "book_valuer_per_share_4q_avg": 24.81,
            "equity": 5308693,
            "current_ratio": 537.71,
            "debt_ratio": 18.97,
            "inventory_turnover_ratio": 1.07,
            "account_receivable_turnover_ratio": 2.13,
            "reinvestment_rate": -17.66,
            "research_to_sale_ratio": null,
            "price_fair": 111.91,
            "eps_avg_yearly": 3.2,
            "eps_latest_yearly": 1.84,
            "eps_growth_yearly": 168.6
        },
        "20201": {
            "year_quarter": 20201,
            "year": 2020,
            "quarter": 1,
            "eps": -0.27,
            "eps_growth_year": -150.94,
            "eps_4q": 1.64,
            "eps_4q_growth_year": -0.71,
            "roe": -1.13,
            "roe_4q": 6.640000000000001,
            "gross_profit": 54852,
            "gross_margin": 2.48,
            "gross_margin_4q_avg": 7.15,
            "net_income": -56466,
            "net_income_4q": null,
            "revenue": 2209225,
            "revenue_4q": null,
            "common_shares": 2091482,
            "book_valuer_per_share": 22.39,
            "book_valuer_per_share_4q_avg": 24.15,
            "equity": 4706953,
            "current_ratio": 360.98,
            "debt_ratio": 26.56,
            "inventory_turnover_ratio": 0.89,
            "account_receivable_turnover_ratio": 1.85,
            "reinvestment_rate": -18.77,
            "research_to_sale_ratio": null,
            "price_fair": 113.31,
            "eps_avg_yearly": 3.24,
            "eps_latest_yearly": 1.84,
            "eps_growth_yearly": 184.56
        },
        "20202": {
            "year_quarter": 20202,
            "year": 2020,
            "quarter": 2,
            "eps": 0.23,
            "eps_growth_year": -56.6,
            "eps_4q": 1.34,
            "eps_4q_growth_year": -3.12,
            "roe": 1.02,
            "roe_4q": 5.5,
            "gross_profit": 63841,
            "gross_margin": 3.42,
            "gross_margin_4q_avg": 6.3,
            "net_income": 48611,
            "net_income_4q": null,
            "revenue": 1866052,
            "revenue_4q": null,
            "common_shares": 2091482,
            "book_valuer_per_share": 22.99,
            "book_valuer_per_share_4q_avg": 23.9,
            "equity": 4830793,
            "current_ratio": 415.33,
            "debt_ratio": 23.21,
            "inventory_turnover_ratio": 0.71,
            "account_receivable_turnover_ratio": 1.75,
            "reinvestment_rate": -16.04,
            "research_to_sale_ratio": null,
            "price_fair": 113.5,
            "eps_avg_yearly": 3.24,
            "eps_latest_yearly": 1.84,
            "eps_growth_yearly": 191.59
        },
        "20203": {
            "year_quarter": 20203,
            "year": 2020,
            "quarter": 3,
            "eps": 0.94,
            "eps_growth_year": 2.17,
            "eps_4q": 1.36,
            "eps_4q_growth_year": -40.01,
            "roe": 4,
            "roe_4q": 5.7299999999999995,
            "gross_profit": 298814,
            "gross_margin": 13.41,
            "gross_margin_4q_avg": 6.93,
            "net_income": 196522,
            "net_income_4q": null,
            "revenue": 2227554,
            "revenue_4q": null,
            "common_shares": 2091482,
            "book_valuer_per_share": 23.77,
            "book_valuer_per_share_4q_avg": 23.6,
            "equity": 4994997,
            "current_ratio": 521.3,
            "debt_ratio": 19.57,
            "inventory_turnover_ratio": 0.72,
            "account_receivable_turnover_ratio": 2.2,
            "reinvestment_rate": -15.39,
            "research_to_sale_ratio": null,
            "price_fair": 112.8,
            "eps_avg_yearly": 3.22,
            "eps_latest_yearly": 3.76,
            "eps_growth_yearly": 271.84
        },
        "20204": {
            "year_quarter": 20204,
            "year": 2020,
            "quarter": 4,
            "eps": 0.79,
            "eps_growth_year": 69.81,
            "eps_4q": 1.68,
            "eps_4q_growth_year": -31.32,
            "roe": 3.24,
            "roe_4q": 7.13,
            "gross_profit": 271686,
            "gross_margin": 12.16,
            "gross_margin_4q_avg": 7.87,
            "net_income": 165348,
            "net_income_4q": null,
            "revenue": 2234117,
            "revenue_4q": null,
            "common_shares": 2091482,
            "book_valuer_per_share": 24.81,
            "book_valuer_per_share_4q_avg": 23.49,
            "equity": 5212937,
            "current_ratio": 580.99,
            "debt_ratio": 17.95,
            "inventory_turnover_ratio": 0.78,
            "account_receivable_turnover_ratio": 1.93,
            "reinvestment_rate": -15.58,
            "research_to_sale_ratio": null,
            "price_fair": 107.1,
            "eps_avg_yearly": 3.06,
            "eps_latest_yearly": 3.16,
            "eps_growth_yearly": 257.38
        },
        "20211": {
            "year_quarter": 20211,
            "year": 2021,
            "quarter": 1,
            "eps": 0.85,
            "eps_growth_year": null,
            "eps_4q": 2.81,
            "eps_4q_growth_year": 71.38,
            "roe": 3.44,
            "roe_4q": 11.7,
            "gross_profit": 305630,
            "gross_margin": 14.98,
            "gross_margin_4q_avg": 10.99,
            "net_income": 179310,
            "net_income_4q": null,
            "revenue": 2039855,
            "revenue_4q": null,
            "common_shares": 2091482,
            "book_valuer_per_share": 24.73,
            "book_valuer_per_share_4q_avg": 24.08,
            "equity": 5198585,
            "current_ratio": 526.2,
            "debt_ratio": 19.62,
            "inventory_turnover_ratio": 0.75,
            "account_receivable_turnover_ratio": 1.7,
            "reinvestment_rate": -15.38,
            "research_to_sale_ratio": null,
            "price_fair": 103.5,
            "eps_avg_yearly": 2.96,
            "eps_latest_yearly": 3.4,
            "eps_growth_yearly": 262.7
        },
        "20212": {
            "year_quarter": 20212,
            "year": 2021,
            "quarter": 2,
            "eps": 0.85,
            "eps_growth_year": 269.57,
            "eps_4q": 3.43,
            "eps_4q_growth_year": 155.93,
            "roe": 3.35,
            "roe_4q": 14.030000000000001,
            "gross_profit": 312792,
            "gross_margin": 12.96,
            "gross_margin_4q_avg": 13.38,
            "net_income": 178736,
            "net_income_4q": null,
            "revenue": 2413898,
            "revenue_4q": null,
            "common_shares": 2091482,
            "book_valuer_per_share": 25.96,
            "book_valuer_per_share_4q_avg": 24.82,
            "equity": 5458919,
            "current_ratio": 558.14,
            "debt_ratio": 18.59,
            "inventory_turnover_ratio": 1,
            "account_receivable_turnover_ratio": 1.92,
            "reinvestment_rate": -14.64,
            "research_to_sale_ratio": null,
            "price_fair": 103.2,
            "eps_avg_yearly": 2.95,
            "eps_latest_yearly": 3.4,
            "eps_growth_yearly": 270.49
        },
        "20213": {
            "year_quarter": 20213,
            "year": 2021,
            "quarter": 3,
            "eps": 1.09,
            "eps_growth_year": 15.96,
            "eps_4q": 4.43,
            "eps_4q_growth_year": 226.04,
            "roe": 4.1,
            "roe_4q": 14.129999999999999,
            "gross_profit": 335132,
            "gross_margin": 16.03,
            "gross_margin_4q_avg": 14.03,
            "net_income": 219693,
            "net_income_4q": null,
            "revenue": 2091251,
            "revenue_4q": null,
            "common_shares": 1673185,
            "book_valuer_per_share": 31.3,
            "book_valuer_per_share_4q_avg": 26.7,
            "equity": 5264291,
            "current_ratio": 439.74,
            "debt_ratio": 22.71,
            "inventory_turnover_ratio": 0.84,
            "account_receivable_turnover_ratio": 1.59,
            "reinvestment_rate": -16.04,
            "research_to_sale_ratio": null,
            "price_fair": 101.9,
            "eps_avg_yearly": 2.91,
            "eps_latest_yearly": 4.36,
            "eps_growth_yearly": 267.52
        },
        "20214": {
            "year_quarter": 20214,
            "year": 2021,
            "quarter": 4,
            "eps": 1.25,
            "eps_growth_year": 59.41,
            "eps_4q": 4.7,
            "eps_4q_growth_year": 179.38,
            "roe": 3.74,
            "roe_4q": 14.629999999999999,
            "gross_profit": 343025,
            "gross_margin": 14.93,
            "gross_margin_4q_avg": 14.73,
            "net_income": 210221,
            "net_income_4q": null,
            "revenue": 2297525,
            "revenue_4q": null,
            "common_shares": 1673185,
            "book_valuer_per_share": 35.51,
            "book_valuer_per_share_4q_avg": 29.38,
            "equity": 5981429,
            "current_ratio": 804.04,
            "debt_ratio": 13.39,
            "inventory_turnover_ratio": 0.79,
            "account_receivable_turnover_ratio": 1.88,
            "reinvestment_rate": -19.39,
            "research_to_sale_ratio": null,
            "price_fair": 99.5,
            "eps_avg_yearly": 2.84,
            "eps_latest_yearly": 5,
            "eps_growth_yearly": 265.39
        },
        "20221": {
            "year_quarter": 20221,
            "year": 2022,
            "quarter": 1,
            "eps": 1.29,
            "eps_growth_year": 51.76,
            "eps_4q": 4.92,
            "eps_4q_growth_year": 75.09,
            "roe": 3.76,
            "roe_4q": 14.95,
            "gross_profit": 329018,
            "gross_margin": 13.57,
            "gross_margin_4q_avg": 14.37,
            "net_income": 217177,
            "net_income_4q": null,
            "revenue": 2425313,
            "revenue_4q": null,
            "common_shares": 1673185,
            "book_valuer_per_share": 32.96,
            "book_valuer_per_share_4q_avg": 31.43,
            "equity": 5559568,
            "current_ratio": 389.51,
            "debt_ratio": 26.1,
            "inventory_turnover_ratio": 0.69,
            "account_receivable_turnover_ratio": 1.88,
            "reinvestment_rate": -3.87,
            "research_to_sale_ratio": null,
            "price_fair": 106.1,
            "eps_avg_yearly": 3.03,
            "eps_latest_yearly": 5.16,
            "eps_growth_yearly": 282.79
        },
        "20222": {
            "year_quarter": 20222,
            "year": 2022,
            "quarter": 2,
            "eps": 0.95,
            "eps_growth_year": 11.76,
            "eps_4q": 4.8,
            "eps_4q_growth_year": 39.96,
            "roe": 2.82,
            "roe_4q": 14.42,
            "gross_profit": 261301,
            "gross_margin": 10.08,
            "gross_margin_4q_avg": 13.65,
            "net_income": 159442,
            "net_income_4q": null,
            "revenue": 2592989,
            "revenue_4q": null,
            "common_shares": 1673185,
            "book_valuer_per_share": 34.06,
            "book_valuer_per_share_4q_avg": 33.46,
            "equity": 5738473,
            "current_ratio": 479.48,
            "debt_ratio": 22.53,
            "inventory_turnover_ratio": 0.71,
            "account_receivable_turnover_ratio": 1.84,
            "reinvestment_rate": -3.67,
            "research_to_sale_ratio": null,
            "price_fair": 107.7,
            "eps_avg_yearly": 3.08,
            "eps_latest_yearly": 3.8,
            "eps_growth_yearly": 268.01
        },
        "20223": {
            "year_quarter": 20223,
            "year": 2022,
            "quarter": 3,
            "eps": 0.93,
            "eps_growth_year": -14.68,
            "eps_4q": 4.43,
            "eps_4q_growth_year": 0.06,
            "roe": 2.69,
            "roe_4q": 13.01,
            "gross_profit": 130708,
            "gross_margin": 5.89,
            "gross_margin_4q_avg": 11.12,
            "net_income": 157364,
            "net_income_4q": null,
            "revenue": 2217537,
            "revenue_4q": null,
            "common_shares": 1673185,
            "book_valuer_per_share": 35.39,
            "book_valuer_per_share_4q_avg": 34.48,
            "equity": 5962988,
            "current_ratio": 529.93,
            "debt_ratio": 20.46,
            "inventory_turnover_ratio": 0.66,
            "account_receivable_turnover_ratio": 1.66,
            "reinvestment_rate": -2.73,
            "research_to_sale_ratio": null,
            "price_fair": 116.6,
            "eps_avg_yearly": 3.33,
            "eps_latest_yearly": 3.72,
            "eps_growth_yearly": 294.53
        },
        "20224": {
            "year_quarter": 20224,
            "year": 2022,
            "quarter": 4,
            "eps": 0.89,
            "eps_growth_year": -28.75,
            "eps_4q": 4.07,
            "eps_4q_growth_year": -13.39,
            "roe": 2.48,
            "roe_4q": 11.75,
            "gross_profit": 275791,
            "gross_margin": 15.09,
            "gross_margin_4q_avg": 11.16,
            "net_income": 149593,
            "net_income_4q": null,
            "revenue": 1827834,
            "revenue_4q": null,
            "common_shares": 1673185,
            "book_valuer_per_share": 36.16,
            "book_valuer_per_share_4q_avg": 34.64,
            "equity": 6091072,
            "current_ratio": 783.57,
            "debt_ratio": 15.02,
            "inventory_turnover_ratio": 0.52,
            "account_receivable_turnover_ratio": 1.62,
            "reinvestment_rate": -2.25,
            "research_to_sale_ratio": null,
            "price_fair": 122.7,
            "eps_avg_yearly": 3.51,
            "eps_latest_yearly": 3.56,
            "eps_growth_yearly": 121.87
        },
        "20231": {
            "year_quarter": 20231,
            "year": 2023,
            "quarter": 1,
            "eps": 1.05,
            "eps_growth_year": -18.6,
            "eps_4q": 3.83,
            "eps_4q_growth_year": -22.2,
            "roe": 3.02,
            "roe_4q": 11.01,
            "gross_profit": 268978,
            "gross_margin": 12.87,
            "gross_margin_4q_avg": 10.98,
            "net_income": 176513,
            "net_income_4q": null,
            "revenue": 2089447,
            "revenue_4q": null,
            "common_shares": 1673185,
            "book_valuer_per_share": 33.22,
            "book_valuer_per_share_4q_avg": 34.71,
            "equity": 5599972,
            "current_ratio": 399.76,
            "debt_ratio": 25.67,
            "inventory_turnover_ratio": 0.63,
            "account_receivable_turnover_ratio": 1.95,
            "reinvestment_rate": -1.88,
            "research_to_sale_ratio": null,
            "price_fair": 127.9,
            "eps_avg_yearly": 3.65,
            "eps_latest_yearly": 4.2,
            "eps_growth_yearly": 101.5
        },
        "20232": {
            "year_quarter": 20232,
            "year": 2023,
            "quarter": 2,
            "eps": 1.84,
            "eps_growth_year": 93.68,
            "eps_4q": 4.72,
            "eps_4q_growth_year": -1.74,
            "roe": 5.36,
            "roe_4q": 13.55,
            "gross_profit": 378341,
            "gross_margin": 15.9,
            "gross_margin_4q_avg": 12.44,
            "net_income": 309092,
            "net_income_4q": null,
            "revenue": 2379646,
            "revenue_4q": null,
            "common_shares": 1673185,
            "book_valuer_per_share": 35.26,
            "book_valuer_per_share_4q_avg": 35.01,
            "equity": 5925507,
            "current_ratio": 410.13,
            "debt_ratio": 25.22,
            "inventory_turnover_ratio": 0.76,
            "account_receivable_turnover_ratio": 1.98,
            "reinvestment_rate": -1.68,
            "research_to_sale_ratio": null,
            "price_fair": 141,
            "eps_avg_yearly": 4.03,
            "eps_latest_yearly": 7.36,
            "eps_growth_yearly": 123
        },
        "20233": {
            "year_quarter": 20233,
            "year": 2023,
            "quarter": 3,
            "eps": 2.04,
            "eps_growth_year": 119.35,
            "eps_4q": 5.82,
            "eps_4q_growth_year": 31.54,
            "roe": 5.6,
            "roe_4q": 16.46,
            "gross_profit": 337257,
            "gross_margin": 14.51,
            "gross_margin_4q_avg": 14.59,
            "net_income": 341693,
            "net_income_4q": null,
            "revenue": 2324903,
            "revenue_4q": null,
            "common_shares": 1673185,
            "book_valuer_per_share": 37.33,
            "book_valuer_per_share_4q_avg": 35.49,
            "equity": 6273669,
            "current_ratio": 633.28,
            "debt_ratio": 17.74,
            "inventory_turnover_ratio": 0.87,
            "account_receivable_turnover_ratio": 1.83,
            "reinvestment_rate": -0.48,
            "research_to_sale_ratio": null,
            "price_fair": 152.2,
            "eps_avg_yearly": 4.35,
            "eps_latest_yearly": 8.16,
            "eps_growth_yearly": 105.08
        },
        "20234": {
            "year_quarter": 20234,
            "year": 2023,
            "quarter": 4,
            "eps": 1.01,
            "eps_growth_year": 12.88,
            "eps_4q": 5.94,
            "eps_4q_growth_year": 46.04,
            "roe": 2.68,
            "roe_4q": 16.66,
            "gross_profit": 412750,
            "gross_margin": 17.04,
            "gross_margin_4q_avg": 15.08,
            "net_income": 169443,
            "net_income_4q": null,
            "revenue": 2421575,
            "revenue_4q": null,
            "common_shares": 1673185,
            "book_valuer_per_share": 37.89,
            "book_valuer_per_share_4q_avg": 35.93,
            "equity": 6366759,
            "current_ratio": 682.11,
            "debt_ratio": 16.67,
            "inventory_turnover_ratio": 1.03,
            "account_receivable_turnover_ratio": 2.08,
            "reinvestment_rate": 0.16,
            "research_to_sale_ratio": null,
            "price_fair": 157.7,
            "eps_avg_yearly": 4.51,
            "eps_latest_yearly": 4.04,
            "eps_growth_yearly": 104.94
        }
    },
    "months": {
        "2001-06": {
            "month": "2001-06",
            "price": "15.24",
            "revenue": 130765
        },
        "2001-07": {
            "month": "2001-07",
            "price": "12.23",
            "revenue": 138922
        },
        "2001-08": {
            "month": "2001-08",
            "price": "14.16",
            "revenue": 149957
        },
        "2001-09": {
            "month": "2001-09",
            "price": "13.00",
            "revenue": 154127
        },
        "2001-10": {
            "month": "2001-10",
            "price": "12.89",
            "revenue": 141995
        },
        "2001-11": {
            "month": "2001-11",
            "price": "14.35",
            "revenue": 185672
        },
        "2001-12": {
            "month": "2001-12",
            "price": "17.52",
            "revenue": 135391
        },
        "2002-01": {
            "month": "2002-01",
            "price": "23.88",
            "revenue": 175153
        },
        "2002-02": {
            "month": "2002-02",
            "price": "25.04",
            "revenue": 195472
        },
        "2002-03": {
            "month": "2002-03",
            "price": "28.52",
            "revenue": 183590
        },
        "2002-04": {
            "month": "2002-04",
            "price": "27.30",
            "revenue": 177716
        },
        "2002-05": {
            "month": "2002-05",
            "price": "25.34",
            "revenue": 189506
        },
        "2002-06": {
            "month": "2002-06",
            "price": "26.46",
            "revenue": 158450
        },
        "2002-07": {
            "month": "2002-07",
            "price": "26.12",
            "revenue": 145908
        },
        "2002-08": {
            "month": "2002-08",
            "price": "24.55",
            "revenue": 166473
        },
        "2002-09": {
            "month": "2002-09",
            "price": "22.00",
            "revenue": 175734
        },
        "2002-10": {
            "month": "2002-10",
            "price": "18.18",
            "revenue": 188016
        },
        "2002-11": {
            "month": "2002-11",
            "price": "20.20",
            "revenue": 167369
        },
        "2002-12": {
            "month": "2002-12",
            "price": "20.27",
            "revenue": 172888
        },
        "2003-01": {
            "month": "2003-01",
            "price": "22.06",
            "revenue": 177163
        },
        "2003-02": {
            "month": "2003-02",
            "price": "22.15",
            "revenue": 156240
        },
        "2003-03": {
            "month": "2003-03",
            "price": "19.30",
            "revenue": 163273
        },
        "2003-04": {
            "month": "2003-04",
            "price": "18.05",
            "revenue": 161803
        },
        "2003-05": {
            "month": "2003-05",
            "price": "16.61",
            "revenue": 166771
        },
        "2003-06": {
            "month": "2003-06",
            "price": "18.40",
            "revenue": 176134
        },
        "2003-07": {
            "month": "2003-07",
            "price": "20.35",
            "revenue": 177886
        },
        "2003-08": {
            "month": "2003-08",
            "price": "19.85",
            "revenue": 211747
        },
        "2003-09": {
            "month": "2003-09",
            "price": "19.01",
            "revenue": 189296
        },
        "2003-10": {
            "month": "2003-10",
            "price": "21.39",
            "revenue": 225162
        },
        "2003-11": {
            "month": "2003-11",
            "price": "23.36",
            "revenue": 226438
        },
        "2003-12": {
            "month": "2003-12",
            "price": "23.96",
            "revenue": 267987
        },
        "2004-01": {
            "month": "2004-01",
            "price": "24.79",
            "revenue": 278803
        },
        "2004-02": {
            "month": "2004-02",
            "price": "33.81",
            "revenue": 331678
        },
        "2004-03": {
            "month": "2004-03",
            "price": "44.61",
            "revenue": 421375
        },
        "2004-04": {
            "month": "2004-04",
            "price": "40.27",
            "revenue": 385939
        },
        "2004-05": {
            "month": "2004-05",
            "price": "30.65",
            "revenue": 337647
        },
        "2004-06": {
            "month": "2004-06",
            "price": "31.30",
            "revenue": 352251
        },
        "2004-07": {
            "month": "2004-07",
            "price": "32.25",
            "revenue": 356296
        },
        "2004-08": {
            "month": "2004-08",
            "price": "33.85",
            "revenue": 456485
        },
        "2004-09": {
            "month": "2004-09",
            "price": "40.12",
            "revenue": 386025
        },
        "2004-10": {
            "month": "2004-10",
            "price": "36.61",
            "revenue": 429966
        },
        "2004-11": {
            "month": "2004-11",
            "price": "32.22",
            "revenue": 412590
        },
        "2004-12": {
            "month": "2004-12",
            "price": "32.84",
            "revenue": 385977
        },
        "2005-01": {
            "month": "2005-01",
            "price": "32.77",
            "revenue": 384195
        },
        "2005-02": {
            "month": "2005-02",
            "price": "32.59",
            "revenue": 337129
        },
        "2005-03": {
            "month": "2005-03",
            "price": "31.73",
            "revenue": 451966
        },
        "2005-04": {
            "month": "2005-04",
            "price": "27.99",
            "revenue": 343728
        },
        "2005-05": {
            "month": "2005-05",
            "price": "26.54",
            "revenue": 408084
        },
        "2005-06": {
            "month": "2005-06",
            "price": "28.54",
            "revenue": 470364
        },
        "2005-07": {
            "month": "2005-07",
            "price": "28.13",
            "revenue": 399332
        },
        "2005-08": {
            "month": "2005-08",
            "price": "28.02",
            "revenue": 398993
        },
        "2005-09": {
            "month": "2005-09",
            "price": "26.59",
            "revenue": 354649
        },
        "2005-10": {
            "month": "2005-10",
            "price": "20.46",
            "revenue": 390015
        },
        "2005-11": {
            "month": "2005-11",
            "price": "19.57",
            "revenue": 400485
        },
        "2005-12": {
            "month": "2005-12",
            "price": "21.03",
            "revenue": 472638
        },
        "2006-01": {
            "month": "2006-01",
            "price": "23.02",
            "revenue": 393715
        },
        "2006-02": {
            "month": "2006-02",
            "price": "24.28",
            "revenue": 427388
        },
        "2006-03": {
            "month": "2006-03",
            "price": "23.91",
            "revenue": 470220
        },
        "2006-04": {
            "month": "2006-04",
            "price": "26.49",
            "revenue": 441550
        },
        "2006-05": {
            "month": "2006-05",
            "price": "27.11",
            "revenue": 426137
        },
        "2006-06": {
            "month": "2006-06",
            "price": "24.84",
            "revenue": 416205
        },
        "2006-07": {
            "month": "2006-07",
            "price": "25.36",
            "revenue": 400189
        },
        "2006-08": {
            "month": "2006-08",
            "price": "24.44",
            "revenue": 446176
        },
        "2006-09": {
            "month": "2006-09",
            "price": "24.40",
            "revenue": 478950
        },
        "2006-10": {
            "month": "2006-10",
            "price": "25.21",
            "revenue": 616618
        },
        "2006-11": {
            "month": "2006-11",
            "price": "26.43",
            "revenue": 679015
        },
        "2006-12": {
            "month": "2006-12",
            "price": "27.64",
            "revenue": 753792
        },
        "2007-01": {
            "month": "2007-01",
            "price": "28.02",
            "revenue": 479814
        },
        "2007-02": {
            "month": "2007-02",
            "price": "27.14",
            "revenue": 430512
        },
        "2007-03": {
            "month": "2007-03",
            "price": "28.96",
            "revenue": 695825
        },
        "2007-04": {
            "month": "2007-04",
            "price": "33.79",
            "revenue": 725737
        },
        "2007-05": {
            "month": "2007-05",
            "price": "35.29",
            "revenue": 913900
        },
        "2007-06": {
            "month": "2007-06",
            "price": "40.20",
            "revenue": 810199
        },
        "2007-07": {
            "month": "2007-07",
            "price": "51.75",
            "revenue": 825411
        },
        "2007-08": {
            "month": "2007-08",
            "price": "51.17",
            "revenue": 1046695
        },
        "2007-09": {
            "month": "2007-09",
            "price": "64.66",
            "revenue": 1038604
        },
        "2007-10": {
            "month": "2007-10",
            "price": "77.38",
            "revenue": 1223536
        },
        "2007-11": {
            "month": "2007-11",
            "price": "70.10",
            "revenue": 1265397
        },
        "2007-12": {
            "month": "2007-12",
            "price": "61.20",
            "revenue": 1196235
        },
        "2008-01": {
            "month": "2008-01",
            "price": "60.40",
            "revenue": 796793
        },
        "2008-02": {
            "month": "2008-02",
            "price": "57.42",
            "revenue": 851793
        },
        "2008-03": {
            "month": "2008-03",
            "price": "59.20",
            "revenue": 1041681
        },
        "2008-04": {
            "month": "2008-04",
            "price": "63.06",
            "revenue": 883471
        },
        "2008-05": {
            "month": "2008-05",
            "price": "58.65",
            "revenue": 813619
        },
        "2008-06": {
            "month": "2008-06",
            "price": "48.79",
            "revenue": 651568
        },
        "2008-07": {
            "month": "2008-07",
            "price": "41.90",
            "revenue": 661044
        },
        "2008-08": {
            "month": "2008-08",
            "price": "38.14",
            "revenue": 655563
        },
        "2008-09": {
            "month": "2008-09",
            "price": "19.25",
            "revenue": 571282
        },
        "2008-10": {
            "month": "2008-10",
            "price": "16.82",
            "revenue": 529934
        },
        "2008-11": {
            "month": "2008-11",
            "price": "14.04",
            "revenue": 487141
        },
        "2008-12": {
            "month": "2008-12",
            "price": "13.40",
            "revenue": 414545
        },
        "2009-01": {
            "month": "2009-01",
            "price": "14.31",
            "revenue": 224436
        },
        "2009-02": {
            "month": "2009-02",
            "price": "15.01",
            "revenue": 346476
        },
        "2009-03": {
            "month": "2009-03",
            "price": "19.47",
            "revenue": 431236
        },
        "2009-04": {
            "month": "2009-04",
            "price": "25.15",
            "revenue": 549662
        },
        "2009-05": {
            "month": "2009-05",
            "price": "29.09",
            "revenue": 539561
        },
        "2009-06": {
            "month": "2009-06",
            "price": "30.69",
            "revenue": 504618
        },
        "2009-07": {
            "month": "2009-07",
            "price": "31.11",
            "revenue": 602595
        },
        "2009-08": {
            "month": "2009-08",
            "price": "36.40",
            "revenue": 643441
        },
        "2009-09": {
            "month": "2009-09",
            "price": "41.87",
            "revenue": 821259
        },
        "2009-10": {
            "month": "2009-10",
            "price": "45.42",
            "revenue": 790496
        },
        "2009-11": {
            "month": "2009-11",
            "price": "45.78",
            "revenue": 909756
        },
        "2009-12": {
            "month": "2009-12",
            "price": "46.61",
            "revenue": 772592
        },
        "2010-01": {
            "month": "2010-01",
            "price": "46.73",
            "revenue": 776121
        },
        "2010-02": {
            "month": "2010-02",
            "price": "39.40",
            "revenue": 517195
        },
        "2010-03": {
            "month": "2010-03",
            "price": "43.78",
            "revenue": 707185
        },
        "2010-04": {
            "month": "2010-04",
            "price": "45.90",
            "revenue": 731691
        },
        "2010-05": {
            "month": "2010-05",
            "price": "41.69",
            "revenue": 755664
        },
        "2010-06": {
            "month": "2010-06",
            "price": "40.98",
            "revenue": 639412
        },
        "2010-07": {
            "month": "2010-07",
            "price": "41.41",
            "revenue": 501672
        },
        "2010-08": {
            "month": "2010-08",
            "price": "41.32",
            "revenue": 637375
        },
        "2010-09": {
            "month": "2010-09",
            "price": "34.26",
            "revenue": 645752
        },
        "2010-10": {
            "month": "2010-10",
            "price": "36.30",
            "revenue": 680405
        },
        "2010-11": {
            "month": "2010-11",
            "price": "36.20",
            "revenue": 726935
        },
        "2010-12": {
            "month": "2010-12",
            "price": "35.85",
            "revenue": 805121
        },
        "2011-01": {
            "month": "2011-01",
            "price": "36.99",
            "revenue": 863582
        },
        "2011-02": {
            "month": "2011-02",
            "price": "37.94",
            "revenue": 654178
        },
        "2011-03": {
            "month": "2011-03",
            "price": "38.20",
            "revenue": 938985
        },
        "2011-04": {
            "month": "2011-04",
            "price": "41.09",
            "revenue": 878984
        },
        "2011-05": {
            "month": "2011-05",
            "price": "39.18",
            "revenue": 865673
        },
        "2011-06": {
            "month": "2011-06",
            "price": "39.35",
            "revenue": 736554
        },
        "2011-07": {
            "month": "2011-07",
            "price": "39.98",
            "revenue": 749663
        },
        "2011-08": {
            "month": "2011-08",
            "price": "34.90",
            "revenue": 853050
        },
        "2011-09": {
            "month": "2011-09",
            "price": "34.24",
            "revenue": 825622
        },
        "2011-10": {
            "month": "2011-10",
            "price": "31.78",
            "revenue": 756804
        },
        "2011-11": {
            "month": "2011-11",
            "price": "29.89",
            "revenue": 660712
        },
        "2011-12": {
            "month": "2011-12",
            "price": "28.10",
            "revenue": 623775
        },
        "2012-01": {
            "month": "2012-01",
            "price": "26.93",
            "revenue": 495262
        },
        "2012-02": {
            "month": "2012-02",
            "price": "29.74",
            "revenue": 739338
        },
        "2012-03": {
            "month": "2012-03",
            "price": "29.84",
            "revenue": 791835
        },
        "2012-04": {
            "month": "2012-04",
            "price": "27.69",
            "revenue": 696174
        },
        "2012-05": {
            "month": "2012-05",
            "price": "27.23",
            "revenue": 659177
        },
        "2012-06": {
            "month": "2012-06",
            "price": "26.00",
            "revenue": 621720
        },
        "2012-07": {
            "month": "2012-07",
            "price": "26.15",
            "revenue": 606570
        },
        "2012-08": {
            "month": "2012-08",
            "price": "27.40",
            "revenue": 603462
        },
        "2012-09": {
            "month": "2012-09",
            "price": "30.22",
            "revenue": 585077
        },
        "2012-10": {
            "month": "2012-10",
            "price": "29.24",
            "revenue": 844088
        },
        "2012-11": {
            "month": "2012-11",
            "price": "28.38",
            "revenue": 788555
        },
        "2012-12": {
            "month": "2012-12",
            "price": "29.78",
            "revenue": 702974
        },
        "2013-01": {
            "month": "2013-01",
            "price": "31.70",
            "revenue": 793613
        },
        "2013-02": {
            "month": "2013-02",
            "price": "32.31",
            "revenue": 604568
        },
        "2013-03": {
            "month": "2013-03",
            "price": "31.22",
            "revenue": 834925
        },
        "2013-04": {
            "month": "2013-04",
            "price": "31.56",
            "revenue": 796217
        },
        "2013-05": {
            "month": "2013-05",
            "price": "33.45",
            "revenue": 719127
        },
        "2013-06": {
            "month": "2013-06",
            "price": "35.03",
            "revenue": 702464
        },
        "2013-07": {
            "month": "2013-07",
            "price": "36.40",
            "revenue": 758196
        },
        "2013-08": {
            "month": "2013-08",
            "price": "37.19",
            "revenue": 736889
        },
        "2013-09": {
            "month": "2013-09",
            "price": "33.51",
            "revenue": 672389
        },
        "2013-10": {
            "month": "2013-10",
            "price": "33.63",
            "revenue": 795509
        },
        "2013-11": {
            "month": "2013-11",
            "price": "32.98",
            "revenue": 744051
        },
        "2013-12": {
            "month": "2013-12",
            "price": "34.13",
            "revenue": 732941
        },
        "2014-01": {
            "month": "2014-01",
            "price": "35.02",
            "revenue": 729730
        },
        "2014-02": {
            "month": "2014-02",
            "price": "34.76",
            "revenue": 629290
        },
        "2014-03": {
            "month": "2014-03",
            "price": "35.05",
            "revenue": 818870
        },
        "2014-04": {
            "month": "2014-04",
            "price": "35.32",
            "revenue": 779239
        },
        "2014-05": {
            "month": "2014-05",
            "price": "34.55",
            "revenue": 883311
        },
        "2014-06": {
            "month": "2014-06",
            "price": "35.34",
            "revenue": 943496
        },
        "2014-07": {
            "month": "2014-07",
            "price": "37.10",
            "revenue": 835430
        },
        "2014-08": {
            "month": "2014-08",
            "price": "38.07",
            "revenue": 875641
        },
        "2014-09": {
            "month": "2014-09",
            "price": "35.69",
            "revenue": 954852
        },
        "2014-10": {
            "month": "2014-10",
            "price": "33.78",
            "revenue": 1015520
        },
        "2014-11": {
            "month": "2014-11",
            "price": "34.60",
            "revenue": 972062
        },
        "2014-12": {
            "month": "2014-12",
            "price": "35.70",
            "revenue": 991462
        },
        "2015-01": {
            "month": "2015-01",
            "price": "36.27",
            "revenue": 1040666
        },
        "2015-02": {
            "month": "2015-02",
            "price": "37.25",
            "revenue": 723959
        },
        "2015-03": {
            "month": "2015-03",
            "price": "38.42",
            "revenue": 908170
        },
        "2015-04": {
            "month": "2015-04",
            "price": "40.19",
            "revenue": 847186
        },
        "2015-05": {
            "month": "2015-05",
            "price": "39.24",
            "revenue": 929319
        },
        "2015-06": {
            "month": "2015-06",
            "price": "36.59",
            "revenue": 899491
        },
        "2015-07": {
            "month": "2015-07",
            "price": "34.30",
            "revenue": 889142
        },
        "2015-08": {
            "month": "2015-08",
            "price": "32.03",
            "revenue": 848512
        },
        "2015-09": {
            "month": "2015-09",
            "price": "28.56",
            "revenue": 836475
        },
        "2015-10": {
            "month": "2015-10",
            "price": "30.27",
            "revenue": 824866
        },
        "2015-11": {
            "month": "2015-11",
            "price": "28.75",
            "revenue": 880575
        },
        "2015-12": {
            "month": "2015-12",
            "price": "27.30",
            "revenue": 868337
        },
        "2016-01": {
            "month": "2016-01",
            "price": "27.45",
            "revenue": 754528
        },
        "2016-02": {
            "month": "2016-02",
            "price": "28.80",
            "revenue": 523093
        },
        "2016-03": {
            "month": "2016-03",
            "price": "30.18",
            "revenue": 718115
        },
        "2016-04": {
            "month": "2016-04",
            "price": "30.15",
            "revenue": 789006
        },
        "2016-05": {
            "month": "2016-05",
            "price": "29.78",
            "revenue": 755346
        },
        "2016-06": {
            "month": "2016-06",
            "price": "30.06",
            "revenue": 717259
        },
        "2016-07": {
            "month": "2016-07",
            "price": "31.35",
            "revenue": 806118
        },
        "2016-08": {
            "month": "2016-08",
            "price": "32.23",
            "revenue": 852201
        },
        "2016-09": {
            "month": "2016-09",
            "price": "31.40",
            "revenue": 694643
        },
        "2016-10": {
            "month": "2016-10",
            "price": "31.01",
            "revenue": 822105
        },
        "2016-11": {
            "month": "2016-11",
            "price": "32.83",
            "revenue": 944324
        },
        "2016-12": {
            "month": "2016-12",
            "price": "35.68",
            "revenue": 932921
        },
        "2017-01": {
            "month": "2017-01",
            "price": "35.44",
            "revenue": 773958
        },
        "2017-02": {
            "month": "2017-02",
            "price": "36.34",
            "revenue": 894646
        },
        "2017-03": {
            "month": "2017-03",
            "price": "37.38",
            "revenue": 1071689
        },
        "2017-04": {
            "month": "2017-04",
            "price": "37.61",
            "revenue": 835577
        },
        "2017-05": {
            "month": "2017-05",
            "price": "37.84",
            "revenue": 766165
        },
        "2017-06": {
            "month": "2017-06",
            "price": "39.18",
            "revenue": 935874
        },
        "2017-07": {
            "month": "2017-07",
            "price": "39.59",
            "revenue": 903599
        },
        "2017-08": {
            "month": "2017-08",
            "price": "37.95",
            "revenue": 1018403
        },
        "2017-09": {
            "month": "2017-09",
            "price": "37.62",
            "revenue": 849609
        },
        "2017-10": {
            "month": "2017-10",
            "price": "38.38",
            "revenue": 967408
        },
        "2017-11": {
            "month": "2017-11",
            "price": "39.07",
            "revenue": 927550
        },
        "2017-12": {
            "month": "2017-12",
            "price": "38.92",
            "revenue": 904284
        },
        "2018-01": {
            "month": "2018-01",
            "price": "40.12",
            "revenue": 938780
        },
        "2018-02": {
            "month": "2018-02",
            "price": "39.34",
            "revenue": 678521
        },
        "2018-03": {
            "month": "2018-03",
            "price": "39.73",
            "revenue": 996478
        },
        "2018-04": {
            "month": "2018-04",
            "price": "40.08",
            "revenue": 972635
        },
        "2018-05": {
            "month": "2018-05",
            "price": "39.20",
            "revenue": 1009452
        },
        "2018-06": {
            "month": "2018-06",
            "price": "39.57",
            "revenue": 928965
        },
        "2018-07": {
            "month": "2018-07",
            "price": "39.20",
            "revenue": 921780
        },
        "2018-08": {
            "month": "2018-08",
            "price": "37.43",
            "revenue": 885065
        },
        "2018-09": {
            "month": "2018-09",
            "price": "34.75",
            "revenue": 823391
        },
        "2018-10": {
            "month": "2018-10",
            "price": "32.86",
            "revenue": 816758
        },
        "2018-11": {
            "month": "2018-11",
            "price": "30.44",
            "revenue": 815975
        },
        "2018-12": {
            "month": "2018-12",
            "price": "30.49",
            "revenue": 802755
        },
        "2019-01": {
            "month": "2019-01",
            "price": "31.41",
            "revenue": 786007
        },
        "2019-02": {
            "month": "2019-02",
            "price": "32.33",
            "revenue": 603560
        },
        "2019-03": {
            "month": "2019-03",
            "price": "32.78",
            "revenue": 727657
        },
        "2019-04": {
            "month": "2019-04",
            "price": "31.86",
            "revenue": 771395
        },
        "2019-05": {
            "month": "2019-05",
            "price": "31.21",
            "revenue": 839527
        },
        "2019-06": {
            "month": "2019-06",
            "price": "31.02",
            "revenue": 853629
        },
        "2019-07": {
            "month": "2019-07",
            "price": "32.03",
            "revenue": 901067
        },
        "2019-08": {
            "month": "2019-08",
            "price": "31.47",
            "revenue": 842828
        },
        "2019-09": {
            "month": "2019-09",
            "price": "31.21",
            "revenue": 904598
        },
        "2019-10": {
            "month": "2019-10",
            "price": "31.59",
            "revenue": 903825
        },
        "2019-11": {
            "month": "2019-11",
            "price": "32.22",
            "revenue": 948347
        },
        "2019-12": {
            "month": "2019-12",
            "price": "32.21",
            "revenue": 758079
        },
        "2020-01": {
            "month": "2020-01",
            "price": "32.18",
            "revenue": 645871
        },
        "2020-02": {
            "month": "2020-02",
            "price": "31.10",
            "revenue": 776502
        },
        "2020-03": {
            "month": "2020-03",
            "price": "28.82",
            "revenue": 786852
        },
        "2020-04": {
            "month": "2020-04",
            "price": "29.80",
            "revenue": 677869
        },
        "2020-05": {
            "month": "2020-05",
            "price": "30.04",
            "revenue": 613863
        },
        "2020-06": {
            "month": "2020-06",
            "price": "30.16",
            "revenue": 574320
        },
        "2020-07": {
            "month": "2020-07",
            "price": "30.27",
            "revenue": 747743
        },
        "2020-08": {
            "month": "2020-08",
            "price": "29.87",
            "revenue": 687266
        },
        "2020-09": {
            "month": "2020-09",
            "price": "28.42",
            "revenue": 792545
        },
        "2020-10": {
            "month": "2020-10",
            "price": "27.72",
            "revenue": 669384
        },
        "2020-11": {
            "month": "2020-11",
            "price": "28.69",
            "revenue": 700337
        },
        "2020-12": {
            "month": "2020-12",
            "price": "29.70",
            "revenue": 864396
        },
        "2021-01": {
            "month": "2021-01",
            "price": "29.92",
            "revenue": 799169
        },
        "2021-02": {
            "month": "2021-02",
            "price": "30.30",
            "revenue": 540861
        },
        "2021-03": {
            "month": "2021-03",
            "price": "30.04",
            "revenue": 699825
        },
        "2021-04": {
            "month": "2021-04",
            "price": "30.35",
            "revenue": 751001
        },
        "2021-05": {
            "month": "2021-05",
            "price": "31.10",
            "revenue": 793893
        },
        "2021-06": {
            "month": "2021-06",
            "price": "34.87",
            "revenue": 869004
        },
        "2021-07": {
            "month": "2021-07",
            "price": "41.39",
            "revenue": 791022
        },
        "2021-08": {
            "month": "2021-08",
            "price": "36.96",
            "revenue": 661035
        },
        "2021-09": {
            "month": "2021-09",
            "price": "33.04",
            "revenue": 693194
        },
        "2021-10": {
            "month": "2021-10",
            "price": "31.77",
            "revenue": 580988
        },
        "2021-11": {
            "month": "2021-11",
            "price": "33.32",
            "revenue": 795255
        },
        "2021-12": {
            "month": "2021-12",
            "price": "38.54",
            "revenue": 921282
        },
        "2022-01": {
            "month": "2022-01",
            "price": "38.10",
            "revenue": 821610
        },
        "2022-02": {
            "month": "2022-02",
            "price": "38.26",
            "revenue": 642468
        },
        "2022-03": {
            "month": "2022-03",
            "price": "41.57",
            "revenue": 961235
        },
        "2022-04": {
            "month": "2022-04",
            "price": "47.08",
            "revenue": 961158
        },
        "2022-05": {
            "month": "2022-05",
            "price": "45.18",
            "revenue": 860899
        },
        "2022-06": {
            "month": "2022-06",
            "price": "43.68",
            "revenue": 770932
        },
        "2022-07": {
            "month": "2022-07",
            "price": "39.65",
            "revenue": 781853
        },
        "2022-08": {
            "month": "2022-08",
            "price": "41.99",
            "revenue": 790747
        },
        "2022-09": {
            "month": "2022-09",
            "price": "36.35",
            "revenue": 644937
        },
        "2022-10": {
            "month": "2022-10",
            "price": "34.42",
            "revenue": 556755
        },
        "2022-11": {
            "month": "2022-11",
            "price": "36.65",
            "revenue": 634619
        },
        "2022-12": {
            "month": "2022-12",
            "price": "37.54",
            "revenue": 636460
        },
        "2023-01": {
            "month": "2023-01",
            "price": "37.88",
            "revenue": 553940
        },
        "2023-02": {
            "month": "2023-02",
            "price": "38.82",
            "revenue": 550913
        },
        "2023-03": {
            "month": "2023-03",
            "price": "41.03",
            "revenue": 984594
        },
        "2023-04": {
            "month": "2023-04",
            "price": "44.21",
            "revenue": 838190
        },
        "2023-05": {
            "month": "2023-05",
            "price": "45.17",
            "revenue": 765160
        },
        "2023-06": {
            "month": "2023-06",
            "price": "45.58",
            "revenue": 776296
        },
        "2023-07": {
            "month": "2023-07",
            "price": "47.59",
            "revenue": 769553
        },
        "2023-08": {
            "month": "2023-08",
            "price": "56.39",
            "revenue": 796318
        },
        "2023-09": {
            "month": "2023-09",
            "price": "60.00",
            "revenue": 759032
        },
        "2023-10": {
            "month": "2023-10",
            "price": "56.64",
            "revenue": 828704
        },
        "2023-11": {
            "month": "2023-11",
            "price": "63.91",
            "revenue": 899312
        },
        "2023-12": {
            "month": "2023-12",
            "price": "70.61",
            "revenue": 693559
        },
        "2024-01": {
            "month": "2024-01",
            "price": "67.13",
            "revenue": 869096
        },
        "2024-02": {
            "month": "2024-02",
            "price": "70.08",
            "revenue": 519111
        }
    }
}
