{
    "summary": {
        "stock_name": "中視",
        "stock_id": "9928",
        "category": "其他",
        "main_business": "設立與經營電視播送系統<br>製作播映並發行電視節目<br>製作及播映電視廣告",
        "website_url": "http://www.ctv.com.tw",
        "ceo": "胡雪珠",
        "pe_ratio": -123,
        "report_year_from": 2001,
        "report_year_to": 2023,
        "age": 23,
        "eps_negative_percentage": 83,
        "eps_growth_avg": {
            "last_all": -50,
            "last_2y": -100,
            "last_4y": -100,
            "last_8y": -100,
            "last_12y": -100,
            "last_16y": -33.33,
            "last_20y": -33.33,
            "at_2006_last_3y": null,
            "at_2007_last_3y": null,
            "at_2008_last_3y": null,
            "at_2009_last_3y": null,
            "at_2010_last_3y": 100,
            "at_2011_last_3y": 0,
            "at_2012_last_3y": 0,
            "at_2013_last_3y": 0,
            "at_2014_last_3y": -100,
            "at_2015_last_3y": null,
            "at_2016_last_3y": null,
            "at_2017_last_3y": null,
            "at_2018_last_3y": null,
            "at_2019_last_3y": null,
            "at_2020_last_3y": null,
            "at_2021_last_3y": null,
            "at_2022_last_3y": null,
            "at_2023_last_3y": -100,
            "at_2024_last_3y": -100,
            "at_2006_last_all": -100,
            "at_2007_last_all": -100,
            "at_2008_last_all": -100,
            "at_2009_last_all": -100,
            "at_2010_last_all": 0,
            "at_2011_last_all": -33.33,
            "at_2012_last_all": -33.33,
            "at_2013_last_all": -33.33,
            "at_2014_last_all": -33.33,
            "at_2015_last_all": -33.33,
            "at_2016_last_all": -33.33,
            "at_2017_last_all": -33.33,
            "at_2018_last_all": -33.33,
            "at_2019_last_all": -33.33,
            "at_2020_last_all": -33.33,
            "at_2021_last_all": -33.33,
            "at_2022_last_all": -33.33,
            "at_2023_last_all": -50,
            "at_2024_last_all": -50
        },
        "latest_eps": -0.14,
        "latest_price": 17.25,
        "latest_roe": -2,
        "latest_gross_margin": 20.56,
        "latest_equity": 437863,
        "latest_revenue": 322058,
        "latest_gross_profit": 66229,
        "latest_net_income": 30563,
        "latest_debt_ratio": 87.95,
        "latest_current_ratio": 23.29,
        "latest_account_receivable_turnover_ratio": 2.38,
        "latest_inventory_turnover_ratio": 2.03,
        "latest_reinvestment_rate": null,
        "latest_research_to_sale_ratio": null
    },
    "eps_dividends": {
        "1998": {
            "cash": 2,
            "stock": 0.2,
            "eps": 0
        },
        "1999": {
            "cash": 2,
            "stock": 0.3,
            "eps": 0
        },
        "2000": {
            "cash": 1.2,
            "stock": 1.2,
            "eps": 0
        },
        "2001": {
            "cash": 0.5,
            "stock": 0.5,
            "eps": 0.2
        },
        "2002": {
            "cash": 0,
            "stock": 0,
            "eps": -1.96
        },
        "2003": {
            "cash": 0,
            "stock": 0,
            "eps": -0.41
        },
        "2004": {
            "cash": 0,
            "stock": 0,
            "eps": -2.69
        },
        "2005": {
            "cash": 0,
            "stock": 0,
            "eps": -2.03
        },
        "2006": {
            "cash": 0,
            "stock": 0,
            "eps": -3.04
        },
        "2007": {
            "cash": 0,
            "stock": 0,
            "eps": -0.88
        },
        "2008": {
            "cash": 0,
            "stock": 0,
            "eps": -5.16
        },
        "2009": {
            "cash": 0,
            "stock": 0,
            "eps": 0.04
        },
        "2010": {
            "cash": 0,
            "stock": 0,
            "eps": 0.99
        },
        "2011": {
            "cash": 0,
            "stock": 0,
            "eps": -0.43
        },
        "2012": {
            "cash": 0,
            "stock": 0,
            "eps": -0.75
        },
        "2013": {
            "cash": 0,
            "stock": 0,
            "eps": -1.22
        },
        "2014": {
            "cash": 0,
            "stock": 0,
            "eps": -1.77
        },
        "2015": {
            "cash": 0,
            "stock": 0,
            "eps": -2.24
        },
        "2016": {
            "cash": 0,
            "stock": 0,
            "eps": -2.71
        },
        "2017": {
            "cash": 0,
            "stock": 0,
            "eps": -1.97
        },
        "2018": {
            "cash": 0,
            "stock": 0,
            "eps": -1.27
        },
        "2019": {
            "cash": 0,
            "stock": 0,
            "eps": -0.94
        },
        "2020": {
            "cash": 0,
            "stock": 0,
            "eps": -0.18
        },
        "2021": {
            "cash": 0,
            "stock": 0,
            "eps": -0.19
        },
        "2022": {
            "cash": 0,
            "stock": 0,
            "eps": 0.12
        },
        "2023": {
            "cash": 0,
            "stock": 0,
            "eps": -0.15
        }
    },
    "dividends": {
        "1998-06-16": {
            "cash": 2,
            "stock": 0.2
        },
        "1999-05-07": {
            "cash": 2,
            "stock": 0.3
        },
        "2000-04-29": {
            "cash": 1.2,
            "stock": 1.2
        },
        "2001-06-20": {
            "cash": 0.5,
            "stock": 0.5
        }
    },
    "prices": {
        "200101": "18.06",
        "200102": "18.99",
        "200103": "18.28",
        "200104": "16.96",
        "200105": "13.88",
        "200106": "13.78",
        "200107": "11.53",
        "200108": "10.35",
        "200109": "9.70",
        "200110": "9.91",
        "200111": "10.28",
        "200112": "11.24",
        "200201": "10.93",
        "200202": "10.36",
        "200203": "10.67",
        "200204": "11.47",
        "200205": "10.37",
        "200206": "9.93",
        "200207": "9.17",
        "200208": "8.35",
        "200209": "7.30",
        "200210": "8.02",
        "200211": "8.89",
        "200212": "8.50",
        "200301": "8.80",
        "200302": "9.20",
        "200303": "8.50",
        "200304": "8.42",
        "200305": "7.63",
        "200306": "8.20",
        "200307": "8.08",
        "200308": "7.86",
        "200309": "7.87",
        "200310": "8.12",
        "200311": "8.21",
        "200312": "8.27",
        "200401": "10.77",
        "200402": "18.26",
        "200403": "17.04",
        "200404": "11.88",
        "200405": "10.49",
        "200406": "10.11",
        "200407": "10.01",
        "200408": "10.22",
        "200409": "11.17",
        "200410": "11.55",
        "200411": "11.02",
        "200412": "11.43",
        "200501": "11.40",
        "200502": "11.30",
        "200503": "10.85",
        "200504": "9.85",
        "200505": "10.06",
        "200506": "10.41",
        "200507": "10.71",
        "200508": "10.71",
        "200509": "10.12",
        "200510": "9.62",
        "200511": "10.28",
        "200512": "11.05",
        "200601": "10.48",
        "200602": "10.14",
        "200603": "9.58",
        "200604": "9.35",
        "200605": "10.33",
        "200606": "8.75",
        "200607": "7.82",
        "200608": "7.64",
        "200609": "7.50",
        "200610": "7.88",
        "200611": "15.53",
        "200612": "17.00",
        "200701": "16.69",
        "200702": "16.44",
        "200703": "17.06",
        "200704": "18.34",
        "200705": "17.49",
        "200706": "17.96",
        "200707": "18.81",
        "200708": "18.25",
        "200709": "18.03",
        "200710": "18.85",
        "200711": "19.22",
        "200712": "21.47",
        "200801": "18.43",
        "200802": "17.00",
        "200803": "18.90",
        "200804": "16.89",
        "200805": "16.64",
        "200806": "13.50",
        "200807": "9.23",
        "200808": "9.21",
        "200809": "7.56",
        "200810": "6.28",
        "200811": "7.14",
        "200812": "7.65",
        "200901": "7.96",
        "200902": "7.22",
        "200903": "7.71",
        "200904": "12.74",
        "200905": "12.06",
        "200906": "10.77",
        "200907": "10.62",
        "200908": "9.98",
        "200909": "10.58",
        "200910": "11.14",
        "200911": "13.57",
        "200912": "19.22",
        "201001": "18.60",
        "201002": "16.43",
        "201003": "17.08",
        "201004": "17.25",
        "201005": "16.08",
        "201006": "16.24",
        "201007": "16.13",
        "201008": "17.76",
        "201009": "19.77",
        "201010": "23.20",
        "201011": "24.53",
        "201012": "25.59",
        "201101": "24.40",
        "201102": "26.13",
        "201103": "24.59",
        "201104": "24.97",
        "201105": "26.27",
        "201106": "26.12",
        "201107": "25.76",
        "201108": "27.56",
        "201109": "25.05",
        "201110": "24.70",
        "201111": "23.35",
        "201112": "22.58",
        "201201": "21.30",
        "201202": "20.13",
        "201203": "19.50",
        "201204": "16.70",
        "201205": "15.41",
        "201206": "14.04",
        "201207": "14.20",
        "201208": "14.72",
        "201209": "17.94",
        "201210": "17.32",
        "201211": "15.92",
        "201212": "16.05",
        "201301": "16.02",
        "201302": "15.72",
        "201303": "15.27",
        "201304": "14.82",
        "201305": "15.06",
        "201306": "14.51",
        "201307": "14.03",
        "201308": "13.84",
        "201309": "14.22",
        "201310": "15.32",
        "201311": "14.68",
        "201312": "15.20",
        "201401": "15.81",
        "201402": "15.79",
        "201403": "15.84",
        "201404": "15.54",
        "201405": "14.88",
        "201406": "15.03",
        "201407": "15.87",
        "201408": "15.76",
        "201409": "16.18",
        "201410": "15.34",
        "201411": "14.09",
        "201412": "11.96",
        "201501": "12.02",
        "201502": "11.95",
        "201503": "11.96",
        "201504": "11.80",
        "201505": "11.64",
        "201506": "10.70",
        "201507": "10.23",
        "201508": "9.40",
        "201509": "9.41",
        "201510": "11.20",
        "201511": "11.23",
        "201512": "9.76",
        "201601": "8.76",
        "201602": "8.39",
        "201603": "8.50",
        "201604": "8.01",
        "201605": "6.66",
        "201606": "5.85",
        "201607": "5.63",
        "201608": "5.41",
        "201609": "5.45",
        "201610": "5.21",
        "201611": "5.51",
        "201612": "5.35",
        "201701": "8.22",
        "201702": "8.27",
        "201703": "8.68",
        "201704": "7.09",
        "201705": "5.54",
        "201706": "6.23",
        "201707": "5.84",
        "201708": "5.92",
        "201709": "5.82",
        "201710": "5.79",
        "201711": "5.35",
        "201712": "4.87",
        "201801": "5.26",
        "201802": "5.32",
        "201803": "5.26",
        "201804": "5.40",
        "201805": "5.26",
        "201806": "5.26",
        "201807": "5.13",
        "201808": "5.16",
        "201809": "5.12",
        "201810": "5.09",
        "201811": "5.05",
        "201812": "5.03",
        "201901": "4.93",
        "201902": "4.92",
        "201903": "4.96",
        "201904": "4.81",
        "201905": "4.87",
        "201906": "4.88",
        "201907": "4.90",
        "201908": "4.69",
        "201909": "4.70",
        "201910": "4.93",
        "201911": "4.93",
        "201912": "4.84",
        "202001": "4.76",
        "202002": "4.64",
        "202003": "4.16",
        "202004": "3.50",
        "202005": "3.48",
        "202006": "3.39",
        "202007": "3.65",
        "202008": "4.36",
        "202009": "5.06",
        "202010": "4.87",
        "202011": "4.96",
        "202012": "5.01",
        "202101": "4.93",
        "202102": "4.93",
        "202103": "5.32",
        "202104": "6.18",
        "202105": "5.63",
        "202106": "5.53",
        "202107": "5.52",
        "202108": "5.42",
        "202109": "5.34",
        "202110": "5.68",
        "202111": "6.05",
        "202112": "6.24",
        "202201": "6.59",
        "202202": "6.78",
        "202203": "6.71",
        "202204": "17.04",
        "202205": "16.97",
        "202206": "16.64",
        "202207": "14.28",
        "202208": "21.20",
        "202209": "27.18",
        "202210": "20.96",
        "202211": "20.72",
        "202212": "19.60",
        "202301": "18.85",
        "202302": "20.71",
        "202303": "18.98",
        "202304": "18.53",
        "202305": "19.46",
        "202306": "19.16",
        "202307": "18.74",
        "202308": "17.98",
        "202309": "24.24",
        "202310": "30.02",
        "202311": "27.67",
        "202312": "24.92",
        "202401": "20.47",
        "202402": "18.70",
        "202403": "17.68",
        "202404": "無"
    },
    "quarters": {
        "20011": {
            "year_quarter": 20011,
            "year": 2001,
            "quarter": 1,
            "eps": 0.1,
            "eps_growth_year": -83.87,
            "eps_4q": 0.2,
            "eps_4q_growth_year": -92.59,
            "roe": 0.64,
            "roe_4q": 0.64,
            "gross_profit": 143591,
            "gross_margin": 19.27,
            "gross_margin_4q_avg": 19.27,
            "net_income": 34287,
            "net_income_4q": null,
            "revenue": 745160,
            "revenue_4q": null,
            "common_shares": 3484684,
            "book_valuer_per_share": 15.52,
            "book_valuer_per_share_4q_avg": 15.52,
            "equity": 5406741,
            "current_ratio": 102.3,
            "debt_ratio": 49.35,
            "inventory_turnover_ratio": 1.12,
            "account_receivable_turnover_ratio": null,
            "reinvestment_rate": null,
            "research_to_sale_ratio": null,
            "price_fair": 0,
            "eps_avg_yearly": 0,
            "eps_latest_yearly": 0,
            "eps_growth_yearly": 0
        },
        "20012": {
            "year_quarter": 20012,
            "year": 2001,
            "quarter": 2,
            "eps": 0.02,
            "eps_growth_year": -96.08,
            "eps_4q": -0.25,
            "eps_4q_growth_year": -112.36,
            "roe": 0.15,
            "roe_4q": 0.79,
            "gross_profit": 156803,
            "gross_margin": 19.31,
            "gross_margin_4q_avg": 19.29,
            "net_income": 7936,
            "net_income_4q": null,
            "revenue": 811939,
            "revenue_4q": null,
            "common_shares": 3484684,
            "book_valuer_per_share": 14.86,
            "book_valuer_per_share_4q_avg": 15.19,
            "equity": 5177908,
            "current_ratio": 90.86,
            "debt_ratio": 51.31,
            "inventory_turnover_ratio": 1.18,
            "account_receivable_turnover_ratio": null,
            "reinvestment_rate": null,
            "research_to_sale_ratio": null,
            "price_fair": 0,
            "eps_avg_yearly": 0,
            "eps_latest_yearly": 0,
            "eps_growth_yearly": 0
        },
        "20013": {
            "year_quarter": 20013,
            "year": 2001,
            "quarter": 3,
            "eps": -0.11,
            "eps_growth_year": -164.71,
            "eps_4q": -0.55,
            "eps_4q_growth_year": -134.49,
            "roe": -0.81,
            "roe_4q": -0.020000000000000018,
            "gross_profit": 187382,
            "gross_margin": 25.91,
            "gross_margin_4q_avg": 21.5,
            "net_income": -41439,
            "net_income_4q": null,
            "revenue": 723276,
            "revenue_4q": null,
            "common_shares": 3670719,
            "book_valuer_per_share": 13.67,
            "book_valuer_per_share_4q_avg": 14.68,
            "equity": 5017361,
            "current_ratio": 91.87,
            "debt_ratio": 53.02,
            "inventory_turnover_ratio": 0.92,
            "account_receivable_turnover_ratio": null,
            "reinvestment_rate": null,
            "research_to_sale_ratio": null,
            "price_fair": 0,
            "eps_avg_yearly": 0,
            "eps_latest_yearly": 0,
            "eps_growth_yearly": 0
        },
        "20014": {
            "year_quarter": 20014,
            "year": 2001,
            "quarter": 4,
            "eps": 0.19,
            "eps_growth_year": null,
            "eps_4q": 0.19,
            "eps_4q_growth_year": -70.38,
            "roe": 1.42,
            "roe_4q": 1.4,
            "gross_profit": 29551,
            "gross_margin": 4.33,
            "gross_margin_4q_avg": 17.21,
            "net_income": 70898,
            "net_income_4q": null,
            "revenue": 682345,
            "revenue_4q": null,
            "common_shares": 3670719,
            "book_valuer_per_share": 13.48,
            "book_valuer_per_share_4q_avg": 14.38,
            "equity": 4949642,
            "current_ratio": 121.08,
            "debt_ratio": 54.06,
            "inventory_turnover_ratio": 1.1,
            "account_receivable_turnover_ratio": null,
            "reinvestment_rate": null,
            "research_to_sale_ratio": null,
            "price_fair": 0,
            "eps_avg_yearly": 0,
            "eps_latest_yearly": 0,
            "eps_growth_yearly": 0
        },
        "20021": {
            "year_quarter": 20021,
            "year": 2002,
            "quarter": 1,
            "eps": -0.18,
            "eps_growth_year": -280,
            "eps_4q": -0.07,
            "eps_4q_growth_year": -137.42,
            "roe": -1.3,
            "roe_4q": -0.5400000000000001,
            "gross_profit": 30111,
            "gross_margin": 5.48,
            "gross_margin_4q_avg": 13.76,
            "net_income": -63879,
            "net_income_4q": null,
            "revenue": 549304,
            "revenue_4q": null,
            "common_shares": 3641879,
            "book_valuer_per_share": 13.46,
            "book_valuer_per_share_4q_avg": 13.87,
            "equity": 4901420,
            "current_ratio": 119.62,
            "debt_ratio": 54.03,
            "inventory_turnover_ratio": 0.84,
            "account_receivable_turnover_ratio": null,
            "reinvestment_rate": null,
            "research_to_sale_ratio": null,
            "price_fair": 0,
            "eps_avg_yearly": 0,
            "eps_latest_yearly": 0,
            "eps_growth_yearly": 0
        },
        "20022": {
            "year_quarter": 20022,
            "year": 2002,
            "quarter": 2,
            "eps": -0.36,
            "eps_growth_year": -1900,
            "eps_4q": -0.46,
            "eps_4q_growth_year": null,
            "roe": -2.74,
            "roe_4q": -3.43,
            "gross_profit": 140263,
            "gross_margin": 21.08,
            "gross_margin_4q_avg": 14.2,
            "net_income": -131894,
            "net_income_4q": null,
            "revenue": 665400,
            "revenue_4q": null,
            "common_shares": 3641879,
            "book_valuer_per_share": 13.01,
            "book_valuer_per_share_4q_avg": 13.41,
            "equity": 4737502,
            "current_ratio": 149.29,
            "debt_ratio": 54.95,
            "inventory_turnover_ratio": 0.8,
            "account_receivable_turnover_ratio": null,
            "reinvestment_rate": null,
            "research_to_sale_ratio": null,
            "price_fair": 0,
            "eps_avg_yearly": 0,
            "eps_latest_yearly": 0,
            "eps_growth_yearly": 0
        },
        "20023": {
            "year_quarter": 20023,
            "year": 2002,
            "quarter": 3,
            "eps": -1.09,
            "eps_growth_year": null,
            "eps_4q": -1.43,
            "eps_4q_growth_year": null,
            "roe": -8.75,
            "roe_4q": -11.370000000000001,
            "gross_profit": 100371,
            "gross_margin": 14.73,
            "gross_margin_4q_avg": 11.41,
            "net_income": -395276,
            "net_income_4q": null,
            "revenue": 681380,
            "revenue_4q": null,
            "common_shares": 3641879,
            "book_valuer_per_share": 11.81,
            "book_valuer_per_share_4q_avg": 12.94,
            "equity": 4300981,
            "current_ratio": 113.4,
            "debt_ratio": 56.98,
            "inventory_turnover_ratio": 0.88,
            "account_receivable_turnover_ratio": null,
            "reinvestment_rate": null,
            "research_to_sale_ratio": null,
            "price_fair": 0,
            "eps_avg_yearly": 0,
            "eps_latest_yearly": 0,
            "eps_growth_yearly": 0
        },
        "20024": {
            "year_quarter": 20024,
            "year": 2002,
            "quarter": 4,
            "eps": -0.33,
            "eps_growth_year": -273.68,
            "eps_4q": -1.95,
            "eps_4q_growth_year": -1115.09,
            "roe": -2.81,
            "roe_4q": -15.600000000000001,
            "gross_profit": 45115,
            "gross_margin": 6.83,
            "gross_margin_4q_avg": 12.03,
            "net_income": -118542,
            "net_income_4q": null,
            "revenue": 660104,
            "revenue_4q": null,
            "common_shares": 3641879,
            "book_valuer_per_share": 11.36,
            "book_valuer_per_share_4q_avg": 12.41,
            "equity": 4135856,
            "current_ratio": 106.37,
            "debt_ratio": 57.55,
            "inventory_turnover_ratio": 0.95,
            "account_receivable_turnover_ratio": null,
            "reinvestment_rate": -44.39,
            "research_to_sale_ratio": null,
            "price_fair": 0,
            "eps_avg_yearly": 0,
            "eps_latest_yearly": 0,
            "eps_growth_yearly": 0
        },
        "20031": {
            "year_quarter": 20031,
            "year": 2003,
            "quarter": 1,
            "eps": 0.02,
            "eps_growth_year": null,
            "eps_4q": -1.86,
            "eps_4q_growth_year": null,
            "roe": 0.17,
            "roe_4q": -14.13,
            "gross_profit": 119296,
            "gross_margin": 20.14,
            "gross_margin_4q_avg": 15.7,
            "net_income": 6878,
            "net_income_4q": null,
            "revenue": 592415,
            "revenue_4q": null,
            "common_shares": 3641879,
            "book_valuer_per_share": 11.28,
            "book_valuer_per_share_4q_avg": 11.87,
            "equity": 4109081,
            "current_ratio": 105.35,
            "debt_ratio": 56.6,
            "inventory_turnover_ratio": 0.74,
            "account_receivable_turnover_ratio": null,
            "reinvestment_rate": -195.52,
            "research_to_sale_ratio": null,
            "price_fair": 0,
            "eps_avg_yearly": 0,
            "eps_latest_yearly": 0,
            "eps_growth_yearly": 0
        },
        "20032": {
            "year_quarter": 20032,
            "year": 2003,
            "quarter": 2,
            "eps": -0.07,
            "eps_growth_year": null,
            "eps_4q": -1.46,
            "eps_4q_growth_year": null,
            "roe": -0.6,
            "roe_4q": -11.99,
            "gross_profit": 63787,
            "gross_margin": 10.52,
            "gross_margin_4q_avg": 13.06,
            "net_income": -24482,
            "net_income_4q": null,
            "revenue": 606528,
            "revenue_4q": null,
            "common_shares": 3641879,
            "book_valuer_per_share": 11.22,
            "book_valuer_per_share_4q_avg": 11.42,
            "equity": 4086999,
            "current_ratio": 84.45,
            "debt_ratio": 56.57,
            "inventory_turnover_ratio": 1.02,
            "account_receivable_turnover_ratio": null,
            "reinvestment_rate": null,
            "research_to_sale_ratio": null,
            "price_fair": 0,
            "eps_avg_yearly": 0,
            "eps_latest_yearly": 0,
            "eps_growth_yearly": 0
        },
        "20033": {
            "year_quarter": 20033,
            "year": 2003,
            "quarter": 3,
            "eps": -0.16,
            "eps_growth_year": null,
            "eps_4q": -0.53,
            "eps_4q_growth_year": null,
            "roe": -1.44,
            "roe_4q": -4.68,
            "gross_profit": 35545,
            "gross_margin": 6.25,
            "gross_margin_4q_avg": 10.94,
            "net_income": -58433,
            "net_income_4q": null,
            "revenue": 568486,
            "revenue_4q": null,
            "common_shares": 3641879,
            "book_valuer_per_share": 11.06,
            "book_valuer_per_share_4q_avg": 11.23,
            "equity": 4028566,
            "current_ratio": 130.3,
            "debt_ratio": 58.96,
            "inventory_turnover_ratio": 1.34,
            "account_receivable_turnover_ratio": null,
            "reinvestment_rate": null,
            "research_to_sale_ratio": null,
            "price_fair": 0,
            "eps_avg_yearly": 0,
            "eps_latest_yearly": 0,
            "eps_growth_yearly": 0
        },
        "20034": {
            "year_quarter": 20034,
            "year": 2003,
            "quarter": 4,
            "eps": -0.2,
            "eps_growth_year": null,
            "eps_4q": -0.41,
            "eps_4q_growth_year": null,
            "roe": -1.78,
            "roe_4q": -3.65,
            "gross_profit": 49909,
            "gross_margin": 9,
            "gross_margin_4q_avg": 11.48,
            "net_income": -71235,
            "net_income_4q": null,
            "revenue": 554261,
            "revenue_4q": null,
            "common_shares": 3641879,
            "book_valuer_per_share": 10.8,
            "book_valuer_per_share_4q_avg": 11.09,
            "equity": 3966580,
            "current_ratio": 110.51,
            "debt_ratio": 58.72,
            "inventory_turnover_ratio": 1.35,
            "account_receivable_turnover_ratio": null,
            "reinvestment_rate": null,
            "research_to_sale_ratio": null,
            "price_fair": 0,
            "eps_avg_yearly": 0,
            "eps_latest_yearly": 0,
            "eps_growth_yearly": 0
        },
        "20041": {
            "year_quarter": 20041,
            "year": 2004,
            "quarter": 1,
            "eps": -0.04,
            "eps_growth_year": -300,
            "eps_4q": -0.5,
            "eps_4q_growth_year": null,
            "roe": -0.34,
            "roe_4q": -4.16,
            "gross_profit": 53372,
            "gross_margin": 10.06,
            "gross_margin_4q_avg": 8.96,
            "net_income": -13456,
            "net_income_4q": null,
            "revenue": 530487,
            "revenue_4q": null,
            "common_shares": 3641879,
            "book_valuer_per_share": 10.78,
            "book_valuer_per_share_4q_avg": 10.97,
            "equity": 3926110,
            "current_ratio": 115.8,
            "debt_ratio": 58.1,
            "inventory_turnover_ratio": 1.34,
            "account_receivable_turnover_ratio": null,
            "reinvestment_rate": null,
            "research_to_sale_ratio": null,
            "price_fair": 0,
            "eps_avg_yearly": 0,
            "eps_latest_yearly": 0,
            "eps_growth_yearly": 0
        },
        "20042": {
            "year_quarter": 20042,
            "year": 2004,
            "quarter": 2,
            "eps": -0.69,
            "eps_growth_year": null,
            "eps_4q": -1.08,
            "eps_4q_growth_year": null,
            "roe": -6.57,
            "roe_4q": -10.129999999999999,
            "gross_profit": 79367,
            "gross_margin": 14.49,
            "gross_margin_4q_avg": 9.95,
            "net_income": -249226,
            "net_income_4q": null,
            "revenue": 547569,
            "revenue_4q": null,
            "common_shares": 3641879,
            "book_valuer_per_share": 10.05,
            "book_valuer_per_share_4q_avg": 10.67,
            "equity": 3660939,
            "current_ratio": 57,
            "debt_ratio": 59.88,
            "inventory_turnover_ratio": 1.3,
            "account_receivable_turnover_ratio": null,
            "reinvestment_rate": null,
            "research_to_sale_ratio": null,
            "price_fair": 0,
            "eps_avg_yearly": 0,
            "eps_latest_yearly": 0,
            "eps_growth_yearly": 0
        },
        "20043": {
            "year_quarter": 20043,
            "year": 2004,
            "quarter": 3,
            "eps": -0.36,
            "eps_growth_year": null,
            "eps_4q": -1.28,
            "eps_4q_growth_year": null,
            "roe": -3.64,
            "roe_4q": -12.33,
            "gross_profit": 26162,
            "gross_margin": 4.95,
            "gross_margin_4q_avg": 9.63,
            "net_income": -131160,
            "net_income_4q": null,
            "revenue": 528914,
            "revenue_4q": null,
            "common_shares": 3641879,
            "book_valuer_per_share": 9.76,
            "book_valuer_per_share_4q_avg": 10.35,
            "equity": 3552873,
            "current_ratio": 52.56,
            "debt_ratio": 60.82,
            "inventory_turnover_ratio": 1.35,
            "account_receivable_turnover_ratio": null,
            "reinvestment_rate": null,
            "research_to_sale_ratio": null,
            "price_fair": 0,
            "eps_avg_yearly": 0,
            "eps_latest_yearly": 0,
            "eps_growth_yearly": 0
        },
        "20044": {
            "year_quarter": 20044,
            "year": 2004,
            "quarter": 4,
            "eps": -1.6,
            "eps_growth_year": null,
            "eps_4q": -2.66,
            "eps_4q_growth_year": null,
            "roe": -17.93,
            "roe_4q": -28.48,
            "gross_profit": -35401,
            "gross_margin": -7.28,
            "gross_margin_4q_avg": 5.56,
            "net_income": -580885,
            "net_income_4q": null,
            "revenue": 486394,
            "revenue_4q": null,
            "common_shares": 3641879,
            "book_valuer_per_share": 7.98,
            "book_valuer_per_share_4q_avg": 9.64,
            "equity": 2925366,
            "current_ratio": 48.26,
            "debt_ratio": 64.54,
            "inventory_turnover_ratio": 1.44,
            "account_receivable_turnover_ratio": null,
            "reinvestment_rate": null,
            "research_to_sale_ratio": null,
            "price_fair": 0,
            "eps_avg_yearly": 0,
            "eps_latest_yearly": 0,
            "eps_growth_yearly": 0
        },
        "20051": {
            "year_quarter": 20051,
            "year": 2005,
            "quarter": 1,
            "eps": -0.59,
            "eps_growth_year": null,
            "eps_4q": -3.23,
            "eps_4q_growth_year": null,
            "roe": -7.45,
            "roe_4q": -35.59,
            "gross_profit": -21628,
            "gross_margin": -5.31,
            "gross_margin_4q_avg": 1.71,
            "net_income": -214680,
            "net_income_4q": null,
            "revenue": 407493,
            "revenue_4q": null,
            "common_shares": 3641879,
            "book_valuer_per_share": 7.8,
            "book_valuer_per_share_4q_avg": 8.9,
            "equity": 2840984,
            "current_ratio": 71.06,
            "debt_ratio": 62.43,
            "inventory_turnover_ratio": 1.2,
            "account_receivable_turnover_ratio": null,
            "reinvestment_rate": null,
            "research_to_sale_ratio": null,
            "price_fair": 0,
            "eps_avg_yearly": 0,
            "eps_latest_yearly": 0,
            "eps_growth_yearly": 0
        },
        "20052": {
            "year_quarter": 20052,
            "year": 2005,
            "quarter": 2,
            "eps": -0.43,
            "eps_growth_year": null,
            "eps_4q": -2.97,
            "eps_4q_growth_year": null,
            "roe": -5.62,
            "roe_4q": -34.64,
            "gross_profit": 22133,
            "gross_margin": 4.69,
            "gross_margin_4q_avg": -0.74,
            "net_income": -155800,
            "net_income_4q": null,
            "revenue": 471991,
            "revenue_4q": null,
            "common_shares": 3641879,
            "book_valuer_per_share": 7.41,
            "book_valuer_per_share_4q_avg": 8.24,
            "equity": 2699814,
            "current_ratio": 82.47,
            "debt_ratio": 63.41,
            "inventory_turnover_ratio": 1.23,
            "account_receivable_turnover_ratio": null,
            "reinvestment_rate": null,
            "research_to_sale_ratio": null,
            "price_fair": 0,
            "eps_avg_yearly": 0,
            "eps_latest_yearly": 0,
            "eps_growth_yearly": 0
        },
        "20053": {
            "year_quarter": 20053,
            "year": 2005,
            "quarter": 3,
            "eps": -0.31,
            "eps_growth_year": null,
            "eps_4q": -2.92,
            "eps_4q_growth_year": null,
            "roe": -4.27,
            "roe_4q": -35.269999999999996,
            "gross_profit": -31500,
            "gross_margin": -6.74,
            "gross_margin_4q_avg": -3.66,
            "net_income": -112673,
            "net_income_4q": null,
            "revenue": 467458,
            "revenue_4q": null,
            "common_shares": 3641879,
            "book_valuer_per_share": 7.07,
            "book_valuer_per_share_4q_avg": 7.57,
            "equity": 2574344,
            "current_ratio": 65.05,
            "debt_ratio": 64.29,
            "inventory_turnover_ratio": 1.33,
            "account_receivable_turnover_ratio": null,
            "reinvestment_rate": null,
            "research_to_sale_ratio": null,
            "price_fair": 0,
            "eps_avg_yearly": 0,
            "eps_latest_yearly": 0,
            "eps_growth_yearly": 0
        },
        "20054": {
            "year_quarter": 20054,
            "year": 2005,
            "quarter": 4,
            "eps": -0.7,
            "eps_growth_year": null,
            "eps_4q": -2.03,
            "eps_4q_growth_year": null,
            "roe": -10.32,
            "roe_4q": -27.66,
            "gross_profit": -35704,
            "gross_margin": -7.26,
            "gross_margin_4q_avg": -3.66,
            "net_income": -254824,
            "net_income_4q": null,
            "revenue": 491872,
            "revenue_4q": null,
            "common_shares": 3641879,
            "book_valuer_per_share": 6.4,
            "book_valuer_per_share_4q_avg": 7.17,
            "equity": 2363049,
            "current_ratio": 78.16,
            "debt_ratio": 66.46,
            "inventory_turnover_ratio": 1.37,
            "account_receivable_turnover_ratio": null,
            "reinvestment_rate": null,
            "research_to_sale_ratio": null,
            "price_fair": 0,
            "eps_avg_yearly": 0,
            "eps_latest_yearly": 0,
            "eps_growth_yearly": 0
        },
        "20061": {
            "year_quarter": 20061,
            "year": 2006,
            "quarter": 1,
            "eps": -0.69,
            "eps_growth_year": null,
            "eps_4q": -2.14,
            "eps_4q_growth_year": null,
            "roe": -10.97,
            "roe_4q": -31.18,
            "gross_profit": -18972,
            "gross_margin": -4.39,
            "gross_margin_4q_avg": -3.43,
            "net_income": -249209,
            "net_income_4q": null,
            "revenue": 432178,
            "revenue_4q": null,
            "common_shares": 3641879,
            "book_valuer_per_share": 5.99,
            "book_valuer_per_share_4q_avg": 6.72,
            "equity": 2181461,
            "current_ratio": 40.08,
            "debt_ratio": 67.24,
            "inventory_turnover_ratio": 1.43,
            "account_receivable_turnover_ratio": null,
            "reinvestment_rate": null,
            "research_to_sale_ratio": null,
            "price_fair": 0,
            "eps_avg_yearly": 0,
            "eps_latest_yearly": 0,
            "eps_growth_yearly": 0
        },
        "20062": {
            "year_quarter": 20062,
            "year": 2006,
            "quarter": 2,
            "eps": -0.35,
            "eps_growth_year": null,
            "eps_4q": -2.04,
            "eps_4q_growth_year": null,
            "roe": -6.11,
            "roe_4q": -31.67,
            "gross_profit": 5649,
            "gross_margin": 1.42,
            "gross_margin_4q_avg": -4.24,
            "net_income": -126500,
            "net_income_4q": null,
            "revenue": 398105,
            "revenue_4q": null,
            "common_shares": 3641879,
            "book_valuer_per_share": 5.38,
            "book_valuer_per_share_4q_avg": 6.21,
            "equity": 1958387,
            "current_ratio": 45.83,
            "debt_ratio": 70.54,
            "inventory_turnover_ratio": 1.37,
            "account_receivable_turnover_ratio": null,
            "reinvestment_rate": null,
            "research_to_sale_ratio": null,
            "price_fair": 0,
            "eps_avg_yearly": 0,
            "eps_latest_yearly": 0,
            "eps_growth_yearly": 0
        },
        "20063": {
            "year_quarter": 20063,
            "year": 2006,
            "quarter": 3,
            "eps": -0.43,
            "eps_growth_year": null,
            "eps_4q": -3.7,
            "eps_4q_growth_year": null,
            "roe": -4.17,
            "roe_4q": -31.57,
            "gross_profit": 3374,
            "gross_margin": 0.86,
            "gross_margin_4q_avg": -2.34,
            "net_income": -82598,
            "net_income_4q": null,
            "revenue": 391240,
            "revenue_4q": null,
            "common_shares": 1929177,
            "book_valuer_per_share": 10.36,
            "book_valuer_per_share_4q_avg": 7.03,
            "equity": 1998456,
            "current_ratio": 46.68,
            "debt_ratio": 69.62,
            "inventory_turnover_ratio": 1.04,
            "account_receivable_turnover_ratio": null,
            "reinvestment_rate": null,
            "research_to_sale_ratio": null,
            "price_fair": 0,
            "eps_avg_yearly": 0,
            "eps_latest_yearly": 0,
            "eps_growth_yearly": 0
        },
        "20064": {
            "year_quarter": 20064,
            "year": 2006,
            "quarter": 4,
            "eps": -1.57,
            "eps_growth_year": null,
            "eps_4q": -3.88,
            "eps_4q_growth_year": null,
            "roe": -12.98,
            "roe_4q": -34.23,
            "gross_profit": 19886,
            "gross_margin": 5.42,
            "gross_margin_4q_avg": 0.83,
            "net_income": -308684,
            "net_income_4q": null,
            "revenue": 366777,
            "revenue_4q": null,
            "common_shares": 2791246,
            "book_valuer_per_share": 9.79,
            "book_valuer_per_share_4q_avg": 7.88,
            "equity": 2759281,
            "current_ratio": 111.41,
            "debt_ratio": 59.65,
            "inventory_turnover_ratio": 0.87,
            "account_receivable_turnover_ratio": null,
            "reinvestment_rate": null,
            "research_to_sale_ratio": null,
            "price_fair": 0,
            "eps_avg_yearly": 0,
            "eps_latest_yearly": 0,
            "eps_growth_yearly": 0
        },
        "20071": {
            "year_quarter": 20071,
            "year": 2007,
            "quarter": 1,
            "eps": -0.18,
            "eps_growth_year": null,
            "eps_4q": -2.05,
            "eps_4q_growth_year": null,
            "roe": -1.83,
            "roe_4q": -25.09,
            "gross_profit": 61156,
            "gross_margin": 15.77,
            "gross_margin_4q_avg": 5.87,
            "net_income": -49731,
            "net_income_4q": null,
            "revenue": 387678,
            "revenue_4q": null,
            "common_shares": 2791246,
            "book_valuer_per_share": 9.59,
            "book_valuer_per_share_4q_avg": 8.78,
            "equity": 2677850,
            "current_ratio": 60.4,
            "debt_ratio": 59.87,
            "inventory_turnover_ratio": 0.9,
            "account_receivable_turnover_ratio": null,
            "reinvestment_rate": null,
            "research_to_sale_ratio": null,
            "price_fair": 0,
            "eps_avg_yearly": 0,
            "eps_latest_yearly": 0,
            "eps_growth_yearly": 0
        },
        "20072": {
            "year_quarter": 20072,
            "year": 2007,
            "quarter": 2,
            "eps": -0.12,
            "eps_growth_year": null,
            "eps_4q": -1.7,
            "eps_4q_growth_year": null,
            "roe": -1.3,
            "roe_4q": -20.28,
            "gross_profit": 87543,
            "gross_margin": 21.06,
            "gross_margin_4q_avg": 10.78,
            "net_income": -34626,
            "net_income_4q": null,
            "revenue": 415720,
            "revenue_4q": null,
            "common_shares": 2791246,
            "book_valuer_per_share": 9.5,
            "book_valuer_per_share_4q_avg": 9.81,
            "equity": 2651710,
            "current_ratio": 53.87,
            "debt_ratio": 59.04,
            "inventory_turnover_ratio": 0.85,
            "account_receivable_turnover_ratio": null,
            "reinvestment_rate": null,
            "research_to_sale_ratio": null,
            "price_fair": 0,
            "eps_avg_yearly": 0,
            "eps_latest_yearly": 0,
            "eps_growth_yearly": 0
        },
        "20073": {
            "year_quarter": 20073,
            "year": 2007,
            "quarter": 3,
            "eps": -0.46,
            "eps_growth_year": null,
            "eps_4q": -1.87,
            "eps_4q_growth_year": null,
            "roe": -4.98,
            "roe_4q": -21.09,
            "gross_profit": 65187,
            "gross_margin": 16.1,
            "gross_margin_4q_avg": 14.59,
            "net_income": -129031,
            "net_income_4q": null,
            "revenue": 404780,
            "revenue_4q": null,
            "common_shares": 2791246,
            "book_valuer_per_share": 9.05,
            "book_valuer_per_share_4q_avg": 9.48,
            "equity": 2525665,
            "current_ratio": 58.38,
            "debt_ratio": 60.52,
            "inventory_turnover_ratio": 0.86,
            "account_receivable_turnover_ratio": null,
            "reinvestment_rate": null,
            "research_to_sale_ratio": null,
            "price_fair": 0,
            "eps_avg_yearly": 0,
            "eps_latest_yearly": 0,
            "eps_growth_yearly": 0
        },
        "20074": {
            "year_quarter": 20074,
            "year": 2007,
            "quarter": 4,
            "eps": -0.12,
            "eps_growth_year": null,
            "eps_4q": -0.89,
            "eps_4q_growth_year": null,
            "roe": -1.28,
            "roe_4q": -9.39,
            "gross_profit": 136444,
            "gross_margin": 29.57,
            "gross_margin_4q_avg": 20.63,
            "net_income": -32379,
            "net_income_4q": null,
            "revenue": 461382,
            "revenue_4q": null,
            "common_shares": 2791246,
            "book_valuer_per_share": 9.01,
            "book_valuer_per_share_4q_avg": 9.29,
            "equity": 2543782,
            "current_ratio": 51.99,
            "debt_ratio": 60.86,
            "inventory_turnover_ratio": 1.04,
            "account_receivable_turnover_ratio": null,
            "reinvestment_rate": null,
            "research_to_sale_ratio": null,
            "price_fair": 0,
            "eps_avg_yearly": 0,
            "eps_latest_yearly": 0,
            "eps_growth_yearly": 0
        },
        "20081": {
            "year_quarter": 20081,
            "year": 2008,
            "quarter": 1,
            "eps": -0.21,
            "eps_growth_year": null,
            "eps_4q": -0.89,
            "eps_4q_growth_year": null,
            "roe": -2.4,
            "roe_4q": -9.96,
            "gross_profit": 122694,
            "gross_margin": 25.59,
            "gross_margin_4q_avg": 23.08,
            "net_income": -60298,
            "net_income_4q": null,
            "revenue": 479401,
            "revenue_4q": null,
            "common_shares": 2791246,
            "book_valuer_per_share": 8.8,
            "book_valuer_per_share_4q_avg": 9.09,
            "equity": 2482115,
            "current_ratio": 70.1,
            "debt_ratio": 62.48,
            "inventory_turnover_ratio": 1.4,
            "account_receivable_turnover_ratio": null,
            "reinvestment_rate": null,
            "research_to_sale_ratio": null,
            "price_fair": 0,
            "eps_avg_yearly": 0,
            "eps_latest_yearly": 0,
            "eps_growth_yearly": 0
        },
        "20082": {
            "year_quarter": 20082,
            "year": 2008,
            "quarter": 2,
            "eps": -0.42,
            "eps_growth_year": null,
            "eps_4q": -1.21,
            "eps_4q_growth_year": null,
            "roe": -4.92,
            "roe_4q": -13.58,
            "gross_profit": 72040,
            "gross_margin": 16.07,
            "gross_margin_4q_avg": 21.83,
            "net_income": -118883,
            "net_income_4q": null,
            "revenue": 448265,
            "revenue_4q": null,
            "common_shares": 2791246,
            "book_valuer_per_share": 8.33,
            "book_valuer_per_share_4q_avg": 8.8,
            "equity": 2351910,
            "current_ratio": 78.15,
            "debt_ratio": 63.31,
            "inventory_turnover_ratio": 1.43,
            "account_receivable_turnover_ratio": null,
            "reinvestment_rate": null,
            "research_to_sale_ratio": null,
            "price_fair": 0,
            "eps_avg_yearly": 0,
            "eps_latest_yearly": 0,
            "eps_growth_yearly": 0
        },
        "20083": {
            "year_quarter": 20083,
            "year": 2008,
            "quarter": 3,
            "eps": -0.38,
            "eps_growth_year": null,
            "eps_4q": -1.13,
            "eps_4q_growth_year": null,
            "roe": -4.42,
            "roe_4q": -13.02,
            "gross_profit": 36147,
            "gross_margin": 7.71,
            "gross_margin_4q_avg": 19.74,
            "net_income": -101945,
            "net_income_4q": null,
            "revenue": 468671,
            "revenue_4q": null,
            "common_shares": 2791246,
            "book_valuer_per_share": 8,
            "book_valuer_per_share_4q_avg": 8.54,
            "equity": 2262313,
            "current_ratio": 86.62,
            "debt_ratio": 64.39,
            "inventory_turnover_ratio": 1.79,
            "account_receivable_turnover_ratio": null,
            "reinvestment_rate": null,
            "research_to_sale_ratio": null,
            "price_fair": 0,
            "eps_avg_yearly": 0,
            "eps_latest_yearly": 0,
            "eps_growth_yearly": 0
        },
        "20084": {
            "year_quarter": 20084,
            "year": 2008,
            "quarter": 4,
            "eps": -4.15,
            "eps_growth_year": null,
            "eps_4q": -5.14,
            "eps_4q_growth_year": null,
            "roe": -61.06,
            "roe_4q": -72.80000000000001,
            "gross_profit": -188443,
            "gross_margin": -47.22,
            "gross_margin_4q_avg": 0.54,
            "net_income": -1163809,
            "net_income_4q": null,
            "revenue": 399082,
            "revenue_4q": null,
            "common_shares": 2791246,
            "book_valuer_per_share": 5.46,
            "book_valuer_per_share_4q_avg": 7.65,
            "equity": 1549664,
            "current_ratio": 40.11,
            "debt_ratio": 73.32,
            "inventory_turnover_ratio": 3.69,
            "account_receivable_turnover_ratio": null,
            "reinvestment_rate": null,
            "research_to_sale_ratio": null,
            "price_fair": 0,
            "eps_avg_yearly": 0,
            "eps_latest_yearly": 0,
            "eps_growth_yearly": 0
        },
        "20091": {
            "year_quarter": 20091,
            "year": 2009,
            "quarter": 1,
            "eps": -0.21,
            "eps_growth_year": null,
            "eps_4q": -5.16,
            "eps_4q_growth_year": null,
            "roe": -3.93,
            "roe_4q": -74.33000000000001,
            "gross_profit": 80270,
            "gross_margin": 21.54,
            "gross_margin_4q_avg": -0.48,
            "net_income": -59801,
            "net_income_4q": null,
            "revenue": 372613,
            "revenue_4q": null,
            "common_shares": 2791246,
            "book_valuer_per_share": 5.27,
            "book_valuer_per_share_4q_avg": 6.77,
            "equity": 1495976,
            "current_ratio": 39.64,
            "debt_ratio": 73.95,
            "inventory_turnover_ratio": 2.52,
            "account_receivable_turnover_ratio": 6.69,
            "reinvestment_rate": null,
            "research_to_sale_ratio": null,
            "price_fair": 0,
            "eps_avg_yearly": 0,
            "eps_latest_yearly": 0,
            "eps_growth_yearly": 0
        },
        "20092": {
            "year_quarter": 20092,
            "year": 2009,
            "quarter": 2,
            "eps": -0.05,
            "eps_growth_year": null,
            "eps_4q": -4.78,
            "eps_4q_growth_year": null,
            "roe": -0.95,
            "roe_4q": -70.36,
            "gross_profit": 69714,
            "gross_margin": 18.34,
            "gross_margin_4q_avg": 0.09,
            "net_income": -14235,
            "net_income_4q": null,
            "revenue": 380054,
            "revenue_4q": null,
            "common_shares": 2791246,
            "book_valuer_per_share": 5.25,
            "book_valuer_per_share_4q_avg": 6,
            "equity": 1492671,
            "current_ratio": 51.96,
            "debt_ratio": 74.21,
            "inventory_turnover_ratio": 2.21,
            "account_receivable_turnover_ratio": 2.39,
            "reinvestment_rate": null,
            "research_to_sale_ratio": null,
            "price_fair": 0,
            "eps_avg_yearly": 0,
            "eps_latest_yearly": 0,
            "eps_growth_yearly": 0
        },
        "20093": {
            "year_quarter": 20093,
            "year": 2009,
            "quarter": 3,
            "eps": 0.36,
            "eps_growth_year": null,
            "eps_4q": -8.99,
            "eps_4q_growth_year": null,
            "roe": 3.11,
            "roe_4q": -62.830000000000005,
            "gross_profit": 141616,
            "gross_margin": 28.61,
            "gross_margin_4q_avg": 5.32,
            "net_income": 47366,
            "net_income_4q": null,
            "revenue": 494983,
            "revenue_4q": null,
            "common_shares": 1327246,
            "book_valuer_per_share": 11.53,
            "book_valuer_per_share_4q_avg": 6.88,
            "equity": 1557297,
            "current_ratio": 67.91,
            "debt_ratio": 73.27,
            "inventory_turnover_ratio": 2.37,
            "account_receivable_turnover_ratio": 2.06,
            "reinvestment_rate": null,
            "research_to_sale_ratio": null,
            "price_fair": 0,
            "eps_avg_yearly": 0,
            "eps_latest_yearly": 0,
            "eps_growth_yearly": 0
        },
        "20094": {
            "year_quarter": 20094,
            "year": 2009,
            "quarter": 4,
            "eps": -0.06,
            "eps_growth_year": null,
            "eps_4q": -0.25,
            "eps_4q_growth_year": null,
            "roe": -0.59,
            "roe_4q": -2.3600000000000003,
            "gross_profit": 82286,
            "gross_margin": 19.15,
            "gross_margin_4q_avg": 21.91,
            "net_income": -9147,
            "net_income_4q": null,
            "revenue": 429625,
            "revenue_4q": null,
            "common_shares": 1327246,
            "book_valuer_per_share": 11.27,
            "book_valuer_per_share_4q_avg": 8.33,
            "equity": 1522683,
            "current_ratio": 65.38,
            "debt_ratio": 72.91,
            "inventory_turnover_ratio": 2.15,
            "account_receivable_turnover_ratio": 1.86,
            "reinvestment_rate": null,
            "research_to_sale_ratio": null,
            "price_fair": 0,
            "eps_avg_yearly": 0,
            "eps_latest_yearly": 0,
            "eps_growth_yearly": 0
        },
        "20101": {
            "year_quarter": 20101,
            "year": 2010,
            "quarter": 1,
            "eps": -0.23,
            "eps_growth_year": null,
            "eps_4q": -0.05,
            "eps_4q_growth_year": null,
            "roe": -2.06,
            "roe_4q": -0.49,
            "gross_profit": 50640,
            "gross_margin": 12.83,
            "gross_margin_4q_avg": 19.73,
            "net_income": -31168,
            "net_income_4q": null,
            "revenue": 394623,
            "revenue_4q": null,
            "common_shares": 1327246,
            "book_valuer_per_share": 11.15,
            "book_valuer_per_share_4q_avg": 9.8,
            "equity": 1500236,
            "current_ratio": 66.4,
            "debt_ratio": 72.72,
            "inventory_turnover_ratio": 3.86,
            "account_receivable_turnover_ratio": 4.3,
            "reinvestment_rate": null,
            "research_to_sale_ratio": null,
            "price_fair": 0,
            "eps_avg_yearly": 0,
            "eps_latest_yearly": 0,
            "eps_growth_yearly": 0
        },
        "20102": {
            "year_quarter": 20102,
            "year": 2010,
            "quarter": 2,
            "eps": 0.25,
            "eps_growth_year": null,
            "eps_4q": 0.32,
            "eps_4q_growth_year": null,
            "roe": 2.2,
            "roe_4q": 2.66,
            "gross_profit": 153187,
            "gross_margin": 35.52,
            "gross_margin_4q_avg": 24.03,
            "net_income": 33183,
            "net_income_4q": null,
            "revenue": 431244,
            "revenue_4q": null,
            "common_shares": 1327246,
            "book_valuer_per_share": 11.29,
            "book_valuer_per_share_4q_avg": 11.31,
            "equity": 1517484,
            "current_ratio": 83.04,
            "debt_ratio": 72.92,
            "inventory_turnover_ratio": 72.53,
            "account_receivable_turnover_ratio": 2.18,
            "reinvestment_rate": null,
            "research_to_sale_ratio": null,
            "price_fair": 0,
            "eps_avg_yearly": 0,
            "eps_latest_yearly": 0,
            "eps_growth_yearly": 0
        },
        "20103": {
            "year_quarter": 20103,
            "year": 2010,
            "quarter": 3,
            "eps": 1.17,
            "eps_growth_year": 224.98,
            "eps_4q": 1.13,
            "eps_4q_growth_year": null,
            "roe": 9.74,
            "roe_4q": 9.290000000000001,
            "gross_profit": 34739,
            "gross_margin": 10.18,
            "gross_margin_4q_avg": 19.42,
            "net_income": 155293,
            "net_income_4q": null,
            "revenue": 341113,
            "revenue_4q": null,
            "common_shares": 1327246,
            "book_valuer_per_share": 12.45,
            "book_valuer_per_share_4q_avg": 11.54,
            "equity": 1671716,
            "current_ratio": 66.18,
            "debt_ratio": 68.96,
            "inventory_turnover_ratio": 22.27,
            "account_receivable_turnover_ratio": 1.82,
            "reinvestment_rate": null,
            "research_to_sale_ratio": null,
            "price_fair": 163.8,
            "eps_avg_yearly": 4.68,
            "eps_latest_yearly": 4.68,
            "eps_growth_yearly": 1472
        },
        "20104": {
            "year_quarter": 20104,
            "year": 2010,
            "quarter": 4,
            "eps": -0.2,
            "eps_growth_year": null,
            "eps_4q": 0.98,
            "eps_4q_growth_year": null,
            "roe": -1.64,
            "roe_4q": 8.24,
            "gross_profit": 53318,
            "gross_margin": 12.15,
            "gross_margin_4q_avg": 17.67,
            "net_income": -27058,
            "net_income_4q": null,
            "revenue": 438791,
            "revenue_4q": null,
            "common_shares": 1327246,
            "book_valuer_per_share": 12.15,
            "book_valuer_per_share_4q_avg": 11.76,
            "equity": 1631423,
            "current_ratio": 49.8,
            "debt_ratio": 69.31,
            "inventory_turnover_ratio": 23.51,
            "account_receivable_turnover_ratio": 2.36,
            "reinvestment_rate": null,
            "research_to_sale_ratio": null,
            "price_fair": 163.8,
            "eps_avg_yearly": 4.68,
            "eps_latest_yearly": 4.68,
            "eps_growth_yearly": 1472
        },
        "20111": {
            "year_quarter": 20111,
            "year": 2011,
            "quarter": 1,
            "eps": -0.56,
            "eps_growth_year": null,
            "eps_4q": 0.66,
            "eps_4q_growth_year": null,
            "roe": -4.68,
            "roe_4q": 5.620000000000001,
            "gross_profit": 1247,
            "gross_margin": 0.4,
            "gross_margin_4q_avg": 14.56,
            "net_income": -74465,
            "net_income_4q": null,
            "revenue": 308243,
            "revenue_4q": null,
            "common_shares": 1327246,
            "book_valuer_per_share": 11.55,
            "book_valuer_per_share_4q_avg": 11.86,
            "equity": 1551492,
            "current_ratio": 46.07,
            "debt_ratio": 69.87,
            "inventory_turnover_ratio": 16.18,
            "account_receivable_turnover_ratio": 1.76,
            "reinvestment_rate": null,
            "research_to_sale_ratio": null,
            "price_fair": 163.8,
            "eps_avg_yearly": 4.68,
            "eps_latest_yearly": 4.68,
            "eps_growth_yearly": 1472
        },
        "20112": {
            "year_quarter": 20112,
            "year": 2011,
            "quarter": 2,
            "eps": -0.04,
            "eps_growth_year": -115.21,
            "eps_4q": 0.37,
            "eps_4q_growth_year": 16.65,
            "roe": -0.35,
            "roe_4q": 3.070000000000001,
            "gross_profit": 45846,
            "gross_margin": 13.4,
            "gross_margin_4q_avg": 9.03,
            "net_income": -5454,
            "net_income_4q": null,
            "revenue": 342073,
            "revenue_4q": null,
            "common_shares": 1327246,
            "book_valuer_per_share": 11.49,
            "book_valuer_per_share_4q_avg": 11.91,
            "equity": 1525408,
            "current_ratio": 48.69,
            "debt_ratio": 70.25,
            "inventory_turnover_ratio": 7.26,
            "account_receivable_turnover_ratio": 2.32,
            "reinvestment_rate": null,
            "research_to_sale_ratio": null,
            "price_fair": 163.8,
            "eps_avg_yearly": 4.68,
            "eps_latest_yearly": 4.68,
            "eps_growth_yearly": 1472
        },
        "20113": {
            "year_quarter": 20113,
            "year": 2011,
            "quarter": 3,
            "eps": 0.14,
            "eps_growth_year": -87.99,
            "eps_4q": -0.66,
            "eps_4q_growth_year": -158.62,
            "roe": 1.23,
            "roe_4q": -5.4399999999999995,
            "gross_profit": 111483,
            "gross_margin": 24.55,
            "gross_margin_4q_avg": 12.63,
            "net_income": 18925,
            "net_income_4q": null,
            "revenue": 454072,
            "revenue_4q": null,
            "common_shares": 1327246,
            "book_valuer_per_share": 11.6,
            "book_valuer_per_share_4q_avg": 11.7,
            "equity": 1540628,
            "current_ratio": 53.59,
            "debt_ratio": 70.39,
            "inventory_turnover_ratio": 6.1,
            "account_receivable_turnover_ratio": 2.37,
            "reinvestment_rate": null,
            "research_to_sale_ratio": null,
            "price_fair": 163.8,
            "eps_avg_yearly": 4.68,
            "eps_latest_yearly": 4.68,
            "eps_growth_yearly": 1472
        },
        "20114": {
            "year_quarter": 20114,
            "year": 2011,
            "quarter": 4,
            "eps": 0.03,
            "eps_growth_year": null,
            "eps_4q": -0.43,
            "eps_4q_growth_year": -143.2,
            "roe": 0.29,
            "roe_4q": -3.51,
            "gross_profit": 95042,
            "gross_margin": 21.08,
            "gross_margin_4q_avg": 14.86,
            "net_income": 4386,
            "net_income_4q": null,
            "revenue": 450866,
            "revenue_4q": null,
            "common_shares": 1327246,
            "book_valuer_per_share": 11.5,
            "book_valuer_per_share_4q_avg": 11.54,
            "equity": 1526053,
            "current_ratio": 50.16,
            "debt_ratio": 69.9,
            "inventory_turnover_ratio": 7,
            "account_receivable_turnover_ratio": 1.84,
            "reinvestment_rate": null,
            "research_to_sale_ratio": null,
            "price_fair": 84,
            "eps_avg_yearly": 2.4,
            "eps_latest_yearly": 0.12,
            "eps_growth_yearly": 578.86
        },
        "20121": {
            "year_quarter": 20121,
            "year": 2012,
            "quarter": 1,
            "eps": -0.29,
            "eps_growth_year": null,
            "eps_4q": -0.15,
            "eps_4q_growth_year": -122.68,
            "roe": -2.51,
            "roe_4q": -1.3399999999999999,
            "gross_profit": 26463,
            "gross_margin": 8.3,
            "gross_margin_4q_avg": 16.83,
            "net_income": -37844,
            "net_income_4q": null,
            "revenue": 318809,
            "revenue_4q": null,
            "common_shares": 1327246,
            "book_valuer_per_share": 11.26,
            "book_valuer_per_share_4q_avg": 11.46,
            "equity": 1494360,
            "current_ratio": 48.57,
            "debt_ratio": 69.83,
            "inventory_turnover_ratio": 6.1,
            "account_receivable_turnover_ratio": 1.48,
            "reinvestment_rate": null,
            "research_to_sale_ratio": null,
            "price_fair": 84,
            "eps_avg_yearly": 2.4,
            "eps_latest_yearly": 0.12,
            "eps_growth_yearly": 578.86
        },
        "20122": {
            "year_quarter": 20122,
            "year": 2012,
            "quarter": 2,
            "eps": 0.14,
            "eps_growth_year": null,
            "eps_4q": 0.03,
            "eps_4q_growth_year": -92.41,
            "roe": 1.23,
            "roe_4q": 0.2400000000000002,
            "gross_profit": 43762,
            "gross_margin": 12.96,
            "gross_margin_4q_avg": 16.72,
            "net_income": 18409,
            "net_income_4q": null,
            "revenue": 337547,
            "revenue_4q": null,
            "common_shares": 1327246,
            "book_valuer_per_share": 11.36,
            "book_valuer_per_share_4q_avg": 11.43,
            "equity": 1507725,
            "current_ratio": 50.85,
            "debt_ratio": 69.67,
            "inventory_turnover_ratio": 8.47,
            "account_receivable_turnover_ratio": 1.97,
            "reinvestment_rate": null,
            "research_to_sale_ratio": null,
            "price_fair": 84,
            "eps_avg_yearly": 2.4,
            "eps_latest_yearly": 0.12,
            "eps_growth_yearly": 578.86
        },
        "20123": {
            "year_quarter": 20123,
            "year": 2012,
            "quarter": 3,
            "eps": -0.21,
            "eps_growth_year": -249.56,
            "eps_4q": -0.32,
            "eps_4q_growth_year": null,
            "roe": -1.87,
            "roe_4q": -2.86,
            "gross_profit": 53345,
            "gross_margin": 12.51,
            "gross_margin_4q_avg": 13.71,
            "net_income": -27879,
            "net_income_4q": null,
            "revenue": 426523,
            "revenue_4q": null,
            "common_shares": 1327246,
            "book_valuer_per_share": 11.16,
            "book_valuer_per_share_4q_avg": 11.32,
            "equity": 1480271,
            "current_ratio": 47.62,
            "debt_ratio": 69.63,
            "inventory_turnover_ratio": 17,
            "account_receivable_turnover_ratio": 2.42,
            "reinvestment_rate": null,
            "research_to_sale_ratio": null,
            "price_fair": 84,
            "eps_avg_yearly": 2.4,
            "eps_latest_yearly": 0.12,
            "eps_growth_yearly": 578.86
        },
        "20124": {
            "year_quarter": 20124,
            "year": 2012,
            "quarter": 4,
            "eps": -0.39,
            "eps_growth_year": -1263.18,
            "eps_4q": -0.75,
            "eps_4q_growth_year": null,
            "roe": -3.6,
            "roe_4q": -6.75,
            "gross_profit": 6436,
            "gross_margin": 1.63,
            "gross_margin_4q_avg": 8.85,
            "net_income": -52328,
            "net_income_4q": null,
            "revenue": 394158,
            "revenue_4q": null,
            "common_shares": 1327246,
            "book_valuer_per_share": 10.77,
            "book_valuer_per_share_4q_avg": 11.14,
            "equity": 1428889,
            "current_ratio": 44.06,
            "debt_ratio": 70.02,
            "inventory_turnover_ratio": 15.96,
            "account_receivable_turnover_ratio": 1.84,
            "reinvestment_rate": null,
            "research_to_sale_ratio": null,
            "price_fair": 84,
            "eps_avg_yearly": 2.4,
            "eps_latest_yearly": 0.12,
            "eps_growth_yearly": 578.86
        },
        "20131": {
            "year_quarter": 20131,
            "year": 2013,
            "quarter": 1,
            "eps": -0.53,
            "eps_growth_year": null,
            "eps_4q": -1,
            "eps_4q_growth_year": null,
            "roe": -5.16,
            "roe_4q": -9.399999999999999,
            "gross_profit": -35469,
            "gross_margin": -14.38,
            "gross_margin_4q_avg": 3.18,
            "net_income": -70942,
            "net_income_4q": null,
            "revenue": 246603,
            "revenue_4q": null,
            "common_shares": 1327246,
            "book_valuer_per_share": 9.94,
            "book_valuer_per_share_4q_avg": 10.81,
            "equity": 1319484,
            "current_ratio": 39.9,
            "debt_ratio": 71.72,
            "inventory_turnover_ratio": 8.56,
            "account_receivable_turnover_ratio": 1.18,
            "reinvestment_rate": null,
            "research_to_sale_ratio": null,
            "price_fair": 84,
            "eps_avg_yearly": 2.4,
            "eps_latest_yearly": 0.12,
            "eps_growth_yearly": 578.86
        },
        "20132": {
            "year_quarter": 20132,
            "year": 2013,
            "quarter": 2,
            "eps": -0.36,
            "eps_growth_year": -359.39,
            "eps_4q": -1.5,
            "eps_4q_growth_year": -5462.97,
            "roe": -3.66,
            "roe_4q": -14.29,
            "gross_profit": -15299,
            "gross_margin": -5.46,
            "gross_margin_4q_avg": -1.43,
            "net_income": -47553,
            "net_income_4q": null,
            "revenue": 280003,
            "revenue_4q": null,
            "common_shares": 1327246,
            "book_valuer_per_share": 9.64,
            "book_valuer_per_share_4q_avg": 10.38,
            "equity": 1278894,
            "current_ratio": 38.03,
            "debt_ratio": 72.25,
            "inventory_turnover_ratio": 8.36,
            "account_receivable_turnover_ratio": 1.62,
            "reinvestment_rate": null,
            "research_to_sale_ratio": null,
            "price_fair": 84,
            "eps_avg_yearly": 2.4,
            "eps_latest_yearly": 0.12,
            "eps_growth_yearly": 578.86
        },
        "20133": {
            "year_quarter": 20133,
            "year": 2013,
            "quarter": 3,
            "eps": -0.25,
            "eps_growth_year": null,
            "eps_4q": -1.54,
            "eps_4q_growth_year": null,
            "roe": -2.63,
            "roe_4q": -15.049999999999999,
            "gross_profit": 1720,
            "gross_margin": 0.54,
            "gross_margin_4q_avg": -4.42,
            "net_income": -33237,
            "net_income_4q": null,
            "revenue": 321340,
            "revenue_4q": null,
            "common_shares": 1327246,
            "book_valuer_per_share": 9.38,
            "book_valuer_per_share_4q_avg": 9.93,
            "equity": 1244396,
            "current_ratio": 41.16,
            "debt_ratio": 73.23,
            "inventory_turnover_ratio": 10.85,
            "account_receivable_turnover_ratio": 1.84,
            "reinvestment_rate": null,
            "research_to_sale_ratio": null,
            "price_fair": 84,
            "eps_avg_yearly": 2.4,
            "eps_latest_yearly": 0.12,
            "eps_growth_yearly": 578.86
        },
        "20134": {
            "year_quarter": 20134,
            "year": 2013,
            "quarter": 4,
            "eps": -0.08,
            "eps_growth_year": null,
            "eps_4q": -1.22,
            "eps_4q_growth_year": null,
            "roe": -0.83,
            "roe_4q": -12.280000000000001,
            "gross_profit": 28635,
            "gross_margin": 6.9,
            "gross_margin_4q_avg": -3.1,
            "net_income": -10385,
            "net_income_4q": null,
            "revenue": 414821,
            "revenue_4q": null,
            "common_shares": 1327246,
            "book_valuer_per_share": 9.39,
            "book_valuer_per_share_4q_avg": 9.59,
            "equity": 1245958,
            "current_ratio": 39.89,
            "debt_ratio": 73.33,
            "inventory_turnover_ratio": 13.64,
            "account_receivable_turnover_ratio": 2.16,
            "reinvestment_rate": null,
            "research_to_sale_ratio": null,
            "price_fair": 84,
            "eps_avg_yearly": 2.4,
            "eps_latest_yearly": 0.12,
            "eps_growth_yearly": 578.86
        },
        "20141": {
            "year_quarter": 20141,
            "year": 2014,
            "quarter": 1,
            "eps": -0.56,
            "eps_growth_year": null,
            "eps_4q": -1.25,
            "eps_4q_growth_year": null,
            "roe": -6.12,
            "roe_4q": -13.24,
            "gross_profit": -35791,
            "gross_margin": -15.55,
            "gross_margin_4q_avg": -3.39,
            "net_income": -74091,
            "net_income_4q": null,
            "revenue": 230180,
            "revenue_4q": null,
            "common_shares": 1327246,
            "book_valuer_per_share": 8.84,
            "book_valuer_per_share_4q_avg": 9.31,
            "equity": 1173558,
            "current_ratio": 23.21,
            "debt_ratio": 74.52,
            "inventory_turnover_ratio": 10.15,
            "account_receivable_turnover_ratio": 1.25,
            "reinvestment_rate": null,
            "research_to_sale_ratio": null,
            "price_fair": 84,
            "eps_avg_yearly": 2.4,
            "eps_latest_yearly": 0.12,
            "eps_growth_yearly": 578.86
        },
        "20142": {
            "year_quarter": 20142,
            "year": 2014,
            "quarter": 2,
            "eps": -0.28,
            "eps_growth_year": null,
            "eps_4q": -1.17,
            "eps_4q_growth_year": null,
            "roe": -3.27,
            "roe_4q": -12.850000000000001,
            "gross_profit": -5764,
            "gross_margin": -2.44,
            "gross_margin_4q_avg": -2.64,
            "net_income": -37798,
            "net_income_4q": null,
            "revenue": 235862,
            "revenue_4q": null,
            "common_shares": 1327246,
            "book_valuer_per_share": 8.57,
            "book_valuer_per_share_4q_avg": 9.05,
            "equity": 1137337,
            "current_ratio": 24.03,
            "debt_ratio": 75.57,
            "inventory_turnover_ratio": 9.57,
            "account_receivable_turnover_ratio": 1.7,
            "reinvestment_rate": null,
            "research_to_sale_ratio": null,
            "price_fair": 84,
            "eps_avg_yearly": 2.4,
            "eps_latest_yearly": 0.12,
            "eps_growth_yearly": 578.86
        },
        "20143": {
            "year_quarter": 20143,
            "year": 2014,
            "quarter": 3,
            "eps": -0.49,
            "eps_growth_year": null,
            "eps_4q": -1.41,
            "eps_4q_growth_year": null,
            "roe": -5.83,
            "roe_4q": -16.049999999999997,
            "gross_profit": -34314,
            "gross_margin": -15.31,
            "gross_margin_4q_avg": -6.6,
            "net_income": -64273,
            "net_income_4q": null,
            "revenue": 224195,
            "revenue_4q": null,
            "common_shares": 1327246,
            "book_valuer_per_share": 8.05,
            "book_valuer_per_share_4q_avg": 8.71,
            "equity": 1067785,
            "current_ratio": 23.03,
            "debt_ratio": 76.73,
            "inventory_turnover_ratio": 8.93,
            "account_receivable_turnover_ratio": 1.91,
            "reinvestment_rate": null,
            "research_to_sale_ratio": null,
            "price_fair": 0.36,
            "eps_avg_yearly": 0.12,
            "eps_latest_yearly": 0.12,
            "eps_growth_yearly": -314.29
        },
        "20144": {
            "year_quarter": 20144,
            "year": 2014,
            "quarter": 4,
            "eps": -0.44,
            "eps_growth_year": null,
            "eps_4q": -1.77,
            "eps_4q_growth_year": null,
            "roe": -5.58,
            "roe_4q": -20.8,
            "gross_profit": -26972,
            "gross_margin": -8.57,
            "gross_margin_4q_avg": -10.47,
            "net_income": -58057,
            "net_income_4q": null,
            "revenue": 314789,
            "revenue_4q": null,
            "common_shares": 1327246,
            "book_valuer_per_share": 7.62,
            "book_valuer_per_share_4q_avg": 8.27,
            "equity": 1011592,
            "current_ratio": 21.87,
            "debt_ratio": 78.06,
            "inventory_turnover_ratio": 13.16,
            "account_receivable_turnover_ratio": 2.63,
            "reinvestment_rate": null,
            "research_to_sale_ratio": null,
            "price_fair": 0.36,
            "eps_avg_yearly": 0.12,
            "eps_latest_yearly": 0.12,
            "eps_growth_yearly": -314.29
        },
        "20151": {
            "year_quarter": 20151,
            "year": 2015,
            "quarter": 1,
            "eps": -1.04,
            "eps_growth_year": null,
            "eps_4q": -2.24,
            "eps_4q_growth_year": null,
            "roe": -14.61,
            "roe_4q": -29.289999999999996,
            "gross_profit": -98156,
            "gross_margin": -62.75,
            "gross_margin_4q_avg": -22.27,
            "net_income": -137577,
            "net_income_4q": null,
            "revenue": 156426,
            "revenue_4q": null,
            "common_shares": 1327246,
            "book_valuer_per_share": 6.57,
            "book_valuer_per_share_4q_avg": 7.7,
            "equity": 871757,
            "current_ratio": 27.03,
            "debt_ratio": 80.71,
            "inventory_turnover_ratio": 14.66,
            "account_receivable_turnover_ratio": 1.47,
            "reinvestment_rate": null,
            "research_to_sale_ratio": null,
            "price_fair": 0.36,
            "eps_avg_yearly": 0.12,
            "eps_latest_yearly": 0.12,
            "eps_growth_yearly": -314.29
        },
        "20152": {
            "year_quarter": 20152,
            "year": 2015,
            "quarter": 2,
            "eps": -0.65,
            "eps_growth_year": null,
            "eps_4q": -2.61,
            "eps_4q_growth_year": null,
            "roe": -10.36,
            "roe_4q": -36.379999999999995,
            "gross_profit": -70157,
            "gross_margin": -30.58,
            "gross_margin_4q_avg": -29.3,
            "net_income": -85732,
            "net_income_4q": null,
            "revenue": 229437,
            "revenue_4q": null,
            "common_shares": 1327246,
            "book_valuer_per_share": 5.9,
            "book_valuer_per_share_4q_avg": 7.04,
            "equity": 783490,
            "current_ratio": 27.84,
            "debt_ratio": 82.61,
            "inventory_turnover_ratio": 15.65,
            "account_receivable_turnover_ratio": 2.19,
            "reinvestment_rate": null,
            "research_to_sale_ratio": null,
            "price_fair": 0.36,
            "eps_avg_yearly": 0.12,
            "eps_latest_yearly": 0.12,
            "eps_growth_yearly": -314.29
        },
        "20153": {
            "year_quarter": 20153,
            "year": 2015,
            "quarter": 3,
            "eps": -0.4,
            "eps_growth_year": null,
            "eps_4q": -2.52,
            "eps_4q_growth_year": null,
            "roe": -7.1,
            "roe_4q": -37.65,
            "gross_profit": -42070,
            "gross_margin": -17.04,
            "gross_margin_4q_avg": -29.74,
            "net_income": -53493,
            "net_income_4q": null,
            "revenue": 246910,
            "revenue_4q": null,
            "common_shares": 1327246,
            "book_valuer_per_share": 5.45,
            "book_valuer_per_share_4q_avg": 6.39,
            "equity": 723294,
            "current_ratio": 28.03,
            "debt_ratio": 83.79,
            "inventory_turnover_ratio": 13.9,
            "account_receivable_turnover_ratio": 1.94,
            "reinvestment_rate": null,
            "research_to_sale_ratio": null,
            "price_fair": 0.36,
            "eps_avg_yearly": 0.12,
            "eps_latest_yearly": 0.12,
            "eps_growth_yearly": -314.29
        },
        "20154": {
            "year_quarter": 20154,
            "year": 2015,
            "quarter": 4,
            "eps": -0.15,
            "eps_growth_year": null,
            "eps_4q": -2.24,
            "eps_4q_growth_year": null,
            "roe": -2.78,
            "roe_4q": -34.849999999999994,
            "gross_profit": 16697,
            "gross_margin": 5.22,
            "gross_margin_4q_avg": -26.29,
            "net_income": -20010,
            "net_income_4q": null,
            "revenue": 320067,
            "revenue_4q": null,
            "common_shares": 1327246,
            "book_valuer_per_share": 5.38,
            "book_valuer_per_share_4q_avg": 5.83,
            "equity": 714640,
            "current_ratio": 27.59,
            "debt_ratio": 83.78,
            "inventory_turnover_ratio": 18.46,
            "account_receivable_turnover_ratio": 2.4,
            "reinvestment_rate": null,
            "research_to_sale_ratio": null,
            "price_fair": 0,
            "eps_avg_yearly": 0,
            "eps_latest_yearly": 0,
            "eps_growth_yearly": 0
        },
        "20161": {
            "year_quarter": 20161,
            "year": 2016,
            "quarter": 1,
            "eps": -0.45,
            "eps_growth_year": null,
            "eps_4q": -1.65,
            "eps_4q_growth_year": null,
            "roe": -8.67,
            "roe_4q": -28.909999999999997,
            "gross_profit": -35092,
            "gross_margin": -18.52,
            "gross_margin_4q_avg": -15.23,
            "net_income": -59416,
            "net_income_4q": null,
            "revenue": 189529,
            "revenue_4q": null,
            "common_shares": 1327246,
            "book_valuer_per_share": 4.94,
            "book_valuer_per_share_4q_avg": 5.42,
            "equity": 655221,
            "current_ratio": 18.69,
            "debt_ratio": 84.75,
            "inventory_turnover_ratio": 18.77,
            "account_receivable_turnover_ratio": 1.67,
            "reinvestment_rate": null,
            "research_to_sale_ratio": null,
            "price_fair": 0,
            "eps_avg_yearly": 0,
            "eps_latest_yearly": 0,
            "eps_growth_yearly": 0
        },
        "20162": {
            "year_quarter": 20162,
            "year": 2016,
            "quarter": 2,
            "eps": -0.45,
            "eps_growth_year": null,
            "eps_4q": -1.45,
            "eps_4q_growth_year": null,
            "roe": -9.63,
            "roe_4q": -28.18,
            "gross_profit": -33833,
            "gross_margin": -17.37,
            "gross_margin_4q_avg": -11.93,
            "net_income": -60185,
            "net_income_4q": null,
            "revenue": 194733,
            "revenue_4q": null,
            "common_shares": 1327246,
            "book_valuer_per_share": 4.48,
            "book_valuer_per_share_4q_avg": 5.06,
            "equity": 594946,
            "current_ratio": 18.03,
            "debt_ratio": 85.95,
            "inventory_turnover_ratio": 13.66,
            "account_receivable_turnover_ratio": 2.12,
            "reinvestment_rate": null,
            "research_to_sale_ratio": null,
            "price_fair": 0,
            "eps_avg_yearly": 0,
            "eps_latest_yearly": 0,
            "eps_growth_yearly": 0
        },
        "20163": {
            "year_quarter": 20163,
            "year": 2016,
            "quarter": 3,
            "eps": -0.49,
            "eps_growth_year": null,
            "eps_4q": -1.54,
            "eps_4q_growth_year": null,
            "roe": -11.52,
            "roe_4q": -32.6,
            "gross_profit": -42341,
            "gross_margin": -23.53,
            "gross_margin_4q_avg": -13.55,
            "net_income": -64795,
            "net_income_4q": null,
            "revenue": 179950,
            "revenue_4q": null,
            "common_shares": 1327246,
            "book_valuer_per_share": 3.99,
            "book_valuer_per_share_4q_avg": 4.7,
            "equity": 530151,
            "current_ratio": 17.87,
            "debt_ratio": 87.34,
            "inventory_turnover_ratio": 9.1,
            "account_receivable_turnover_ratio": 1.99,
            "reinvestment_rate": null,
            "research_to_sale_ratio": null,
            "price_fair": 0,
            "eps_avg_yearly": 0,
            "eps_latest_yearly": 0,
            "eps_growth_yearly": 0
        },
        "20164": {
            "year_quarter": 20164,
            "year": 2016,
            "quarter": 4,
            "eps": -1.32,
            "eps_growth_year": null,
            "eps_4q": -3.93,
            "eps_4q_growth_year": null,
            "roe": -19.16,
            "roe_4q": -48.980000000000004,
            "gross_profit": -56134,
            "gross_margin": -25.68,
            "gross_margin_4q_avg": -21.28,
            "net_income": -93391,
            "net_income_4q": null,
            "revenue": 218633,
            "revenue_4q": null,
            "common_shares": 707246,
            "book_valuer_per_share": 6.29,
            "book_valuer_per_share_4q_avg": 4.93,
            "equity": 444552,
            "current_ratio": 18.53,
            "debt_ratio": 89.38,
            "inventory_turnover_ratio": 13.32,
            "account_receivable_turnover_ratio": 2.35,
            "reinvestment_rate": null,
            "research_to_sale_ratio": null,
            "price_fair": 0,
            "eps_avg_yearly": 0,
            "eps_latest_yearly": 0,
            "eps_growth_yearly": 0
        },
        "20171": {
            "year_quarter": 20171,
            "year": 2017,
            "quarter": 1,
            "eps": -0.27,
            "eps_growth_year": null,
            "eps_4q": -3.36,
            "eps_4q_growth_year": null,
            "roe": -4.38,
            "roe_4q": -44.690000000000005,
            "gross_profit": -71898,
            "gross_margin": -41.64,
            "gross_margin_4q_avg": -27.06,
            "net_income": -19066,
            "net_income_4q": null,
            "revenue": 172675,
            "revenue_4q": null,
            "common_shares": 707246,
            "book_valuer_per_share": 6.02,
            "book_valuer_per_share_4q_avg": 5.2,
            "equity": 425486,
            "current_ratio": 20.8,
            "debt_ratio": 89.44,
            "inventory_turnover_ratio": 23.6,
            "account_receivable_turnover_ratio": 1.84,
            "reinvestment_rate": null,
            "research_to_sale_ratio": null,
            "price_fair": 0,
            "eps_avg_yearly": 0,
            "eps_latest_yearly": 0,
            "eps_growth_yearly": 0
        },
        "20172": {
            "year_quarter": 20172,
            "year": 2017,
            "quarter": 2,
            "eps": -0.81,
            "eps_growth_year": null,
            "eps_4q": -1.87,
            "eps_4q_growth_year": null,
            "roe": -16.75,
            "roe_4q": -51.81,
            "gross_profit": -68401,
            "gross_margin": -37.06,
            "gross_margin_4q_avg": -31.98,
            "net_income": -105039,
            "net_income_4q": null,
            "revenue": 184573,
            "revenue_4q": null,
            "common_shares": 1507246,
            "book_valuer_per_share": 5.5,
            "book_valuer_per_share_4q_avg": 5.45,
            "equity": 828447,
            "current_ratio": 22.4,
            "debt_ratio": 78.86,
            "inventory_turnover_ratio": 25.43,
            "account_receivable_turnover_ratio": 2.1,
            "reinvestment_rate": null,
            "research_to_sale_ratio": null,
            "price_fair": 0,
            "eps_avg_yearly": 0,
            "eps_latest_yearly": 0,
            "eps_growth_yearly": 0
        },
        "20173": {
            "year_quarter": 20173,
            "year": 2017,
            "quarter": 3,
            "eps": -0.63,
            "eps_growth_year": null,
            "eps_4q": -2.08,
            "eps_4q_growth_year": null,
            "roe": -12.21,
            "roe_4q": -52.5,
            "gross_profit": -67611,
            "gross_margin": -36.64,
            "gross_margin_4q_avg": -35.26,
            "net_income": -95367,
            "net_income_4q": null,
            "revenue": 184510,
            "revenue_4q": null,
            "common_shares": 1507246,
            "book_valuer_per_share": 4.86,
            "book_valuer_per_share_4q_avg": 5.67,
            "equity": 733080,
            "current_ratio": 22.33,
            "debt_ratio": 81.21,
            "inventory_turnover_ratio": 32.05,
            "account_receivable_turnover_ratio": 2.12,
            "reinvestment_rate": null,
            "research_to_sale_ratio": null,
            "price_fair": 0,
            "eps_avg_yearly": 0,
            "eps_latest_yearly": 0,
            "eps_growth_yearly": 0
        },
        "20174": {
            "year_quarter": 20174,
            "year": 2017,
            "quarter": 4,
            "eps": -0.26,
            "eps_growth_year": null,
            "eps_4q": -1.72,
            "eps_4q_growth_year": null,
            "roe": -5.48,
            "roe_4q": -38.82,
            "gross_profit": -37735,
            "gross_margin": -19.47,
            "gross_margin_4q_avg": -33.7,
            "net_income": -39189,
            "net_income_4q": null,
            "revenue": 193832,
            "revenue_4q": null,
            "common_shares": 1507246,
            "book_valuer_per_share": 4.62,
            "book_valuer_per_share_4q_avg": 5.25,
            "equity": 696079,
            "current_ratio": 21.5,
            "debt_ratio": 81.96,
            "inventory_turnover_ratio": 98.96,
            "account_receivable_turnover_ratio": 2.16,
            "reinvestment_rate": null,
            "research_to_sale_ratio": null,
            "price_fair": 0,
            "eps_avg_yearly": 0,
            "eps_latest_yearly": 0,
            "eps_growth_yearly": 0
        },
        "20181": {
            "year_quarter": 20181,
            "year": 2018,
            "quarter": 1,
            "eps": -0.46,
            "eps_growth_year": null,
            "eps_4q": -2.05,
            "eps_4q_growth_year": null,
            "roe": -9.78,
            "roe_4q": -44.22,
            "gross_profit": -36500,
            "gross_margin": -21.64,
            "gross_margin_4q_avg": -28.7,
            "net_income": -68839,
            "net_income_4q": null,
            "revenue": 168682,
            "revenue_4q": null,
            "common_shares": 1507246,
            "book_valuer_per_share": 4.72,
            "book_valuer_per_share_4q_avg": 4.93,
            "equity": 711478,
            "current_ratio": 13.71,
            "debt_ratio": 81.64,
            "inventory_turnover_ratio": 75.98,
            "account_receivable_turnover_ratio": 2.01,
            "reinvestment_rate": null,
            "research_to_sale_ratio": null,
            "price_fair": 0,
            "eps_avg_yearly": 0,
            "eps_latest_yearly": 0,
            "eps_growth_yearly": 0
        },
        "20182": {
            "year_quarter": 20182,
            "year": 2018,
            "quarter": 2,
            "eps": -0.41,
            "eps_growth_year": null,
            "eps_4q": -1.76,
            "eps_4q_growth_year": null,
            "roe": -9.06,
            "roe_4q": -36.53,
            "gross_profit": -25795,
            "gross_margin": -13.51,
            "gross_margin_4q_avg": -22.82,
            "net_income": -61687,
            "net_income_4q": null,
            "revenue": 190944,
            "revenue_4q": null,
            "common_shares": 1507246,
            "book_valuer_per_share": 4.31,
            "book_valuer_per_share_4q_avg": 4.63,
            "equity": 649791,
            "current_ratio": 13.6,
            "debt_ratio": 83.09,
            "inventory_turnover_ratio": 73.78,
            "account_receivable_turnover_ratio": 2.44,
            "reinvestment_rate": null,
            "research_to_sale_ratio": null,
            "price_fair": 0,
            "eps_avg_yearly": 0,
            "eps_latest_yearly": 0,
            "eps_growth_yearly": 0
        },
        "20183": {
            "year_quarter": 20183,
            "year": 2018,
            "quarter": 3,
            "eps": -0.35,
            "eps_growth_year": null,
            "eps_4q": -1.48,
            "eps_4q_growth_year": null,
            "roe": -8.54,
            "roe_4q": -32.86,
            "gross_profit": -24645,
            "gross_margin": -12.85,
            "gross_margin_4q_avg": -16.87,
            "net_income": -53226,
            "net_income_4q": null,
            "revenue": 191786,
            "revenue_4q": null,
            "common_shares": 1507246,
            "book_valuer_per_share": 3.96,
            "book_valuer_per_share_4q_avg": 4.4,
            "equity": 596565,
            "current_ratio": 13.01,
            "debt_ratio": 84.31,
            "inventory_turnover_ratio": 124.14,
            "account_receivable_turnover_ratio": 2.1,
            "reinvestment_rate": null,
            "research_to_sale_ratio": null,
            "price_fair": 0,
            "eps_avg_yearly": 0,
            "eps_latest_yearly": 0,
            "eps_growth_yearly": 0
        },
        "20184": {
            "year_quarter": 20184,
            "year": 2018,
            "quarter": 4,
            "eps": -0.05,
            "eps_growth_year": null,
            "eps_4q": -1.27,
            "eps_4q_growth_year": null,
            "roe": -1.24,
            "roe_4q": -28.619999999999997,
            "gross_profit": 14645,
            "gross_margin": 6.91,
            "gross_margin_4q_avg": -10.27,
            "net_income": -7256,
            "net_income_4q": null,
            "revenue": 211818,
            "revenue_4q": null,
            "common_shares": 1507246,
            "book_valuer_per_share": 3.8,
            "book_valuer_per_share_4q_avg": 4.2,
            "equity": 573517,
            "current_ratio": 13.2,
            "debt_ratio": 84.75,
            "inventory_turnover_ratio": 248.33,
            "account_receivable_turnover_ratio": 2.14,
            "reinvestment_rate": null,
            "research_to_sale_ratio": null,
            "price_fair": 0,
            "eps_avg_yearly": 0,
            "eps_latest_yearly": 0,
            "eps_growth_yearly": 0
        },
        "20191": {
            "year_quarter": 20191,
            "year": 2019,
            "quarter": 1,
            "eps": -0.34,
            "eps_growth_year": null,
            "eps_4q": -1.15,
            "eps_4q_growth_year": null,
            "roe": -9.35,
            "roe_4q": -28.189999999999998,
            "gross_profit": -27453,
            "gross_margin": -18.24,
            "gross_margin_4q_avg": -9.42,
            "net_income": -51252,
            "net_income_4q": null,
            "revenue": 150539,
            "revenue_4q": null,
            "common_shares": 1507246,
            "book_valuer_per_share": 3.46,
            "book_valuer_per_share_4q_avg": 3.88,
            "equity": 522207,
            "current_ratio": 16.45,
            "debt_ratio": 86.11,
            "inventory_turnover_ratio": 102.62,
            "account_receivable_turnover_ratio": 1.74,
            "reinvestment_rate": null,
            "research_to_sale_ratio": null,
            "price_fair": 0,
            "eps_avg_yearly": 0,
            "eps_latest_yearly": 0,
            "eps_growth_yearly": 0
        },
        "20192": {
            "year_quarter": 20192,
            "year": 2019,
            "quarter": 2,
            "eps": -0.23,
            "eps_growth_year": null,
            "eps_4q": -0.97,
            "eps_4q_growth_year": null,
            "roe": -6.87,
            "roe_4q": -25.999999999999996,
            "gross_profit": -9036,
            "gross_margin": -4.94,
            "gross_margin_4q_avg": -7.28,
            "net_income": -34663,
            "net_income_4q": null,
            "revenue": 182822,
            "revenue_4q": null,
            "common_shares": 1507246,
            "book_valuer_per_share": 3.23,
            "book_valuer_per_share_4q_avg": 3.61,
            "equity": 487533,
            "current_ratio": 16.63,
            "debt_ratio": 86.94,
            "inventory_turnover_ratio": 110.11,
            "account_receivable_turnover_ratio": 2.36,
            "reinvestment_rate": null,
            "research_to_sale_ratio": null,
            "price_fair": 0,
            "eps_avg_yearly": 0,
            "eps_latest_yearly": 0,
            "eps_growth_yearly": 0
        },
        "20193": {
            "year_quarter": 20193,
            "year": 2019,
            "quarter": 3,
            "eps": -0.13,
            "eps_growth_year": null,
            "eps_4q": -0.74,
            "eps_4q_growth_year": null,
            "roe": -3.96,
            "roe_4q": -21.419999999999998,
            "gross_profit": 7537,
            "gross_margin": 3.92,
            "gross_margin_4q_avg": -3.09,
            "net_income": -18913,
            "net_income_4q": null,
            "revenue": 192241,
            "revenue_4q": null,
            "common_shares": 1507246,
            "book_valuer_per_share": 3.11,
            "book_valuer_per_share_4q_avg": 3.4,
            "equity": 468620,
            "current_ratio": 17.37,
            "debt_ratio": 87.41,
            "inventory_turnover_ratio": 251.64,
            "account_receivable_turnover_ratio": 2.29,
            "reinvestment_rate": null,
            "research_to_sale_ratio": null,
            "price_fair": 0,
            "eps_avg_yearly": 0,
            "eps_latest_yearly": 0,
            "eps_growth_yearly": 0
        },
        "20194": {
            "year_quarter": 20194,
            "year": 2019,
            "quarter": 4,
            "eps": -0.24,
            "eps_growth_year": null,
            "eps_4q": -0.94,
            "eps_4q_growth_year": null,
            "roe": -8.08,
            "roe_4q": -28.259999999999998,
            "gross_profit": 4728,
            "gross_margin": 2.28,
            "gross_margin_4q_avg": -4.25,
            "net_income": -36870,
            "net_income_4q": null,
            "revenue": 207040,
            "revenue_4q": null,
            "common_shares": 1507246,
            "book_valuer_per_share": 2.95,
            "book_valuer_per_share_4q_avg": 3.19,
            "equity": 444407,
            "current_ratio": 17.31,
            "debt_ratio": 87.99,
            "inventory_turnover_ratio": 279.44,
            "account_receivable_turnover_ratio": 2.17,
            "reinvestment_rate": null,
            "research_to_sale_ratio": null,
            "price_fair": 0,
            "eps_avg_yearly": 0,
            "eps_latest_yearly": 0,
            "eps_growth_yearly": 0
        },
        "20201": {
            "year_quarter": 20201,
            "year": 2020,
            "quarter": 1,
            "eps": -0.17,
            "eps_growth_year": null,
            "eps_4q": -0.77,
            "eps_4q_growth_year": null,
            "roe": -6.02,
            "roe_4q": -24.93,
            "gross_profit": -624,
            "gross_margin": -0.37,
            "gross_margin_4q_avg": 0.22,
            "net_income": -25941,
            "net_income_4q": null,
            "revenue": 169027,
            "revenue_4q": null,
            "common_shares": 1507246,
            "book_valuer_per_share": 2.77,
            "book_valuer_per_share_4q_avg": 3.02,
            "equity": 417358,
            "current_ratio": 11.6,
            "debt_ratio": 88.57,
            "inventory_turnover_ratio": 240.81,
            "account_receivable_turnover_ratio": 1.98,
            "reinvestment_rate": null,
            "research_to_sale_ratio": null,
            "price_fair": 0,
            "eps_avg_yearly": 0,
            "eps_latest_yearly": 0,
            "eps_growth_yearly": 0
        },
        "20202": {
            "year_quarter": 20202,
            "year": 2020,
            "quarter": 2,
            "eps": -0.02,
            "eps_growth_year": null,
            "eps_4q": -0.56,
            "eps_4q_growth_year": null,
            "roe": -0.67,
            "roe_4q": -18.73,
            "gross_profit": 19555,
            "gross_margin": 10.19,
            "gross_margin_4q_avg": 4.01,
            "net_income": -2793,
            "net_income_4q": null,
            "revenue": 191820,
            "revenue_4q": null,
            "common_shares": 1507246,
            "book_valuer_per_share": 2.76,
            "book_valuer_per_share_4q_avg": 2.9,
            "equity": 416571,
            "current_ratio": 12.02,
            "debt_ratio": 88.53,
            "inventory_turnover_ratio": 239.92,
            "account_receivable_turnover_ratio": 2.62,
            "reinvestment_rate": null,
            "research_to_sale_ratio": null,
            "price_fair": 0,
            "eps_avg_yearly": 0,
            "eps_latest_yearly": 0,
            "eps_growth_yearly": 0
        },
        "20203": {
            "year_quarter": 20203,
            "year": 2020,
            "quarter": 3,
            "eps": -0.04,
            "eps_growth_year": null,
            "eps_4q": -0.47,
            "eps_4q_growth_year": null,
            "roe": -1.4,
            "roe_4q": -16.17,
            "gross_profit": 20081,
            "gross_margin": 10.07,
            "gross_margin_4q_avg": 5.54,
            "net_income": -5770,
            "net_income_4q": null,
            "revenue": 199389,
            "revenue_4q": null,
            "common_shares": 1507246,
            "book_valuer_per_share": 2.71,
            "book_valuer_per_share_4q_avg": 2.8,
            "equity": 409202,
            "current_ratio": 12.05,
            "debt_ratio": 88.69,
            "inventory_turnover_ratio": 176.05,
            "account_receivable_turnover_ratio": 2.32,
            "reinvestment_rate": null,
            "research_to_sale_ratio": null,
            "price_fair": 0,
            "eps_avg_yearly": 0,
            "eps_latest_yearly": 0,
            "eps_growth_yearly": 0
        },
        "20204": {
            "year_quarter": 20204,
            "year": 2020,
            "quarter": 4,
            "eps": 0.05,
            "eps_growth_year": null,
            "eps_4q": -0.18,
            "eps_4q_growth_year": null,
            "roe": 1.76,
            "roe_4q": -6.329999999999999,
            "gross_profit": 28809,
            "gross_margin": 13.96,
            "gross_margin_4q_avg": 8.46,
            "net_income": 7365,
            "net_income_4q": null,
            "revenue": 206431,
            "revenue_4q": null,
            "common_shares": 1507246,
            "book_valuer_per_share": 2.85,
            "book_valuer_per_share_4q_avg": 2.77,
            "equity": 429347,
            "current_ratio": 13.25,
            "debt_ratio": 88.19,
            "inventory_turnover_ratio": 160.02,
            "account_receivable_turnover_ratio": 1.99,
            "reinvestment_rate": null,
            "research_to_sale_ratio": null,
            "price_fair": 0,
            "eps_avg_yearly": 0,
            "eps_latest_yearly": 0,
            "eps_growth_yearly": 0
        },
        "20211": {
            "year_quarter": 20211,
            "year": 2021,
            "quarter": 1,
            "eps": -0.14,
            "eps_growth_year": null,
            "eps_4q": -0.15,
            "eps_4q_growth_year": null,
            "roe": -4.95,
            "roe_4q": -5.26,
            "gross_profit": 1310,
            "gross_margin": 0.69,
            "gross_margin_4q_avg": 8.73,
            "net_income": -20741,
            "net_income_4q": null,
            "revenue": 190576,
            "revenue_4q": null,
            "common_shares": 1507246,
            "book_valuer_per_share": 2.71,
            "book_valuer_per_share_4q_avg": 2.76,
            "equity": 408314,
            "current_ratio": 13.14,
            "debt_ratio": 88.77,
            "inventory_turnover_ratio": 5.27,
            "account_receivable_turnover_ratio": 1.94,
            "reinvestment_rate": null,
            "research_to_sale_ratio": null,
            "price_fair": 0,
            "eps_avg_yearly": 0,
            "eps_latest_yearly": 0,
            "eps_growth_yearly": 0
        },
        "20212": {
            "year_quarter": 20212,
            "year": 2021,
            "quarter": 2,
            "eps": -0.15,
            "eps_growth_year": null,
            "eps_4q": -0.27,
            "eps_4q_growth_year": null,
            "roe": -5.6,
            "roe_4q": -10.190000000000001,
            "gross_profit": 451,
            "gross_margin": 0.25,
            "gross_margin_4q_avg": 6.24,
            "net_income": -22263,
            "net_income_4q": null,
            "revenue": 178226,
            "revenue_4q": null,
            "common_shares": 1507246,
            "book_valuer_per_share": 2.56,
            "book_valuer_per_share_4q_avg": 2.71,
            "equity": 386517,
            "current_ratio": 18.27,
            "debt_ratio": 89.29,
            "inventory_turnover_ratio": 4.97,
            "account_receivable_turnover_ratio": 2.33,
            "reinvestment_rate": null,
            "research_to_sale_ratio": null,
            "price_fair": 0,
            "eps_avg_yearly": 0,
            "eps_latest_yearly": 0,
            "eps_growth_yearly": 0
        },
        "20213": {
            "year_quarter": 20213,
            "year": 2021,
            "quarter": 3,
            "eps": -0.04,
            "eps_growth_year": null,
            "eps_4q": -0.28,
            "eps_4q_growth_year": null,
            "roe": -1.74,
            "roe_4q": -10.53,
            "gross_profit": 17880,
            "gross_margin": 8.89,
            "gross_margin_4q_avg": 5.95,
            "net_income": -6673,
            "net_income_4q": null,
            "revenue": 201228,
            "revenue_4q": null,
            "common_shares": 1507246,
            "book_valuer_per_share": 2.52,
            "book_valuer_per_share_4q_avg": 2.66,
            "equity": 379159,
            "current_ratio": 19.11,
            "debt_ratio": 89.49,
            "inventory_turnover_ratio": 197.57,
            "account_receivable_turnover_ratio": 2.56,
            "reinvestment_rate": null,
            "research_to_sale_ratio": null,
            "price_fair": 0,
            "eps_avg_yearly": 0,
            "eps_latest_yearly": 0,
            "eps_growth_yearly": 0
        },
        "20214": {
            "year_quarter": 20214,
            "year": 2021,
            "quarter": 4,
            "eps": 0.14,
            "eps_growth_year": 194.89,
            "eps_4q": -0.19,
            "eps_4q_growth_year": null,
            "roe": 5.34,
            "roe_4q": -6.95,
            "gross_profit": 45333,
            "gross_margin": 18.48,
            "gross_margin_4q_avg": 7.08,
            "net_income": 21719,
            "net_income_4q": null,
            "revenue": 245286,
            "revenue_4q": null,
            "common_shares": 1507246,
            "book_valuer_per_share": 2.88,
            "book_valuer_per_share_4q_avg": 2.67,
            "equity": 434417,
            "current_ratio": 21.78,
            "debt_ratio": 88.14,
            "inventory_turnover_ratio": 155.54,
            "account_receivable_turnover_ratio": 2.17,
            "reinvestment_rate": null,
            "research_to_sale_ratio": null,
            "price_fair": 0,
            "eps_avg_yearly": 0,
            "eps_latest_yearly": 0,
            "eps_growth_yearly": 0
        },
        "20221": {
            "year_quarter": 20221,
            "year": 2022,
            "quarter": 1,
            "eps": -0.07,
            "eps_growth_year": null,
            "eps_4q": -0.19,
            "eps_4q_growth_year": null,
            "roe": -1,
            "roe_4q": -3,
            "gross_profit": 18618,
            "gross_margin": 9.11,
            "gross_margin_4q_avg": 9.18,
            "net_income": -4348,
            "net_income_4q": null,
            "revenue": 204264,
            "revenue_4q": null,
            "common_shares": 607246,
            "book_valuer_per_share": 7.17,
            "book_valuer_per_share_4q_avg": 3.78,
            "equity": 435206,
            "current_ratio": 20.8,
            "debt_ratio": 88.11,
            "inventory_turnover_ratio": 3.02,
            "account_receivable_turnover_ratio": 1.84,
            "reinvestment_rate": null,
            "research_to_sale_ratio": null,
            "price_fair": 0,
            "eps_avg_yearly": 0,
            "eps_latest_yearly": 0,
            "eps_growth_yearly": 0
        },
        "20222": {
            "year_quarter": 20222,
            "year": 2022,
            "quarter": 2,
            "eps": -0.07,
            "eps_growth_year": null,
            "eps_4q": 0.11,
            "eps_4q_growth_year": null,
            "roe": -0.99,
            "roe_4q": 1.6099999999999997,
            "gross_profit": 21980,
            "gross_margin": 10.97,
            "gross_margin_4q_avg": 11.86,
            "net_income": -4267,
            "net_income_4q": null,
            "revenue": 200366,
            "revenue_4q": null,
            "common_shares": 607246,
            "book_valuer_per_share": 7.09,
            "book_valuer_per_share_4q_avg": 4.92,
            "equity": 430822,
            "current_ratio": 13.76,
            "debt_ratio": 88.06,
            "inventory_turnover_ratio": 1.56,
            "account_receivable_turnover_ratio": 2.47,
            "reinvestment_rate": null,
            "research_to_sale_ratio": null,
            "price_fair": 0,
            "eps_avg_yearly": 0,
            "eps_latest_yearly": 0,
            "eps_growth_yearly": 0
        },
        "20223": {
            "year_quarter": 20223,
            "year": 2022,
            "quarter": 3,
            "eps": -0.16,
            "eps_growth_year": null,
            "eps_4q": 0.05,
            "eps_4q_growth_year": null,
            "roe": -2.35,
            "roe_4q": 1,
            "gross_profit": 20311,
            "gross_margin": 9.73,
            "gross_margin_4q_avg": 12.07,
            "net_income": -9993,
            "net_income_4q": null,
            "revenue": 208820,
            "revenue_4q": null,
            "common_shares": 607246,
            "book_valuer_per_share": 6.9,
            "book_valuer_per_share_4q_avg": 6.01,
            "equity": 418999,
            "current_ratio": 14.17,
            "debt_ratio": 88.4,
            "inventory_turnover_ratio": 1.65,
            "account_receivable_turnover_ratio": 2.58,
            "reinvestment_rate": null,
            "research_to_sale_ratio": null,
            "price_fair": 0,
            "eps_avg_yearly": 0,
            "eps_latest_yearly": 0,
            "eps_growth_yearly": 0
        },
        "20224": {
            "year_quarter": 20224,
            "year": 2022,
            "quarter": 4,
            "eps": 0.42,
            "eps_growth_year": 190.76,
            "eps_4q": 0.11,
            "eps_4q_growth_year": null,
            "roe": 6.1,
            "roe_4q": 1.7599999999999998,
            "gross_profit": 57443,
            "gross_margin": 22.25,
            "gross_margin_4q_avg": 13.02,
            "net_income": 25442,
            "net_income_4q": null,
            "revenue": 258205,
            "revenue_4q": null,
            "common_shares": 607246,
            "book_valuer_per_share": 6.83,
            "book_valuer_per_share_4q_avg": 7,
            "equity": 414929,
            "current_ratio": 15.52,
            "debt_ratio": 88.5,
            "inventory_turnover_ratio": 1.55,
            "account_receivable_turnover_ratio": 2.48,
            "reinvestment_rate": null,
            "research_to_sale_ratio": null,
            "price_fair": 0,
            "eps_avg_yearly": 0,
            "eps_latest_yearly": 0,
            "eps_growth_yearly": 0
        },
        "20231": {
            "year_quarter": 20231,
            "year": 2023,
            "quarter": 1,
            "eps": -0.29,
            "eps_growth_year": null,
            "eps_4q": -0.1,
            "eps_4q_growth_year": null,
            "roe": -4.27,
            "roe_4q": -1.51,
            "gross_profit": 16214,
            "gross_margin": 7.6,
            "gross_margin_4q_avg": 12.64,
            "net_income": -17444,
            "net_income_4q": null,
            "revenue": 213451,
            "revenue_4q": null,
            "common_shares": 607246,
            "book_valuer_per_share": 6.61,
            "book_valuer_per_share_4q_avg": 6.86,
            "equity": 401535,
            "current_ratio": 14.25,
            "debt_ratio": 88.73,
            "inventory_turnover_ratio": 1.48,
            "account_receivable_turnover_ratio": 2.04,
            "reinvestment_rate": null,
            "research_to_sale_ratio": null,
            "price_fair": 0,
            "eps_avg_yearly": 0,
            "eps_latest_yearly": 0,
            "eps_growth_yearly": 0
        },
        "20232": {
            "year_quarter": 20232,
            "year": 2023,
            "quarter": 2,
            "eps": -0.2,
            "eps_growth_year": null,
            "eps_4q": -0.23,
            "eps_4q_growth_year": -319.39,
            "roe": -3.02,
            "roe_4q": -3.5399999999999996,
            "gross_profit": 17554,
            "gross_margin": 7.92,
            "gross_margin_4q_avg": 11.88,
            "net_income": -12114,
            "net_income_4q": null,
            "revenue": 221649,
            "revenue_4q": null,
            "common_shares": 607246,
            "book_valuer_per_share": 6.61,
            "book_valuer_per_share_4q_avg": 6.74,
            "equity": 401638,
            "current_ratio": 20.3,
            "debt_ratio": 88.76,
            "inventory_turnover_ratio": 1.69,
            "account_receivable_turnover_ratio": 2.69,
            "reinvestment_rate": null,
            "research_to_sale_ratio": null,
            "price_fair": 0,
            "eps_avg_yearly": 0,
            "eps_latest_yearly": 0,
            "eps_growth_yearly": 0
        },
        "20233": {
            "year_quarter": 20233,
            "year": 2023,
            "quarter": 3,
            "eps": -0.16,
            "eps_growth_year": null,
            "eps_4q": -0.22,
            "eps_4q_growth_year": -538.74,
            "roe": -2.42,
            "roe_4q": -3.6099999999999994,
            "gross_profit": 20450,
            "gross_margin": 8.88,
            "gross_margin_4q_avg": 11.66,
            "net_income": -9533,
            "net_income_4q": null,
            "revenue": 230374,
            "revenue_4q": null,
            "common_shares": 607246,
            "book_valuer_per_share": 6.35,
            "book_valuer_per_share_4q_avg": 6.6,
            "equity": 385566,
            "current_ratio": 20.36,
            "debt_ratio": 89.17,
            "inventory_turnover_ratio": 1.76,
            "account_receivable_turnover_ratio": 2.49,
            "reinvestment_rate": null,
            "research_to_sale_ratio": null,
            "price_fair": 0,
            "eps_avg_yearly": 0,
            "eps_latest_yearly": 0,
            "eps_growth_yearly": 0
        },
        "20234": {
            "year_quarter": 20234,
            "year": 2023,
            "quarter": 4,
            "eps": 0.5,
            "eps_growth_year": 20.13,
            "eps_4q": -0.14,
            "eps_4q_growth_year": -224.79,
            "roe": 7.42,
            "roe_4q": -2.2899999999999996,
            "gross_profit": 66229,
            "gross_margin": 20.56,
            "gross_margin_4q_avg": 11.24,
            "net_income": 30563,
            "net_income_4q": null,
            "revenue": 322058,
            "revenue_4q": null,
            "common_shares": 607246,
            "book_valuer_per_share": 7.21,
            "book_valuer_per_share_4q_avg": 6.7,
            "equity": 437863,
            "current_ratio": 23.29,
            "debt_ratio": 87.95,
            "inventory_turnover_ratio": 2.03,
            "account_receivable_turnover_ratio": 2.38,
            "reinvestment_rate": null,
            "research_to_sale_ratio": null,
            "price_fair": 0,
            "eps_avg_yearly": 0,
            "eps_latest_yearly": 0,
            "eps_growth_yearly": 0
        }
    },
    "months": {
        "2001-06": {
            "month": "2001-06",
            "price": "13.78",
            "revenue": 287129
        },
        "2001-07": {
            "month": "2001-07",
            "price": "11.53",
            "revenue": 272465
        },
        "2001-08": {
            "month": "2001-08",
            "price": "10.35",
            "revenue": 249726
        },
        "2001-09": {
            "month": "2001-09",
            "price": "9.70",
            "revenue": 202770
        },
        "2001-10": {
            "month": "2001-10",
            "price": "9.91",
            "revenue": 193416
        },
        "2001-11": {
            "month": "2001-11",
            "price": "10.28",
            "revenue": 214293
        },
        "2001-12": {
            "month": "2001-12",
            "price": "11.24",
            "revenue": 273052
        },
        "2002-01": {
            "month": "2002-01",
            "price": "10.93",
            "revenue": 196450
        },
        "2002-02": {
            "month": "2002-02",
            "price": "10.36",
            "revenue": 170372
        },
        "2002-03": {
            "month": "2002-03",
            "price": "10.67",
            "revenue": 182522
        },
        "2002-04": {
            "month": "2002-04",
            "price": "11.47",
            "revenue": 206289
        },
        "2002-05": {
            "month": "2002-05",
            "price": "10.37",
            "revenue": 224343
        },
        "2002-06": {
            "month": "2002-06",
            "price": "9.93",
            "revenue": 234727
        },
        "2002-07": {
            "month": "2002-07",
            "price": "9.17",
            "revenue": 226375
        },
        "2002-08": {
            "month": "2002-08",
            "price": "8.35",
            "revenue": 243180
        },
        "2002-09": {
            "month": "2002-09",
            "price": "7.30",
            "revenue": 211551
        },
        "2002-10": {
            "month": "2002-10",
            "price": "8.02",
            "revenue": 211592
        },
        "2002-11": {
            "month": "2002-11",
            "price": "8.89",
            "revenue": 202814
        },
        "2002-12": {
            "month": "2002-12",
            "price": "8.50",
            "revenue": 245972
        },
        "2003-01": {
            "month": "2003-01",
            "price": "8.80",
            "revenue": 235796
        },
        "2003-02": {
            "month": "2003-02",
            "price": "9.20",
            "revenue": 151160
        },
        "2003-03": {
            "month": "2003-03",
            "price": "8.50",
            "revenue": 205459
        },
        "2003-04": {
            "month": "2003-04",
            "price": "8.42",
            "revenue": 210609
        },
        "2003-05": {
            "month": "2003-05",
            "price": "7.63",
            "revenue": 202396
        },
        "2003-06": {
            "month": "2003-06",
            "price": "8.20",
            "revenue": 193523
        },
        "2003-07": {
            "month": "2003-07",
            "price": "8.08",
            "revenue": 195137
        },
        "2003-08": {
            "month": "2003-08",
            "price": "7.86",
            "revenue": 208353
        },
        "2003-09": {
            "month": "2003-09",
            "price": "7.87",
            "revenue": 164996
        },
        "2003-10": {
            "month": "2003-10",
            "price": "8.12",
            "revenue": 172653
        },
        "2003-11": {
            "month": "2003-11",
            "price": "8.21",
            "revenue": 194851
        },
        "2003-12": {
            "month": "2003-12",
            "price": "8.27",
            "revenue": 184557
        },
        "2004-01": {
            "month": "2004-01",
            "price": "10.77",
            "revenue": 198601
        },
        "2004-02": {
            "month": "2004-02",
            "price": "18.26",
            "revenue": 163825
        },
        "2004-03": {
            "month": "2004-03",
            "price": "17.04",
            "revenue": 168061
        },
        "2004-04": {
            "month": "2004-04",
            "price": "11.88",
            "revenue": 169214
        },
        "2004-05": {
            "month": "2004-05",
            "price": "10.49",
            "revenue": 193370
        },
        "2004-06": {
            "month": "2004-06",
            "price": "10.11",
            "revenue": 184985
        },
        "2004-07": {
            "month": "2004-07",
            "price": "10.01",
            "revenue": 184251
        },
        "2004-08": {
            "month": "2004-08",
            "price": "10.22",
            "revenue": 188842
        },
        "2004-09": {
            "month": "2004-09",
            "price": "11.17",
            "revenue": 155820
        },
        "2004-10": {
            "month": "2004-10",
            "price": "11.55",
            "revenue": 162187
        },
        "2004-11": {
            "month": "2004-11",
            "price": "11.02",
            "revenue": 149401
        },
        "2004-12": {
            "month": "2004-12",
            "price": "11.43",
            "revenue": 169538
        },
        "2005-01": {
            "month": "2005-01",
            "price": "11.40",
            "revenue": 162809
        },
        "2005-02": {
            "month": "2005-02",
            "price": "11.30",
            "revenue": 114872
        },
        "2005-03": {
            "month": "2005-03",
            "price": "10.85",
            "revenue": 129812
        },
        "2005-04": {
            "month": "2005-04",
            "price": "9.85",
            "revenue": 151244
        },
        "2005-05": {
            "month": "2005-05",
            "price": "10.06",
            "revenue": 163660
        },
        "2005-06": {
            "month": "2005-06",
            "price": "10.41",
            "revenue": 157087
        },
        "2005-07": {
            "month": "2005-07",
            "price": "10.71",
            "revenue": 176969
        },
        "2005-08": {
            "month": "2005-08",
            "price": "10.71",
            "revenue": 152011
        },
        "2005-09": {
            "month": "2005-09",
            "price": "10.12",
            "revenue": 138478
        },
        "2005-10": {
            "month": "2005-10",
            "price": "9.62",
            "revenue": 160061
        },
        "2005-11": {
            "month": "2005-11",
            "price": "10.28",
            "revenue": 140802
        },
        "2005-12": {
            "month": "2005-12",
            "price": "11.05",
            "revenue": 191009
        },
        "2006-01": {
            "month": "2006-01",
            "price": "10.48",
            "revenue": 181551
        },
        "2006-02": {
            "month": "2006-02",
            "price": "10.14",
            "revenue": 115147
        },
        "2006-03": {
            "month": "2006-03",
            "price": "9.58",
            "revenue": 135480
        },
        "2006-04": {
            "month": "2006-04",
            "price": "9.35",
            "revenue": 137579
        },
        "2006-05": {
            "month": "2006-05",
            "price": "10.33",
            "revenue": 139740
        },
        "2006-06": {
            "month": "2006-06",
            "price": "8.75",
            "revenue": 120785
        },
        "2006-07": {
            "month": "2006-07",
            "price": "7.82",
            "revenue": 137947
        },
        "2006-08": {
            "month": "2006-08",
            "price": "7.64",
            "revenue": 127077
        },
        "2006-09": {
            "month": "2006-09",
            "price": "7.50",
            "revenue": 126216
        },
        "2006-10": {
            "month": "2006-10",
            "price": "7.88",
            "revenue": 131371
        },
        "2006-11": {
            "month": "2006-11",
            "price": "15.53",
            "revenue": 117078
        },
        "2006-12": {
            "month": "2006-12",
            "price": "17.00",
            "revenue": 118329
        },
        "2007-01": {
            "month": "2007-01",
            "price": "16.69",
            "revenue": 131341
        },
        "2007-02": {
            "month": "2007-02",
            "price": "16.44",
            "revenue": 126052
        },
        "2007-03": {
            "month": "2007-03",
            "price": "17.06",
            "revenue": 130285
        },
        "2007-04": {
            "month": "2007-04",
            "price": "18.34",
            "revenue": 133690
        },
        "2007-05": {
            "month": "2007-05",
            "price": "17.49",
            "revenue": 135543
        },
        "2007-06": {
            "month": "2007-06",
            "price": "17.96",
            "revenue": 146486
        },
        "2007-07": {
            "month": "2007-07",
            "price": "18.81",
            "revenue": 155410
        },
        "2007-08": {
            "month": "2007-08",
            "price": "18.25",
            "revenue": 120127
        },
        "2007-09": {
            "month": "2007-09",
            "price": "18.03",
            "revenue": 129244
        },
        "2007-10": {
            "month": "2007-10",
            "price": "18.85",
            "revenue": 132660
        },
        "2007-11": {
            "month": "2007-11",
            "price": "19.22",
            "revenue": 141982
        },
        "2007-12": {
            "month": "2007-12",
            "price": "21.47",
            "revenue": 183708
        },
        "2008-01": {
            "month": "2008-01",
            "price": "18.43",
            "revenue": 190933
        },
        "2008-02": {
            "month": "2008-02",
            "price": "17.00",
            "revenue": 119165
        },
        "2008-03": {
            "month": "2008-03",
            "price": "18.90",
            "revenue": 164870
        },
        "2008-04": {
            "month": "2008-04",
            "price": "16.89",
            "revenue": 144090
        },
        "2008-05": {
            "month": "2008-05",
            "price": "16.64",
            "revenue": 146318
        },
        "2008-06": {
            "month": "2008-06",
            "price": "13.50",
            "revenue": 137334
        },
        "2008-07": {
            "month": "2008-07",
            "price": "9.23",
            "revenue": 166649
        },
        "2008-08": {
            "month": "2008-08",
            "price": "9.21",
            "revenue": 165399
        },
        "2008-09": {
            "month": "2008-09",
            "price": "7.56",
            "revenue": 115917
        },
        "2008-10": {
            "month": "2008-10",
            "price": "6.28",
            "revenue": 132393
        },
        "2008-11": {
            "month": "2008-11",
            "price": "7.14",
            "revenue": 114078
        },
        "2008-12": {
            "month": "2008-12",
            "price": "7.65",
            "revenue": 148890
        },
        "2009-01": {
            "month": "2009-01",
            "price": "7.96",
            "revenue": 156989
        },
        "2009-02": {
            "month": "2009-02",
            "price": "7.22",
            "revenue": 88003
        },
        "2009-03": {
            "month": "2009-03",
            "price": "7.71",
            "revenue": 111097
        },
        "2009-04": {
            "month": "2009-04",
            "price": "12.74",
            "revenue": 115916
        },
        "2009-05": {
            "month": "2009-05",
            "price": "12.06",
            "revenue": 129358
        },
        "2009-06": {
            "month": "2009-06",
            "price": "10.77",
            "revenue": 123889
        },
        "2009-07": {
            "month": "2009-07",
            "price": "10.62",
            "revenue": 152083
        },
        "2009-08": {
            "month": "2009-08",
            "price": "9.98",
            "revenue": 134264
        },
        "2009-09": {
            "month": "2009-09",
            "price": "10.58",
            "revenue": 132560
        },
        "2009-10": {
            "month": "2009-10",
            "price": "11.14",
            "revenue": 124192
        },
        "2009-11": {
            "month": "2009-11",
            "price": "13.57",
            "revenue": 132850
        },
        "2009-12": {
            "month": "2009-12",
            "price": "19.22",
            "revenue": 155359
        },
        "2010-01": {
            "month": "2010-01",
            "price": "18.60",
            "revenue": 121167
        },
        "2010-02": {
            "month": "2010-02",
            "price": "16.43",
            "revenue": 157377
        },
        "2010-03": {
            "month": "2010-03",
            "price": "17.08",
            "revenue": 97047
        },
        "2010-04": {
            "month": "2010-04",
            "price": "17.25",
            "revenue": 145372
        },
        "2010-05": {
            "month": "2010-05",
            "price": "16.08",
            "revenue": 144334
        },
        "2010-06": {
            "month": "2010-06",
            "price": "16.24",
            "revenue": 133263
        },
        "2010-07": {
            "month": "2010-07",
            "price": "16.13",
            "revenue": 106202
        },
        "2010-08": {
            "month": "2010-08",
            "price": "17.76",
            "revenue": 104238
        },
        "2010-09": {
            "month": "2010-09",
            "price": "19.77",
            "revenue": 124517
        },
        "2010-10": {
            "month": "2010-10",
            "price": "23.20",
            "revenue": 121035
        },
        "2010-11": {
            "month": "2010-11",
            "price": "24.53",
            "revenue": 104809
        },
        "2010-12": {
            "month": "2010-12",
            "price": "25.59",
            "revenue": 201730
        },
        "2011-01": {
            "month": "2011-01",
            "price": "24.40",
            "revenue": 122760
        },
        "2011-02": {
            "month": "2011-02",
            "price": "26.13",
            "revenue": 80893
        },
        "2011-03": {
            "month": "2011-03",
            "price": "24.59",
            "revenue": 100031
        },
        "2011-04": {
            "month": "2011-04",
            "price": "24.97",
            "revenue": 128226
        },
        "2011-05": {
            "month": "2011-05",
            "price": "26.27",
            "revenue": 109661
        },
        "2011-06": {
            "month": "2011-06",
            "price": "26.12",
            "revenue": 106161
        },
        "2011-07": {
            "month": "2011-07",
            "price": "25.76",
            "revenue": 157210
        },
        "2011-08": {
            "month": "2011-08",
            "price": "27.56",
            "revenue": 136318
        },
        "2011-09": {
            "month": "2011-09",
            "price": "25.05",
            "revenue": 151592
        },
        "2011-10": {
            "month": "2011-10",
            "price": "24.70",
            "revenue": 132597
        },
        "2011-11": {
            "month": "2011-11",
            "price": "23.35",
            "revenue": 119264
        },
        "2011-12": {
            "month": "2011-12",
            "price": "22.58",
            "revenue": 191685
        },
        "2012-01": {
            "month": "2012-01",
            "price": "21.30",
            "revenue": 107827
        },
        "2012-02": {
            "month": "2012-02",
            "price": "20.13",
            "revenue": 98012
        },
        "2012-03": {
            "month": "2012-03",
            "price": "19.50",
            "revenue": 102651
        },
        "2012-04": {
            "month": "2012-04",
            "price": "16.70",
            "revenue": 117274
        },
        "2012-05": {
            "month": "2012-05",
            "price": "15.41",
            "revenue": 102068
        },
        "2012-06": {
            "month": "2012-06",
            "price": "14.04",
            "revenue": 111966
        },
        "2012-07": {
            "month": "2012-07",
            "price": "14.20",
            "revenue": 133240
        },
        "2012-08": {
            "month": "2012-08",
            "price": "14.72",
            "revenue": 148283
        },
        "2012-09": {
            "month": "2012-09",
            "price": "17.94",
            "revenue": 138249
        },
        "2012-10": {
            "month": "2012-10",
            "price": "17.32",
            "revenue": 99134
        },
        "2012-11": {
            "month": "2012-11",
            "price": "15.92",
            "revenue": 96924
        },
        "2012-12": {
            "month": "2012-12",
            "price": "16.05",
            "revenue": 197087
        },
        "2013-01": {
            "month": "2013-01",
            "price": "16.02",
            "revenue": 97373
        },
        "2013-02": {
            "month": "2013-02",
            "price": "15.72",
            "revenue": 70461
        },
        "2013-03": {
            "month": "2013-03",
            "price": "15.27",
            "revenue": 78769
        },
        "2013-04": {
            "month": "2013-04",
            "price": "14.82",
            "revenue": 100298
        },
        "2013-05": {
            "month": "2013-05",
            "price": "15.06",
            "revenue": 79740
        },
        "2013-06": {
            "month": "2013-06",
            "price": "14.51",
            "revenue": 99965
        },
        "2013-07": {
            "month": "2013-07",
            "price": "14.03",
            "revenue": 108435
        },
        "2013-08": {
            "month": "2013-08",
            "price": "13.84",
            "revenue": 87179
        },
        "2013-09": {
            "month": "2013-09",
            "price": "14.22",
            "revenue": 125726
        },
        "2013-10": {
            "month": "2013-10",
            "price": "15.32",
            "revenue": 112650
        },
        "2013-11": {
            "month": "2013-11",
            "price": "14.68",
            "revenue": 104273
        },
        "2013-12": {
            "month": "2013-12",
            "price": "15.20",
            "revenue": 197860
        },
        "2014-01": {
            "month": "2014-01",
            "price": "15.81",
            "revenue": 92079
        },
        "2014-02": {
            "month": "2014-02",
            "price": "15.79",
            "revenue": 65797
        },
        "2014-03": {
            "month": "2014-03",
            "price": "15.84",
            "revenue": 72304
        },
        "2014-04": {
            "month": "2014-04",
            "price": "15.54",
            "revenue": 82905
        },
        "2014-05": {
            "month": "2014-05",
            "price": "14.88",
            "revenue": 70575
        },
        "2014-06": {
            "month": "2014-06",
            "price": "15.03",
            "revenue": 82382
        },
        "2014-07": {
            "month": "2014-07",
            "price": "15.87",
            "revenue": 80564
        },
        "2014-08": {
            "month": "2014-08",
            "price": "15.76",
            "revenue": 69720
        },
        "2014-09": {
            "month": "2014-09",
            "price": "16.18",
            "revenue": 73912
        },
        "2014-10": {
            "month": "2014-10",
            "price": "15.34",
            "revenue": 124056
        },
        "2014-11": {
            "month": "2014-11",
            "price": "14.09",
            "revenue": 60812
        },
        "2014-12": {
            "month": "2014-12",
            "price": "11.96",
            "revenue": 140809
        },
        "2015-01": {
            "month": "2015-01",
            "price": "12.02",
            "revenue": 58123
        },
        "2015-02": {
            "month": "2015-02",
            "price": "11.95",
            "revenue": 55251
        },
        "2015-03": {
            "month": "2015-03",
            "price": "11.96",
            "revenue": 43051
        },
        "2015-04": {
            "month": "2015-04",
            "price": "11.80",
            "revenue": 75688
        },
        "2015-05": {
            "month": "2015-05",
            "price": "11.64",
            "revenue": 72079
        },
        "2015-06": {
            "month": "2015-06",
            "price": "10.70",
            "revenue": 81585
        },
        "2015-07": {
            "month": "2015-07",
            "price": "10.23",
            "revenue": 91965
        },
        "2015-08": {
            "month": "2015-08",
            "price": "9.40",
            "revenue": 68636
        },
        "2015-09": {
            "month": "2015-09",
            "price": "9.41",
            "revenue": 86394
        },
        "2015-10": {
            "month": "2015-10",
            "price": "11.20",
            "revenue": 107607
        },
        "2015-11": {
            "month": "2015-11",
            "price": "11.23",
            "revenue": 103804
        },
        "2015-12": {
            "month": "2015-12",
            "price": "9.76",
            "revenue": 107653
        },
        "2016-01": {
            "month": "2016-01",
            "price": "8.76",
            "revenue": 83170
        },
        "2016-02": {
            "month": "2016-02",
            "price": "8.39",
            "revenue": 55890
        },
        "2016-03": {
            "month": "2016-03",
            "price": "8.50",
            "revenue": 50469
        },
        "2016-04": {
            "month": "2016-04",
            "price": "8.01",
            "revenue": 71053
        },
        "2016-05": {
            "month": "2016-05",
            "price": "6.66",
            "revenue": 66422
        },
        "2016-06": {
            "month": "2016-06",
            "price": "5.85",
            "revenue": 57258
        },
        "2016-07": {
            "month": "2016-07",
            "price": "5.63",
            "revenue": 64148
        },
        "2016-08": {
            "month": "2016-08",
            "price": "5.41",
            "revenue": 57942
        },
        "2016-09": {
            "month": "2016-09",
            "price": "5.45",
            "revenue": 57860
        },
        "2016-10": {
            "month": "2016-10",
            "price": "5.21",
            "revenue": 80446
        },
        "2016-11": {
            "month": "2016-11",
            "price": "5.51",
            "revenue": 67320
        },
        "2016-12": {
            "month": "2016-12",
            "price": "5.35",
            "revenue": 70114
        },
        "2017-01": {
            "month": "2017-01",
            "price": "8.22",
            "revenue": 78918
        },
        "2017-02": {
            "month": "2017-02",
            "price": "8.27",
            "revenue": 39036
        },
        "2017-03": {
            "month": "2017-03",
            "price": "8.68",
            "revenue": 54721
        },
        "2017-04": {
            "month": "2017-04",
            "price": "7.09",
            "revenue": 59596
        },
        "2017-05": {
            "month": "2017-05",
            "price": "5.54",
            "revenue": 67509
        },
        "2017-06": {
            "month": "2017-06",
            "price": "6.23",
            "revenue": 57297
        },
        "2017-07": {
            "month": "2017-07",
            "price": "5.84",
            "revenue": 74787
        },
        "2017-08": {
            "month": "2017-08",
            "price": "5.92",
            "revenue": 55942
        },
        "2017-09": {
            "month": "2017-09",
            "price": "5.82",
            "revenue": 53951
        },
        "2017-10": {
            "month": "2017-10",
            "price": "5.79",
            "revenue": 59393
        },
        "2017-11": {
            "month": "2017-11",
            "price": "5.35",
            "revenue": 64386
        },
        "2017-12": {
            "month": "2017-12",
            "price": "4.87",
            "revenue": 70575
        },
        "2018-01": {
            "month": "2018-01",
            "price": "5.26",
            "revenue": 55844
        },
        "2018-02": {
            "month": "2018-02",
            "price": "5.32",
            "revenue": 61508
        },
        "2018-03": {
            "month": "2018-03",
            "price": "5.26",
            "revenue": 51330
        },
        "2018-04": {
            "month": "2018-04",
            "price": "5.40",
            "revenue": 61508
        },
        "2018-05": {
            "month": "2018-05",
            "price": "5.26",
            "revenue": 62266
        },
        "2018-06": {
            "month": "2018-06",
            "price": "5.26",
            "revenue": 67170
        },
        "2018-07": {
            "month": "2018-07",
            "price": "5.13",
            "revenue": 69556
        },
        "2018-08": {
            "month": "2018-08",
            "price": "5.16",
            "revenue": 53061
        },
        "2018-09": {
            "month": "2018-09",
            "price": "5.12",
            "revenue": 69169
        },
        "2018-10": {
            "month": "2018-10",
            "price": "5.09",
            "revenue": 50237
        },
        "2018-11": {
            "month": "2018-11",
            "price": "5.05",
            "revenue": 90029
        },
        "2018-12": {
            "month": "2018-12",
            "price": "5.03",
            "revenue": 71984
        },
        "2019-01": {
            "month": "2019-01",
            "price": "4.93",
            "revenue": 65519
        },
        "2019-02": {
            "month": "2019-02",
            "price": "4.92",
            "revenue": 39664
        },
        "2019-03": {
            "month": "2019-03",
            "price": "4.96",
            "revenue": 45356
        },
        "2019-04": {
            "month": "2019-04",
            "price": "4.81",
            "revenue": 67369
        },
        "2019-05": {
            "month": "2019-05",
            "price": "4.87",
            "revenue": 57250
        },
        "2019-06": {
            "month": "2019-06",
            "price": "4.88",
            "revenue": 58203
        },
        "2019-07": {
            "month": "2019-07",
            "price": "4.90",
            "revenue": 61946
        },
        "2019-08": {
            "month": "2019-08",
            "price": "4.69",
            "revenue": 72570
        },
        "2019-09": {
            "month": "2019-09",
            "price": "4.70",
            "revenue": 57726
        },
        "2019-10": {
            "month": "2019-10",
            "price": "4.93",
            "revenue": 60097
        },
        "2019-11": {
            "month": "2019-11",
            "price": "4.93",
            "revenue": 65560
        },
        "2019-12": {
            "month": "2019-12",
            "price": "4.84",
            "revenue": 83015
        },
        "2020-01": {
            "month": "2020-01",
            "price": "4.76",
            "revenue": 72323
        },
        "2020-02": {
            "month": "2020-02",
            "price": "4.64",
            "revenue": 44531
        },
        "2020-03": {
            "month": "2020-03",
            "price": "4.16",
            "revenue": 52173
        },
        "2020-04": {
            "month": "2020-04",
            "price": "3.50",
            "revenue": 64067
        },
        "2020-05": {
            "month": "2020-05",
            "price": "3.48",
            "revenue": 63517
        },
        "2020-06": {
            "month": "2020-06",
            "price": "3.39",
            "revenue": 64236
        },
        "2020-07": {
            "month": "2020-07",
            "price": "3.65",
            "revenue": 70128
        },
        "2020-08": {
            "month": "2020-08",
            "price": "4.36",
            "revenue": 63102
        },
        "2020-09": {
            "month": "2020-09",
            "price": "5.06",
            "revenue": 66159
        },
        "2020-10": {
            "month": "2020-10",
            "price": "4.87",
            "revenue": 61844
        },
        "2020-11": {
            "month": "2020-11",
            "price": "4.96",
            "revenue": 73837
        },
        "2020-12": {
            "month": "2020-12",
            "price": "5.01",
            "revenue": 70750
        },
        "2021-01": {
            "month": "2021-01",
            "price": "4.93",
            "revenue": 74157
        },
        "2021-02": {
            "month": "2021-02",
            "price": "4.93",
            "revenue": 54655
        },
        "2021-03": {
            "month": "2021-03",
            "price": "5.32",
            "revenue": 61764
        },
        "2021-04": {
            "month": "2021-04",
            "price": "6.18",
            "revenue": 63863
        },
        "2021-05": {
            "month": "2021-05",
            "price": "5.63",
            "revenue": 59610
        },
        "2021-06": {
            "month": "2021-06",
            "price": "5.53",
            "revenue": 54753
        },
        "2021-07": {
            "month": "2021-07",
            "price": "5.52",
            "revenue": 62515
        },
        "2021-08": {
            "month": "2021-08",
            "price": "5.42",
            "revenue": 67645
        },
        "2021-09": {
            "month": "2021-09",
            "price": "5.34",
            "revenue": 71068
        },
        "2021-10": {
            "month": "2021-10",
            "price": "5.68",
            "revenue": 74158
        },
        "2021-11": {
            "month": "2021-11",
            "price": "6.05",
            "revenue": 80250
        },
        "2021-12": {
            "month": "2021-12",
            "price": "6.24",
            "revenue": 89958
        },
        "2022-01": {
            "month": "2022-01",
            "price": "6.59",
            "revenue": 79932
        },
        "2022-02": {
            "month": "2022-02",
            "price": "6.78",
            "revenue": 55578
        },
        "2022-03": {
            "month": "2022-03",
            "price": "6.71",
            "revenue": 68654
        },
        "2022-04": {
            "month": "2022-04",
            "price": "17.04",
            "revenue": 65718
        },
        "2022-05": {
            "month": "2022-05",
            "price": "16.97",
            "revenue": 64972
        },
        "2022-06": {
            "month": "2022-06",
            "price": "16.64",
            "revenue": 69775
        },
        "2022-07": {
            "month": "2022-07",
            "price": "14.28",
            "revenue": 72766
        },
        "2022-08": {
            "month": "2022-08",
            "price": "21.20",
            "revenue": 66149
        },
        "2022-09": {
            "month": "2022-09",
            "price": "27.18",
            "revenue": 69906
        },
        "2022-10": {
            "month": "2022-10",
            "price": "20.96",
            "revenue": 79005
        },
        "2022-11": {
            "month": "2022-11",
            "price": "20.72",
            "revenue": 92783
        },
        "2022-12": {
            "month": "2022-12",
            "price": "19.60",
            "revenue": 86241
        },
        "2023-01": {
            "month": "2023-01",
            "price": "18.85",
            "revenue": 84994
        },
        "2023-02": {
            "month": "2023-02",
            "price": "20.71",
            "revenue": 51154
        },
        "2023-03": {
            "month": "2023-03",
            "price": "18.98",
            "revenue": 77302
        },
        "2023-04": {
            "month": "2023-04",
            "price": "18.53",
            "revenue": 60436
        },
        "2023-05": {
            "month": "2023-05",
            "price": "19.46",
            "revenue": 71303
        },
        "2023-06": {
            "month": "2023-06",
            "price": "19.16",
            "revenue": 89189
        },
        "2023-07": {
            "month": "2023-07",
            "price": "18.74",
            "revenue": 71182
        },
        "2023-08": {
            "month": "2023-08",
            "price": "17.98",
            "revenue": 74222
        },
        "2023-09": {
            "month": "2023-09",
            "price": "24.24",
            "revenue": 85691
        },
        "2023-10": {
            "month": "2023-10",
            "price": "30.02",
            "revenue": 89669
        },
        "2023-11": {
            "month": "2023-11",
            "price": "27.67",
            "revenue": 103135
        },
        "2023-12": {
            "month": "2023-12",
            "price": "24.92",
            "revenue": 129154
        },
        "2024-01": {
            "month": "2024-01",
            "price": "20.47",
            "revenue": 84301
        },
        "2024-02": {
            "month": "2024-02",
            "price": "18.70",
            "revenue": 67097
        }
    }
}
