{
    "summary": {
        "stock_name": "秋雨",
        "stock_id": "9929",
        "category": "其他",
        "main_business": "印刷;製版;印刷品裝訂及加工業 ;攝影業<br>特定專業區開發業;投資興建公共建設業;新市鎮、新社區開發業;<br>區段徵收及市地重劃代辦業;都市更新重建業",
        "website_url": "http://www.choiceprintgroup.com",
        "ceo": "陳鴻璸",
        "pe_ratio": 54,
        "report_year_from": 2001,
        "report_year_to": 2023,
        "age": 22,
        "eps_negative_percentage": 61,
        "eps_growth_avg": {
            "last_all": -70.95,
            "last_2y": -99.57,
            "last_4y": -49.79,
            "last_8y": -59.33,
            "last_12y": -59.33,
            "last_16y": -66.11,
            "last_20y": -70.95,
            "at_2006_last_3y": -100,
            "at_2007_last_3y": -100,
            "at_2008_last_3y": -100,
            "at_2009_last_3y": -100,
            "at_2010_last_3y": null,
            "at_2011_last_3y": null,
            "at_2012_last_3y": null,
            "at_2013_last_3y": null,
            "at_2014_last_3y": null,
            "at_2015_last_3y": null,
            "at_2016_last_3y": null,
            "at_2017_last_3y": -97.5,
            "at_2018_last_3y": 1.25,
            "at_2019_last_3y": -32.5,
            "at_2020_last_3y": -32.5,
            "at_2021_last_3y": -33.05,
            "at_2022_last_3y": -99.72,
            "at_2023_last_3y": -99.72,
            "at_2006_last_all": -100,
            "at_2007_last_all": -100,
            "at_2008_last_all": -100,
            "at_2009_last_all": -100,
            "at_2010_last_all": -100,
            "at_2011_last_all": -100,
            "at_2012_last_all": -100,
            "at_2013_last_all": -100,
            "at_2014_last_all": -100,
            "at_2015_last_all": -100,
            "at_2016_last_all": -100,
            "at_2017_last_all": -99.17,
            "at_2018_last_all": -49.38,
            "at_2019_last_all": -59.5,
            "at_2020_last_all": -59.5,
            "at_2021_last_all": -66.11,
            "at_2022_last_all": -70.95,
            "at_2023_last_all": -70.95
        },
        "latest_eps": 0.32,
        "latest_price": 17.2,
        "latest_roe": 3.23,
        "latest_gross_margin": 8,
        "latest_equity": 994613,
        "latest_revenue": 155565,
        "latest_gross_profit": 12446,
        "latest_net_income": 18855,
        "latest_debt_ratio": 28.15,
        "latest_current_ratio": 188.8,
        "latest_account_receivable_turnover_ratio": 1.28,
        "latest_inventory_turnover_ratio": 2,
        "latest_reinvestment_rate": -7.76,
        "latest_research_to_sale_ratio": null
    },
    "eps_dividends": {
        "1994": {
            "cash": 0.6,
            "stock": 0.6,
            "eps": 0
        },
        "1995": {
            "cash": 0.5,
            "stock": 0.8,
            "eps": 0
        },
        "1996": {
            "cash": 0,
            "stock": 0.11,
            "eps": 0
        },
        "1997": {
            "cash": 0.5,
            "stock": 1,
            "eps": 0
        },
        "1998": {
            "cash": 0,
            "stock": 1.6,
            "eps": 0
        },
        "1999": {
            "cash": 0,
            "stock": 2,
            "eps": 0
        },
        "2000": {
            "cash": 0,
            "stock": 2,
            "eps": 0
        },
        "2001": {
            "cash": 0,
            "stock": 1.5,
            "eps": 1.02
        },
        "2002": {
            "cash": 0.3,
            "stock": 0.7,
            "eps": -0.04
        },
        "2003": {
            "cash": 0,
            "stock": 0,
            "eps": -0.88
        },
        "2004": {
            "cash": 0,
            "stock": 0,
            "eps": -1.77
        },
        "2005": {
            "cash": 0,
            "stock": 0,
            "eps": 0.47
        },
        "2006": {
            "cash": 0,
            "stock": 0,
            "eps": -0.27
        },
        "2007": {
            "cash": 0,
            "stock": 0,
            "eps": -1.16
        },
        "2008": {
            "cash": 0,
            "stock": 0,
            "eps": -0.64
        },
        "2009": {
            "cash": 0,
            "stock": 0,
            "eps": 0
        },
        "2010": {
            "cash": 0,
            "stock": 0,
            "eps": -0.48
        },
        "2011": {
            "cash": 0,
            "stock": 0,
            "eps": -0.49
        },
        "2012": {
            "cash": 0,
            "stock": 0,
            "eps": -0.46
        },
        "2013": {
            "cash": 0,
            "stock": 0,
            "eps": -1.06
        },
        "2014": {
            "cash": 0,
            "stock": 0,
            "eps": -0.92
        },
        "2015": {
            "cash": 0,
            "stock": 0,
            "eps": -2.09
        },
        "2016": {
            "cash": 0,
            "stock": 0,
            "eps": 0.8
        },
        "2017": {
            "cash": 0,
            "stock": 0,
            "eps": 0.02
        },
        "2018": {
            "cash": 0,
            "stock": 0,
            "eps": 0.32
        },
        "2019": {
            "cash": 0,
            "stock": 0,
            "eps": -1.48
        },
        "2020": {
            "cash": 0,
            "stock": 0,
            "eps": 4.69
        },
        "2021": {
            "cash": 0.4,
            "stock": 0,
            "eps": 0.04
        },
        "2022": {
            "cash": 0,
            "stock": 0,
            "eps": -0.82
        },
        "2023": {
            "cash": 0,
            "stock": 0,
            "eps": 0.16
        }
    },
    "dividends": {
        "1994-05-16": {
            "cash": 0.6,
            "stock": 0.6
        },
        "1995-04-24": {
            "cash": 0.5,
            "stock": 0.8
        },
        "1996-03-22": {
            "cash": 0,
            "stock": 0.11
        },
        "1997-05-10": {
            "cash": 0.5,
            "stock": 1
        },
        "1998-05-16": {
            "cash": 0,
            "stock": 1.6
        },
        "1999-04-07": {
            "cash": 0,
            "stock": 2
        },
        "2000-05-26": {
            "cash": 0,
            "stock": 2
        },
        "2001-04-11": {
            "cash": 0,
            "stock": 1.5
        },
        "2002-06-14": {
            "cash": 0.3,
            "stock": 0.7
        },
        "2021-09-09": {
            "cash": 0.4,
            "stock": 0
        }
    },
    "prices": {
        "200101": "13.81",
        "200102": "19.94",
        "200103": "26.70",
        "200104": "23.98",
        "200105": "17.00",
        "200106": "14.89",
        "200107": "13.35",
        "200108": "13.76",
        "200109": "11.31",
        "200110": "10.37",
        "200111": "11.52",
        "200112": "15.33",
        "200201": "17.91",
        "200202": "18.36",
        "200203": "18.60",
        "200204": "19.86",
        "200205": "19.47",
        "200206": "18.73",
        "200207": "13.58",
        "200208": "12.73",
        "200209": "12.20",
        "200210": "9.20",
        "200211": "9.51",
        "200212": "9.41",
        "200301": "9.56",
        "200302": "9.36",
        "200303": "8.86",
        "200304": "8.56",
        "200305": "8.00",
        "200306": "8.36",
        "200307": "8.99",
        "200308": "9.40",
        "200309": "9.20",
        "200310": "9.23",
        "200311": "8.69",
        "200312": "8.23",
        "200401": "8.25",
        "200402": "9.48",
        "200403": "8.69",
        "200404": "7.93",
        "200405": "6.81",
        "200406": "6.37",
        "200407": "5.18",
        "200408": "5.42",
        "200409": "5.67",
        "200410": "5.70",
        "200411": "5.55",
        "200412": "5.51",
        "200501": "5.19",
        "200502": "5.25",
        "200503": "5.19",
        "200504": "4.80",
        "200505": "4.67",
        "200506": "4.91",
        "200507": "5.40",
        "200508": "5.20",
        "200509": "4.67",
        "200510": "4.39",
        "200511": "3.97",
        "200512": "3.96",
        "200601": "3.77",
        "200602": "3.88",
        "200603": "3.62",
        "200604": "4.10",
        "200605": "6.65",
        "200606": "6.60",
        "200607": "5.50",
        "200608": "5.64",
        "200609": "4.83",
        "200610": "5.20",
        "200611": "5.81",
        "200612": "5.58",
        "200701": "4.12",
        "200702": "3.94",
        "200703": "4.91",
        "200704": "4.91",
        "200705": "4.37",
        "200706": "4.45",
        "200707": "5.73",
        "200708": "5.13",
        "200709": "4.94",
        "200710": "4.68",
        "200711": "4.51",
        "200712": "3.69",
        "200801": "3.19",
        "200802": "3.17",
        "200803": "3.57",
        "200804": "4.11",
        "200805": "4.16",
        "200806": "3.83",
        "200807": "3.27",
        "200808": "3.64",
        "200809": "3.25",
        "200810": "2.38",
        "200811": "2.01",
        "200812": "1.94",
        "200901": "1.92",
        "200902": "1.84",
        "200903": "2.10",
        "200904": "2.54",
        "200905": "2.36",
        "200906": "2.53",
        "200907": "2.52",
        "200908": "2.47",
        "200909": "3.02",
        "200910": "3.51",
        "200911": "3.93",
        "200912": "3.99",
        "201001": "5.48",
        "201002": "5.15",
        "201003": "4.93",
        "201004": "5.08",
        "201005": "4.98",
        "201006": "5.15",
        "201007": "5.24",
        "201008": "6.31",
        "201009": "5.99",
        "201010": "5.74",
        "201011": "5.07",
        "201012": "5.10",
        "201101": "5.24",
        "201102": "5.25",
        "201103": "5.01",
        "201104": "4.97",
        "201105": "4.80",
        "201106": "4.56",
        "201107": "4.11",
        "201108": "3.14",
        "201109": "3.04",
        "201110": "3.27",
        "201111": "3.28",
        "201112": "3.08",
        "201201": "2.95",
        "201202": "3.39",
        "201203": "3.21",
        "201204": "3.08",
        "201205": "3.03",
        "201206": "2.96",
        "201207": "2.97",
        "201208": "2.94",
        "201209": "3.96",
        "201210": "4.21",
        "201211": "3.94",
        "201212": "4.01",
        "201301": "4.10",
        "201302": "4.51",
        "201303": "5.00",
        "201304": "5.22",
        "201305": "6.08",
        "201306": "7.09",
        "201307": "7.11",
        "201308": "7.28",
        "201309": "9.15",
        "201310": "9.79",
        "201311": "9.02",
        "201312": "9.46",
        "201401": "9.88",
        "201402": "9.88",
        "201403": "9.79",
        "201404": "9.73",
        "201405": "10.00",
        "201406": "10.00",
        "201407": "9.27",
        "201408": "9.08",
        "201409": "8.84",
        "201410": "8.97",
        "201411": "9.08",
        "201412": "9.05",
        "201501": "8.97",
        "201502": "8.91",
        "201503": "8.74",
        "201504": "12.34",
        "201505": "12.87",
        "201506": "12.66",
        "201507": "12.75",
        "201508": "12.90",
        "201509": "12.92",
        "201510": "12.87",
        "201511": "13.09",
        "201512": "14.24",
        "201601": "14.35",
        "201602": "13.49",
        "201603": "13.16",
        "201604": "12.81",
        "201605": "12.28",
        "201606": "11.32",
        "201607": "10.72",
        "201608": "11.15",
        "201609": "10.93",
        "201610": "11.53",
        "201611": "11.41",
        "201612": "11.41",
        "201701": "11.19",
        "201702": "10.73",
        "201703": "10.73",
        "201704": "10.84",
        "201705": "11.14",
        "201706": "11.13",
        "201707": "11.27",
        "201708": "11.04",
        "201709": "10.86",
        "201710": "10.73",
        "201711": "10.83",
        "201712": "11.54",
        "201801": "11.52",
        "201802": "10.74",
        "201803": "10.82",
        "201804": "11.35",
        "201805": "11.02",
        "201806": "11.98",
        "201807": "11.43",
        "201808": "11.89",
        "201809": "13.10",
        "201810": "12.95",
        "201811": "13.71",
        "201812": "13.91",
        "201901": "14.49",
        "201902": "15.96",
        "201903": "16.81",
        "201904": "17.95",
        "201905": "18.10",
        "201906": "17.36",
        "201907": "14.65",
        "201908": "14.65",
        "201909": "13.96",
        "201910": "13.88",
        "201911": "13.58",
        "201912": "12.96",
        "202001": "12.93",
        "202002": "12.87",
        "202003": "11.96",
        "202004": "11.02",
        "202005": "11.57",
        "202006": "11.27",
        "202007": "11.11",
        "202008": "12.94",
        "202009": "13.10",
        "202010": "12.73",
        "202011": "12.70",
        "202012": "14.28",
        "202101": "13.91",
        "202102": "13.40",
        "202103": "12.89",
        "202104": "12.75",
        "202105": "11.85",
        "202106": "11.65",
        "202107": "11.12",
        "202108": "10.35",
        "202109": "9.78",
        "202110": "9.50",
        "202111": "9.57",
        "202112": "9.43",
        "202201": "9.52",
        "202202": "9.47",
        "202203": "9.15",
        "202204": "9.01",
        "202205": "8.71",
        "202206": "8.55",
        "202207": "8.16",
        "202208": "9.10",
        "202209": "8.65",
        "202210": "8.74",
        "202211": "8.49",
        "202212": "8.53",
        "202301": "8.57",
        "202302": "9.34",
        "202303": "9.20",
        "202304": "9.08",
        "202305": "9.06",
        "202306": "9.15",
        "202307": "9.90",
        "202308": "11.83",
        "202309": "15.13"
    },
    "quarters": {
        "20011": {
            "year_quarter": 20011,
            "year": 2001,
            "quarter": 1,
            "eps": 0.11,
            "eps_growth_year": -66.67,
            "eps_4q": 1.49,
            "eps_4q_growth_year": 1.59,
            "roe": 0.8,
            "roe_4q": 0.8,
            "gross_profit": 45584,
            "gross_margin": 12.94,
            "gross_margin_4q_avg": 12.94,
            "net_income": 10508,
            "revenue": 352201,
            "common_shares": 997971,
            "book_valuer_per_share": 13.6,
            "book_valuer_per_share_4q_avg": 13.6,
            "equity": 1357631,
            "current_ratio": 108.93,
            "debt_ratio": 61.31,
            "inventory_turnover_ratio": 4.02,
            "account_receivable_turnover_ratio": null,
            "reinvestment_rate": null,
            "research_to_sale_ratio": null,
            "price_fair": 0,
            "eps_avg_yearly": 0,
            "eps_latest_yearly": 0,
            "eps_growth_yearly": 0
        },
        "20012": {
            "year_quarter": 20012,
            "year": 2001,
            "quarter": 2,
            "eps": 0.38,
            "eps_growth_year": 0,
            "eps_4q": 1.33,
            "eps_4q_growth_year": -8.75,
            "roe": 3.16,
            "roe_4q": 3.96,
            "gross_profit": 86019,
            "gross_margin": 19.67,
            "gross_margin_4q_avg": 16.31,
            "net_income": 43649,
            "revenue": 437365,
            "common_shares": 1151274,
            "book_valuer_per_share": 12.24,
            "book_valuer_per_share_4q_avg": 12.92,
            "equity": 1408816,
            "current_ratio": 87.52,
            "debt_ratio": 63.21,
            "inventory_turnover_ratio": 4.93,
            "account_receivable_turnover_ratio": null,
            "reinvestment_rate": null,
            "research_to_sale_ratio": null,
            "price_fair": 0,
            "eps_avg_yearly": 0,
            "eps_latest_yearly": 0,
            "eps_growth_yearly": 0
        },
        "20013": {
            "year_quarter": 20013,
            "year": 2001,
            "quarter": 3,
            "eps": 0.36,
            "eps_growth_year": 200,
            "eps_4q": 1.57,
            "eps_4q_growth_year": 45.86,
            "roe": 2.92,
            "roe_4q": 6.88,
            "gross_profit": 89015,
            "gross_margin": 17.99,
            "gross_margin_4q_avg": 16.87,
            "net_income": 41761,
            "revenue": 494823,
            "common_shares": 1151274,
            "book_valuer_per_share": 12.62,
            "book_valuer_per_share_4q_avg": 12.82,
            "equity": 1453212,
            "current_ratio": 92.08,
            "debt_ratio": 62.21,
            "inventory_turnover_ratio": 4.42,
            "account_receivable_turnover_ratio": null,
            "reinvestment_rate": null,
            "research_to_sale_ratio": null,
            "price_fair": 0,
            "eps_avg_yearly": 0,
            "eps_latest_yearly": 0,
            "eps_growth_yearly": 0
        },
        "20014": {
            "year_quarter": 20014,
            "year": 2001,
            "quarter": 4,
            "eps": 0.17,
            "eps_growth_year": -79.76,
            "eps_4q": 1.02,
            "eps_4q_growth_year": -34.12,
            "roe": 1.2,
            "roe_4q": 8.08,
            "gross_profit": 92435,
            "gross_margin": 18.07,
            "gross_margin_4q_avg": 17.17,
            "net_income": 19090,
            "revenue": 511410,
            "common_shares": 1391274,
            "book_valuer_per_share": 12.36,
            "book_valuer_per_share_4q_avg": 12.71,
            "equity": 1725228,
            "current_ratio": 63.54,
            "debt_ratio": 64.3,
            "inventory_turnover_ratio": 3.76,
            "account_receivable_turnover_ratio": null,
            "reinvestment_rate": null,
            "research_to_sale_ratio": null,
            "price_fair": 0,
            "eps_avg_yearly": 0,
            "eps_latest_yearly": 0,
            "eps_growth_yearly": 0
        },
        "20021": {
            "year_quarter": 20021,
            "year": 2002,
            "quarter": 1,
            "eps": -0.08,
            "eps_growth_year": -172.73,
            "eps_4q": 0.71,
            "eps_4q_growth_year": -52.47,
            "roe": -0.62,
            "roe_4q": 6.66,
            "gross_profit": 33830,
            "gross_margin": 10.19,
            "gross_margin_4q_avg": 16.48,
            "net_income": -10631,
            "revenue": 332092,
            "common_shares": 1391274,
            "book_valuer_per_share": 12.3,
            "book_valuer_per_share_4q_avg": 12.38,
            "equity": 1711197,
            "current_ratio": 69.33,
            "debt_ratio": 53.76,
            "inventory_turnover_ratio": 3.07,
            "account_receivable_turnover_ratio": null,
            "reinvestment_rate": null,
            "research_to_sale_ratio": null,
            "price_fair": 0,
            "eps_avg_yearly": 0,
            "eps_latest_yearly": 0,
            "eps_growth_yearly": 0
        },
        "20022": {
            "year_quarter": 20022,
            "year": 2002,
            "quarter": 2,
            "eps": 0.14,
            "eps_growth_year": -63.16,
            "eps_4q": 0.48,
            "eps_4q_growth_year": -63.71,
            "roe": 1.22,
            "roe_4q": 4.72,
            "gross_profit": 71987,
            "gross_margin": 18.62,
            "gross_margin_4q_avg": 16.22,
            "net_income": 20489,
            "revenue": 386662,
            "common_shares": 1391274,
            "book_valuer_per_share": 11.93,
            "book_valuer_per_share_4q_avg": 12.3,
            "equity": 1659235,
            "current_ratio": 62.01,
            "debt_ratio": 54.94,
            "inventory_turnover_ratio": 4.28,
            "account_receivable_turnover_ratio": null,
            "reinvestment_rate": null,
            "research_to_sale_ratio": null,
            "price_fair": 0,
            "eps_avg_yearly": 0,
            "eps_latest_yearly": 0,
            "eps_growth_yearly": 0
        },
        "20023": {
            "year_quarter": 20023,
            "year": 2002,
            "quarter": 3,
            "eps": -0.14,
            "eps_growth_year": -138.89,
            "eps_4q": 0.06,
            "eps_4q_growth_year": -96.36,
            "roe": -1.23,
            "roe_4q": 0.57,
            "gross_profit": 46145,
            "gross_margin": 12.34,
            "gross_margin_4q_avg": 14.81,
            "net_income": -20438,
            "revenue": 373915,
            "common_shares": 1491704,
            "book_valuer_per_share": 11.15,
            "book_valuer_per_share_4q_avg": 11.94,
            "equity": 1662775,
            "current_ratio": 54,
            "debt_ratio": 54.91,
            "inventory_turnover_ratio": 4.54,
            "account_receivable_turnover_ratio": null,
            "reinvestment_rate": null,
            "research_to_sale_ratio": null,
            "price_fair": 0,
            "eps_avg_yearly": 0,
            "eps_latest_yearly": 0,
            "eps_growth_yearly": 0
        },
        "20024": {
            "year_quarter": 20024,
            "year": 2002,
            "quarter": 4,
            "eps": 0.04,
            "eps_growth_year": -76.47,
            "eps_4q": -0.04,
            "eps_4q_growth_year": -103.86,
            "roe": 0.32,
            "roe_4q": -0.30999999999999994,
            "gross_profit": 60341,
            "gross_margin": 14.27,
            "gross_margin_4q_avg": 13.86,
            "net_income": 5321,
            "revenue": 422841,
            "common_shares": 1491704,
            "book_valuer_per_share": 11.2,
            "book_valuer_per_share_4q_avg": 11.65,
            "equity": 1680463,
            "current_ratio": 66.72,
            "debt_ratio": 64.63,
            "inventory_turnover_ratio": 3.01,
            "account_receivable_turnover_ratio": null,
            "reinvestment_rate": 471.65,
            "research_to_sale_ratio": null,
            "price_fair": 0,
            "eps_avg_yearly": 0,
            "eps_latest_yearly": 0,
            "eps_growth_yearly": 0
        },
        "20031": {
            "year_quarter": 20031,
            "year": 2003,
            "quarter": 1,
            "eps": -0.14,
            "eps_growth_year": null,
            "eps_4q": -0.1,
            "eps_4q_growth_year": -114.57,
            "roe": -1.22,
            "roe_4q": -0.9099999999999999,
            "gross_profit": 14572,
            "gross_margin": 4.51,
            "gross_margin_4q_avg": 12.44,
            "net_income": -20292,
            "revenue": 322888,
            "common_shares": 1491704,
            "book_valuer_per_share": 10.99,
            "book_valuer_per_share_4q_avg": 11.32,
            "equity": 1638922,
            "current_ratio": 54.85,
            "debt_ratio": 53.05,
            "inventory_turnover_ratio": 3.04,
            "account_receivable_turnover_ratio": null,
            "reinvestment_rate": 172.87,
            "research_to_sale_ratio": null,
            "price_fair": 0,
            "eps_avg_yearly": 0,
            "eps_latest_yearly": 0,
            "eps_growth_yearly": 0
        },
        "20032": {
            "year_quarter": 20032,
            "year": 2003,
            "quarter": 2,
            "eps": -0.08,
            "eps_growth_year": -157.14,
            "eps_4q": -0.31,
            "eps_4q_growth_year": -164.71,
            "roe": -0.71,
            "roe_4q": -2.84,
            "gross_profit": 1886,
            "gross_margin": 0.66,
            "gross_margin_4q_avg": 7.95,
            "net_income": -11231,
            "revenue": 287193,
            "common_shares": 1491704,
            "book_valuer_per_share": 10.36,
            "book_valuer_per_share_4q_avg": 10.93,
            "equity": 1545476,
            "current_ratio": 54.17,
            "debt_ratio": 54.99,
            "inventory_turnover_ratio": 9.16,
            "account_receivable_turnover_ratio": null,
            "reinvestment_rate": 130.73,
            "research_to_sale_ratio": null,
            "price_fair": 0,
            "eps_avg_yearly": 0,
            "eps_latest_yearly": 0,
            "eps_growth_yearly": 0
        },
        "20033": {
            "year_quarter": 20033,
            "year": 2003,
            "quarter": 3,
            "eps": -0.38,
            "eps_growth_year": null,
            "eps_4q": -0.55,
            "eps_4q_growth_year": -1061.01,
            "roe": -3.61,
            "roe_4q": -5.22,
            "gross_profit": 19271,
            "gross_margin": 5.5,
            "gross_margin_4q_avg": 6.24,
            "net_income": -55580,
            "revenue": 350128,
            "common_shares": 1491704,
            "book_valuer_per_share": 10.29,
            "book_valuer_per_share_4q_avg": 10.71,
            "equity": 1534645,
            "current_ratio": 59.78,
            "debt_ratio": 55.61,
            "inventory_turnover_ratio": 9.18,
            "account_receivable_turnover_ratio": null,
            "reinvestment_rate": 187.23,
            "research_to_sale_ratio": null,
            "price_fair": 0,
            "eps_avg_yearly": 0,
            "eps_latest_yearly": 0,
            "eps_growth_yearly": 0
        },
        "20034": {
            "year_quarter": 20034,
            "year": 2003,
            "quarter": 4,
            "eps": -0.28,
            "eps_growth_year": -800,
            "eps_4q": -0.83,
            "eps_4q_growth_year": null,
            "roe": -2.68,
            "roe_4q": -8.22,
            "gross_profit": 25752,
            "gross_margin": 6.94,
            "gross_margin_4q_avg": 4.4,
            "net_income": -41024,
            "revenue": 371256,
            "common_shares": 1491704,
            "book_valuer_per_share": 10.19,
            "book_valuer_per_share_4q_avg": 10.46,
            "equity": 1523946,
            "current_ratio": 70.44,
            "debt_ratio": 72.48,
            "inventory_turnover_ratio": 2.98,
            "account_receivable_turnover_ratio": null,
            "reinvestment_rate": 1047.65,
            "research_to_sale_ratio": null,
            "price_fair": 0,
            "eps_avg_yearly": 0,
            "eps_latest_yearly": 0,
            "eps_growth_yearly": 0
        },
        "20041": {
            "year_quarter": 20041,
            "year": 2004,
            "quarter": 1,
            "eps": -0.14,
            "eps_growth_year": null,
            "eps_4q": -0.86,
            "eps_4q_growth_year": null,
            "roe": -1.4,
            "roe_4q": -8.399999999999999,
            "gross_profit": 10051,
            "gross_margin": 3.55,
            "gross_margin_4q_avg": 4.16,
            "net_income": -21045,
            "revenue": 283072,
            "common_shares": 1491704,
            "book_valuer_per_share": 9.95,
            "book_valuer_per_share_4q_avg": 10.2,
            "equity": 1484973,
            "current_ratio": 49.32,
            "debt_ratio": 54.19,
            "inventory_turnover_ratio": 2.52,
            "account_receivable_turnover_ratio": null,
            "reinvestment_rate": 247.38,
            "research_to_sale_ratio": null,
            "price_fair": 0,
            "eps_avg_yearly": 0,
            "eps_latest_yearly": 0,
            "eps_growth_yearly": 0
        },
        "20042": {
            "year_quarter": 20042,
            "year": 2004,
            "quarter": 2,
            "eps": -0.11,
            "eps_growth_year": null,
            "eps_4q": -0.9,
            "eps_4q_growth_year": null,
            "roe": -1.09,
            "roe_4q": -8.78,
            "gross_profit": 27615,
            "gross_margin": 8.52,
            "gross_margin_4q_avg": 6.13,
            "net_income": -16179,
            "revenue": 323963,
            "common_shares": 1491704,
            "book_valuer_per_share": 9.95,
            "book_valuer_per_share_4q_avg": 10.1,
            "equity": 1484456,
            "current_ratio": 50.1,
            "debt_ratio": 53.76,
            "inventory_turnover_ratio": 8.27,
            "account_receivable_turnover_ratio": null,
            "reinvestment_rate": 434.8,
            "research_to_sale_ratio": null,
            "price_fair": 0,
            "eps_avg_yearly": 0,
            "eps_latest_yearly": 0,
            "eps_growth_yearly": 0
        },
        "20043": {
            "year_quarter": 20043,
            "year": 2004,
            "quarter": 3,
            "eps": -0.04,
            "eps_growth_year": null,
            "eps_4q": -0.56,
            "eps_4q_growth_year": null,
            "roe": -0.36,
            "roe_4q": -5.53,
            "gross_profit": 22347,
            "gross_margin": 6.94,
            "gross_margin_4q_avg": 6.49,
            "net_income": -5382,
            "revenue": 322196,
            "common_shares": 1491704,
            "book_valuer_per_share": 9.95,
            "book_valuer_per_share_4q_avg": 10.01,
            "equity": 1483836,
            "current_ratio": 51.5,
            "debt_ratio": 53.53,
            "inventory_turnover_ratio": 8.06,
            "account_receivable_turnover_ratio": null,
            "reinvestment_rate": 225.12,
            "research_to_sale_ratio": null,
            "price_fair": 0,
            "eps_avg_yearly": 0,
            "eps_latest_yearly": 0,
            "eps_growth_yearly": 0
        },
        "20044": {
            "year_quarter": 20044,
            "year": 2004,
            "quarter": 4,
            "eps": -1.48,
            "eps_growth_year": null,
            "eps_4q": -1.64,
            "eps_4q_growth_year": null,
            "roe": -16.32,
            "roe_4q": -19.169999999999998,
            "gross_profit": 20773,
            "gross_margin": 5.5,
            "gross_margin_4q_avg": 6.13,
            "net_income": -220167,
            "revenue": 378012,
            "common_shares": 1491704,
            "book_valuer_per_share": 8.08,
            "book_valuer_per_share_4q_avg": 9.48,
            "equity": 1215004,
            "current_ratio": 63.33,
            "debt_ratio": 74.36,
            "inventory_turnover_ratio": 4.43,
            "account_receivable_turnover_ratio": null,
            "reinvestment_rate": null,
            "research_to_sale_ratio": null,
            "price_fair": 0,
            "eps_avg_yearly": 0,
            "eps_latest_yearly": 0,
            "eps_growth_yearly": 0
        },
        "20051": {
            "year_quarter": 20051,
            "year": 2005,
            "quarter": 1,
            "eps": 0.24,
            "eps_growth_year": null,
            "eps_4q": -1.37,
            "eps_4q_growth_year": null,
            "roe": 2.93,
            "roe_4q": -14.84,
            "gross_profit": 13266,
            "gross_margin": 4.55,
            "gross_margin_4q_avg": 6.38,
            "net_income": 35950,
            "revenue": 291782,
            "common_shares": 1491704,
            "book_valuer_per_share": 8.3,
            "book_valuer_per_share_4q_avg": 9.07,
            "equity": 1237599,
            "current_ratio": 51.19,
            "debt_ratio": 55.79,
            "inventory_turnover_ratio": 3.48,
            "account_receivable_turnover_ratio": null,
            "reinvestment_rate": null,
            "research_to_sale_ratio": null,
            "price_fair": 0,
            "eps_avg_yearly": 0,
            "eps_latest_yearly": 0,
            "eps_growth_yearly": 0
        },
        "20052": {
            "year_quarter": 20052,
            "year": 2005,
            "quarter": 2,
            "eps": 0.06,
            "eps_growth_year": null,
            "eps_4q": -1.15,
            "eps_4q_growth_year": null,
            "roe": 0.76,
            "roe_4q": -12.989999999999998,
            "gross_profit": 34463,
            "gross_margin": 11.59,
            "gross_margin_4q_avg": 7.15,
            "net_income": 9391,
            "revenue": 297385,
            "common_shares": 1491704,
            "book_valuer_per_share": 8.36,
            "book_valuer_per_share_4q_avg": 8.67,
            "equity": 1247453,
            "current_ratio": 45.36,
            "debt_ratio": 53.34,
            "inventory_turnover_ratio": 9.36,
            "account_receivable_turnover_ratio": null,
            "reinvestment_rate": null,
            "research_to_sale_ratio": null,
            "price_fair": 0.72,
            "eps_avg_yearly": 0.24,
            "eps_latest_yearly": 0.24,
            "eps_growth_yearly": -300
        },
        "20053": {
            "year_quarter": 20053,
            "year": 2005,
            "quarter": 3,
            "eps": 0.03,
            "eps_growth_year": null,
            "eps_4q": -1.32,
            "eps_4q_growth_year": null,
            "roe": 0.3,
            "roe_4q": -12.33,
            "gross_profit": 24700,
            "gross_margin": 8.36,
            "gross_margin_4q_avg": 7.5,
            "net_income": 3889,
            "revenue": 295287,
            "common_shares": 1491704,
            "book_valuer_per_share": 8.79,
            "book_valuer_per_share_4q_avg": 8.38,
            "equity": 1310929,
            "current_ratio": 48.82,
            "debt_ratio": 51.68,
            "inventory_turnover_ratio": 11.06,
            "account_receivable_turnover_ratio": null,
            "reinvestment_rate": null,
            "research_to_sale_ratio": null,
            "price_fair": 0.54,
            "eps_avg_yearly": 0.18,
            "eps_latest_yearly": 0.12,
            "eps_growth_yearly": -250
        },
        "20054": {
            "year_quarter": 20054,
            "year": 2005,
            "quarter": 4,
            "eps": 0.14,
            "eps_growth_year": null,
            "eps_4q": 0.47,
            "eps_4q_growth_year": null,
            "roe": 1.55,
            "roe_4q": 5.540000000000001,
            "gross_profit": 33818,
            "gross_margin": 10.61,
            "gross_margin_4q_avg": 8.78,
            "net_income": 21105,
            "revenue": 318827,
            "common_shares": 1491704,
            "book_valuer_per_share": 9.27,
            "book_valuer_per_share_4q_avg": 8.68,
            "equity": 1415435,
            "current_ratio": 64,
            "debt_ratio": 63.81,
            "inventory_turnover_ratio": 4.06,
            "account_receivable_turnover_ratio": null,
            "reinvestment_rate": null,
            "research_to_sale_ratio": null,
            "price_fair": 10.73,
            "eps_avg_yearly": 0.31,
            "eps_latest_yearly": 0.56,
            "eps_growth_yearly": 322.22
        },
        "20061": {
            "year_quarter": 20061,
            "year": 2006,
            "quarter": 1,
            "eps": -0.07,
            "eps_growth_year": -129.17,
            "eps_4q": 0.17,
            "eps_4q_growth_year": null,
            "roe": -0.71,
            "roe_4q": 1.9000000000000001,
            "gross_profit": 4971,
            "gross_margin": 2.23,
            "gross_margin_4q_avg": 8.2,
            "net_income": -9874,
            "revenue": 223002,
            "common_shares": 1491704,
            "book_valuer_per_share": 9.2,
            "book_valuer_per_share_4q_avg": 8.91,
            "equity": 1371801,
            "current_ratio": 45.27,
            "debt_ratio": 49.52,
            "inventory_turnover_ratio": 3.16,
            "account_receivable_turnover_ratio": null,
            "reinvestment_rate": null,
            "research_to_sale_ratio": null,
            "price_fair": 10.73,
            "eps_avg_yearly": 0.31,
            "eps_latest_yearly": 0.56,
            "eps_growth_yearly": 322.22
        },
        "20062": {
            "year_quarter": 20062,
            "year": 2006,
            "quarter": 2,
            "eps": -0.03,
            "eps_growth_year": -150,
            "eps_4q": 0.07,
            "eps_4q_growth_year": null,
            "roe": -0.35,
            "roe_4q": 0.79,
            "gross_profit": 18700,
            "gross_margin": 7.52,
            "gross_margin_4q_avg": 7.18,
            "net_income": -4731,
            "revenue": 248730,
            "common_shares": 1491704,
            "book_valuer_per_share": 9.17,
            "book_valuer_per_share_4q_avg": 9.11,
            "equity": 1368404,
            "current_ratio": 47.05,
            "debt_ratio": 51.21,
            "inventory_turnover_ratio": 9.77,
            "account_receivable_turnover_ratio": null,
            "reinvestment_rate": null,
            "research_to_sale_ratio": null,
            "price_fair": 10.73,
            "eps_avg_yearly": 0.31,
            "eps_latest_yearly": 0.56,
            "eps_growth_yearly": 322.22
        },
        "20063": {
            "year_quarter": 20063,
            "year": 2006,
            "quarter": 3,
            "eps": -0.11,
            "eps_growth_year": -466.67,
            "eps_4q": -0.06,
            "eps_4q_growth_year": null,
            "roe": -1.18,
            "roe_4q": -0.6899999999999997,
            "gross_profit": 13365,
            "gross_margin": 5.13,
            "gross_margin_4q_avg": 6.37,
            "net_income": -16155,
            "revenue": 260362,
            "common_shares": 1491704,
            "book_valuer_per_share": 9.25,
            "book_valuer_per_share_4q_avg": 9.22,
            "equity": 1379432,
            "current_ratio": 50.52,
            "debt_ratio": 51.31,
            "inventory_turnover_ratio": 7.81,
            "account_receivable_turnover_ratio": null,
            "reinvestment_rate": null,
            "research_to_sale_ratio": null,
            "price_fair": 10.73,
            "eps_avg_yearly": 0.31,
            "eps_latest_yearly": 0.56,
            "eps_growth_yearly": 322.22
        },
        "20064": {
            "year_quarter": 20064,
            "year": 2006,
            "quarter": 4,
            "eps": -0.06,
            "eps_growth_year": -142.86,
            "eps_4q": -0.26,
            "eps_4q_growth_year": -155.39,
            "roe": -0.63,
            "roe_4q": -2.87,
            "gross_profit": 23273,
            "gross_margin": 7.81,
            "gross_margin_4q_avg": 5.67,
            "net_income": -8742,
            "revenue": 297965,
            "common_shares": 1491704,
            "book_valuer_per_share": 9.15,
            "book_valuer_per_share_4q_avg": 9.19,
            "equity": 1400710,
            "current_ratio": 71.01,
            "debt_ratio": 61.35,
            "inventory_turnover_ratio": 3.92,
            "account_receivable_turnover_ratio": null,
            "reinvestment_rate": null,
            "research_to_sale_ratio": null,
            "price_fair": 10.73,
            "eps_avg_yearly": 0.31,
            "eps_latest_yearly": 0.56,
            "eps_growth_yearly": 322.22
        },
        "20071": {
            "year_quarter": 20071,
            "year": 2007,
            "quarter": 1,
            "eps": -0.21,
            "eps_growth_year": null,
            "eps_4q": -0.41,
            "eps_4q_growth_year": -337.76,
            "roe": -2.23,
            "roe_4q": -4.39,
            "gross_profit": -4757,
            "gross_margin": -2.28,
            "gross_margin_4q_avg": 4.55,
            "net_income": -30628,
            "revenue": 208969,
            "common_shares": 1491704,
            "book_valuer_per_share": 9.05,
            "book_valuer_per_share_4q_avg": 9.16,
            "equity": 1349382,
            "current_ratio": 54.02,
            "debt_ratio": 44.31,
            "inventory_turnover_ratio": 3.32,
            "account_receivable_turnover_ratio": null,
            "reinvestment_rate": null,
            "research_to_sale_ratio": null,
            "price_fair": 10.73,
            "eps_avg_yearly": 0.31,
            "eps_latest_yearly": 0.56,
            "eps_growth_yearly": 322.22
        },
        "20072": {
            "year_quarter": 20072,
            "year": 2007,
            "quarter": 2,
            "eps": -0.08,
            "eps_growth_year": null,
            "eps_4q": -0.45,
            "eps_4q_growth_year": -752.65,
            "roe": -0.91,
            "roe_4q": -4.95,
            "gross_profit": 9767,
            "gross_margin": 4.52,
            "gross_margin_4q_avg": 3.8,
            "net_income": -12279,
            "revenue": 216296,
            "common_shares": 1491704,
            "book_valuer_per_share": 9.05,
            "book_valuer_per_share_4q_avg": 9.13,
            "equity": 1349810,
            "current_ratio": 52.53,
            "debt_ratio": 42.73,
            "inventory_turnover_ratio": 7.52,
            "account_receivable_turnover_ratio": null,
            "reinvestment_rate": null,
            "research_to_sale_ratio": null,
            "price_fair": 10.73,
            "eps_avg_yearly": 0.31,
            "eps_latest_yearly": 0.56,
            "eps_growth_yearly": 322.22
        },
        "20073": {
            "year_quarter": 20073,
            "year": 2007,
            "quarter": 3,
            "eps": -0.22,
            "eps_growth_year": null,
            "eps_4q": -0.57,
            "eps_4q_growth_year": null,
            "roe": -2.49,
            "roe_4q": -6.260000000000001,
            "gross_profit": 8510,
            "gross_margin": 3.77,
            "gross_margin_4q_avg": 3.46,
            "net_income": -33325,
            "revenue": 225543,
            "common_shares": 1491704,
            "book_valuer_per_share": 8.89,
            "book_valuer_per_share_4q_avg": 9.04,
            "equity": 1326347,
            "current_ratio": 51.75,
            "debt_ratio": 42.96,
            "inventory_turnover_ratio": 6.3,
            "account_receivable_turnover_ratio": null,
            "reinvestment_rate": null,
            "research_to_sale_ratio": null,
            "price_fair": 10.73,
            "eps_avg_yearly": 0.31,
            "eps_latest_yearly": 0.56,
            "eps_growth_yearly": 322.22
        },
        "20074": {
            "year_quarter": 20074,
            "year": 2007,
            "quarter": 4,
            "eps": -0.65,
            "eps_growth_year": null,
            "eps_4q": -1.16,
            "eps_4q_growth_year": null,
            "roe": -6.57,
            "roe_4q": -12.200000000000001,
            "gross_profit": 19802,
            "gross_margin": 6.38,
            "gross_margin_4q_avg": 3.1,
            "net_income": -97573,
            "revenue": 310504,
            "common_shares": 1491704,
            "book_valuer_per_share": 8.02,
            "book_valuer_per_share_4q_avg": 8.75,
            "equity": 1644384,
            "current_ratio": 72.21,
            "debt_ratio": 52.46,
            "inventory_turnover_ratio": 3.37,
            "account_receivable_turnover_ratio": null,
            "reinvestment_rate": null,
            "research_to_sale_ratio": null,
            "price_fair": 10.73,
            "eps_avg_yearly": 0.31,
            "eps_latest_yearly": 0.56,
            "eps_growth_yearly": 322.22
        },
        "20081": {
            "year_quarter": 20081,
            "year": 2008,
            "quarter": 1,
            "eps": -0.21,
            "eps_growth_year": null,
            "eps_4q": -0.94,
            "eps_4q_growth_year": null,
            "roe": -2.4,
            "roe_4q": -12.370000000000001,
            "gross_profit": 14898,
            "gross_margin": 2.72,
            "gross_margin_4q_avg": 4.35,
            "net_income": -38665,
            "revenue": 547929,
            "common_shares": 1491704,
            "book_valuer_per_share": 7.67,
            "book_valuer_per_share_4q_avg": 8.41,
            "equity": 1580456,
            "current_ratio": 76.43,
            "debt_ratio": 54.79,
            "inventory_turnover_ratio": 4.09,
            "account_receivable_turnover_ratio": null,
            "reinvestment_rate": null,
            "research_to_sale_ratio": null,
            "price_fair": 10.73,
            "eps_avg_yearly": 0.31,
            "eps_latest_yearly": 0.56,
            "eps_growth_yearly": 322.22
        },
        "20082": {
            "year_quarter": 20082,
            "year": 2008,
            "quarter": 2,
            "eps": 0.02,
            "eps_growth_year": null,
            "eps_4q": -0.31,
            "eps_4q_growth_year": null,
            "roe": 0.65,
            "roe_4q": -10.81,
            "gross_profit": 52955,
            "gross_margin": 7.95,
            "gross_margin_4q_avg": 5.21,
            "net_income": 10298,
            "revenue": 666295,
            "common_shares": 1491704,
            "book_valuer_per_share": 7.76,
            "book_valuer_per_share_4q_avg": 8.09,
            "equity": 1598905,
            "current_ratio": 76.42,
            "debt_ratio": 54.2,
            "inventory_turnover_ratio": 4.61,
            "account_receivable_turnover_ratio": null,
            "reinvestment_rate": null,
            "research_to_sale_ratio": null,
            "price_fair": 10.73,
            "eps_avg_yearly": 0.31,
            "eps_latest_yearly": 0.56,
            "eps_growth_yearly": 322.22
        },
        "20083": {
            "year_quarter": 20083,
            "year": 2008,
            "quarter": 3,
            "eps": -0.09,
            "eps_growth_year": null,
            "eps_4q": -0.93,
            "eps_4q_growth_year": null,
            "roe": -0.77,
            "roe_4q": -9.09,
            "gross_profit": 27442,
            "gross_margin": 7.19,
            "gross_margin_4q_avg": 6.06,
            "net_income": -12531,
            "revenue": 381689,
            "common_shares": 1491704,
            "book_valuer_per_share": 7.89,
            "book_valuer_per_share_4q_avg": 7.84,
            "equity": 1640364,
            "current_ratio": 77.19,
            "debt_ratio": 51.67,
            "inventory_turnover_ratio": 2.49,
            "account_receivable_turnover_ratio": null,
            "reinvestment_rate": null,
            "research_to_sale_ratio": null,
            "price_fair": 10.73,
            "eps_avg_yearly": 0.31,
            "eps_latest_yearly": 0.56,
            "eps_growth_yearly": 322.22
        },
        "20084": {
            "year_quarter": 20084,
            "year": 2008,
            "quarter": 4,
            "eps": -0.36,
            "eps_growth_year": null,
            "eps_4q": -0.55,
            "eps_4q_growth_year": null,
            "roe": -4.09,
            "roe_4q": -6.609999999999999,
            "gross_profit": 23192,
            "gross_margin": 3.93,
            "gross_margin_4q_avg": 5.45,
            "net_income": -66115,
            "revenue": 589924,
            "common_shares": 1491704,
            "book_valuer_per_share": 7.6,
            "book_valuer_per_share_4q_avg": 7.73,
            "equity": 1592972,
            "current_ratio": 73.08,
            "debt_ratio": 52.69,
            "inventory_turnover_ratio": 3.78,
            "account_receivable_turnover_ratio": 1.49,
            "reinvestment_rate": null,
            "research_to_sale_ratio": null,
            "price_fair": 10.73,
            "eps_avg_yearly": 0.31,
            "eps_latest_yearly": 0.56,
            "eps_growth_yearly": 322.22
        },
        "20091": {
            "year_quarter": 20091,
            "year": 2009,
            "quarter": 1,
            "eps": -0.07,
            "eps_growth_year": null,
            "eps_4q": -0.49,
            "eps_4q_growth_year": null,
            "roe": -0.58,
            "roe_4q": -4.789999999999999,
            "gross_profit": 28003,
            "gross_margin": 5.45,
            "gross_margin_4q_avg": 6.13,
            "net_income": -9279,
            "revenue": 513515,
            "common_shares": 1491704,
            "book_valuer_per_share": 7.64,
            "book_valuer_per_share_4q_avg": 7.72,
            "equity": 1590029,
            "current_ratio": 74.63,
            "debt_ratio": 51.6,
            "inventory_turnover_ratio": 3.62,
            "account_receivable_turnover_ratio": 0.68,
            "reinvestment_rate": null,
            "research_to_sale_ratio": null,
            "price_fair": 10.73,
            "eps_avg_yearly": 0.31,
            "eps_latest_yearly": 0.56,
            "eps_growth_yearly": 322.22
        },
        "20092": {
            "year_quarter": 20092,
            "year": 2009,
            "quarter": 2,
            "eps": 0.07,
            "eps_growth_year": 250,
            "eps_4q": -0.4,
            "eps_4q_growth_year": null,
            "roe": 0.79,
            "roe_4q": -4.65,
            "gross_profit": 43122,
            "gross_margin": 9.43,
            "gross_margin_4q_avg": 6.5,
            "net_income": 11662,
            "revenue": 457214,
            "common_shares": 1491704,
            "book_valuer_per_share": 7.91,
            "book_valuer_per_share_4q_avg": 7.76,
            "equity": 1368563,
            "current_ratio": 73.92,
            "debt_ratio": 53.94,
            "inventory_turnover_ratio": 3.97,
            "account_receivable_turnover_ratio": 0.63,
            "reinvestment_rate": null,
            "research_to_sale_ratio": null,
            "price_fair": 11.9,
            "eps_avg_yearly": 0.34,
            "eps_latest_yearly": 0.56,
            "eps_growth_yearly": 633.33
        },
        "20093": {
            "year_quarter": 20093,
            "year": 2009,
            "quarter": 3,
            "eps": -0.05,
            "eps_growth_year": null,
            "eps_4q": -0.41,
            "eps_4q_growth_year": null,
            "roe": -0.49,
            "roe_4q": -4.37,
            "gross_profit": 31109,
            "gross_margin": 7.18,
            "gross_margin_4q_avg": 6.5,
            "net_income": -6698,
            "revenue": 433081,
            "common_shares": 1491704,
            "book_valuer_per_share": 7.77,
            "book_valuer_per_share_4q_avg": 7.73,
            "equity": 1345498,
            "current_ratio": 75.13,
            "debt_ratio": 53.81,
            "inventory_turnover_ratio": 3.6,
            "account_receivable_turnover_ratio": 0.59,
            "reinvestment_rate": null,
            "research_to_sale_ratio": null,
            "price_fair": 19.6,
            "eps_avg_yearly": 0.56,
            "eps_latest_yearly": 0.56,
            "eps_growth_yearly": 1466.67
        },
        "20094": {
            "year_quarter": 20094,
            "year": 2009,
            "quarter": 4,
            "eps": 0.05,
            "eps_growth_year": null,
            "eps_4q": 0.01,
            "eps_4q_growth_year": null,
            "roe": 0.56,
            "roe_4q": 0.28000000000000014,
            "gross_profit": 28165,
            "gross_margin": 6.27,
            "gross_margin_4q_avg": 7.08,
            "net_income": 7513,
            "revenue": 449483,
            "common_shares": 1491704,
            "book_valuer_per_share": 7.82,
            "book_valuer_per_share_4q_avg": 7.79,
            "equity": 1350918,
            "current_ratio": 83.22,
            "debt_ratio": 54.17,
            "inventory_turnover_ratio": 3.39,
            "account_receivable_turnover_ratio": 1.16,
            "reinvestment_rate": null,
            "research_to_sale_ratio": null,
            "price_fair": 0,
            "eps_avg_yearly": 0,
            "eps_latest_yearly": 0,
            "eps_growth_yearly": 0
        },
        "20101": {
            "year_quarter": 20101,
            "year": 2010,
            "quarter": 1,
            "eps": -0.13,
            "eps_growth_year": null,
            "eps_4q": -0.06,
            "eps_4q_growth_year": null,
            "roe": -1.58,
            "roe_4q": -0.72,
            "gross_profit": 15363,
            "gross_margin": 3.64,
            "gross_margin_4q_avg": 6.63,
            "net_income": -21136,
            "revenue": 422253,
            "common_shares": 1491704,
            "book_valuer_per_share": 7.67,
            "book_valuer_per_share_4q_avg": 7.79,
            "equity": 1327870,
            "current_ratio": 84.07,
            "debt_ratio": 54.91,
            "inventory_turnover_ratio": 3.22,
            "account_receivable_turnover_ratio": 0.56,
            "reinvestment_rate": null,
            "research_to_sale_ratio": null,
            "price_fair": 0,
            "eps_avg_yearly": 0,
            "eps_latest_yearly": 0,
            "eps_growth_yearly": 0
        },
        "20102": {
            "year_quarter": 20102,
            "year": 2010,
            "quarter": 2,
            "eps": -0.06,
            "eps_growth_year": -188.02,
            "eps_4q": -0.19,
            "eps_4q_growth_year": null,
            "roe": -0.68,
            "roe_4q": -2.1900000000000004,
            "gross_profit": 20745,
            "gross_margin": 4.64,
            "gross_margin_4q_avg": 5.43,
            "net_income": -9080,
            "revenue": 446901,
            "common_shares": 1491704,
            "book_valuer_per_share": 7.75,
            "book_valuer_per_share_4q_avg": 7.75,
            "equity": 1345091,
            "current_ratio": 85.78,
            "debt_ratio": 55.11,
            "inventory_turnover_ratio": 3.26,
            "account_receivable_turnover_ratio": 0.59,
            "reinvestment_rate": null,
            "research_to_sale_ratio": null,
            "price_fair": 0,
            "eps_avg_yearly": 0,
            "eps_latest_yearly": 0,
            "eps_growth_yearly": 0
        },
        "20103": {
            "year_quarter": 20103,
            "year": 2010,
            "quarter": 3,
            "eps": -0.1,
            "eps_growth_year": null,
            "eps_4q": -0.24,
            "eps_4q_growth_year": null,
            "roe": -1.29,
            "roe_4q": -2.99,
            "gross_profit": 23509,
            "gross_margin": 5.26,
            "gross_margin_4q_avg": 4.95,
            "net_income": -17222,
            "revenue": 446914,
            "common_shares": 1491704,
            "book_valuer_per_share": 7.59,
            "book_valuer_per_share_4q_avg": 7.71,
            "equity": 1316707,
            "current_ratio": 84.45,
            "debt_ratio": 54.48,
            "inventory_turnover_ratio": 3.33,
            "account_receivable_turnover_ratio": 0.57,
            "reinvestment_rate": null,
            "research_to_sale_ratio": null,
            "price_fair": 0,
            "eps_avg_yearly": 0,
            "eps_latest_yearly": 0,
            "eps_growth_yearly": 0
        },
        "20104": {
            "year_quarter": 20104,
            "year": 2010,
            "quarter": 4,
            "eps": -0.19,
            "eps_growth_year": -483.86,
            "eps_4q": -0.49,
            "eps_4q_growth_year": -6860.75,
            "roe": -2.94,
            "roe_4q": -6.49,
            "gross_profit": 24613,
            "gross_margin": 5.02,
            "gross_margin_4q_avg": 4.64,
            "net_income": -37463,
            "revenue": 490695,
            "common_shares": 1491704,
            "book_valuer_per_share": 7.14,
            "book_valuer_per_share_4q_avg": 7.54,
            "equity": 1230815,
            "current_ratio": 83.56,
            "debt_ratio": 56.03,
            "inventory_turnover_ratio": 3.77,
            "account_receivable_turnover_ratio": 0.65,
            "reinvestment_rate": null,
            "research_to_sale_ratio": null,
            "price_fair": 0,
            "eps_avg_yearly": 0,
            "eps_latest_yearly": 0,
            "eps_growth_yearly": 0
        },
        "20111": {
            "year_quarter": 20111,
            "year": 2011,
            "quarter": 1,
            "eps": -0.06,
            "eps_growth_year": null,
            "eps_4q": -0.41,
            "eps_4q_growth_year": null,
            "roe": -0.81,
            "roe_4q": -5.72,
            "gross_profit": 22144,
            "gross_margin": 4.99,
            "gross_margin_4q_avg": 4.98,
            "net_income": -9989,
            "revenue": 444122,
            "common_shares": 1491704,
            "book_valuer_per_share": 7.15,
            "book_valuer_per_share_4q_avg": 7.41,
            "equity": 1232552,
            "current_ratio": 78.99,
            "debt_ratio": 56.38,
            "inventory_turnover_ratio": 3.87,
            "account_receivable_turnover_ratio": 0.63,
            "reinvestment_rate": null,
            "research_to_sale_ratio": null,
            "price_fair": 0,
            "eps_avg_yearly": 0,
            "eps_latest_yearly": 0,
            "eps_growth_yearly": 0
        },
        "20112": {
            "year_quarter": 20112,
            "year": 2011,
            "quarter": 2,
            "eps": -0.09,
            "eps_growth_year": null,
            "eps_4q": -0.44,
            "eps_4q_growth_year": null,
            "roe": -1.18,
            "roe_4q": -6.22,
            "gross_profit": 23201,
            "gross_margin": 5.77,
            "gross_margin_4q_avg": 5.26,
            "net_income": -14464,
            "revenue": 401761,
            "common_shares": 1491704,
            "book_valuer_per_share": 7.02,
            "book_valuer_per_share_4q_avg": 7.23,
            "equity": 1210521,
            "current_ratio": 80.61,
            "debt_ratio": 54.33,
            "inventory_turnover_ratio": 4.23,
            "account_receivable_turnover_ratio": 0.6,
            "reinvestment_rate": null,
            "research_to_sale_ratio": null,
            "price_fair": 0,
            "eps_avg_yearly": 0,
            "eps_latest_yearly": 0,
            "eps_growth_yearly": 0
        },
        "20113": {
            "year_quarter": 20113,
            "year": 2011,
            "quarter": 3,
            "eps": -0.14,
            "eps_growth_year": null,
            "eps_4q": -0.48,
            "eps_4q_growth_year": null,
            "roe": -2.02,
            "roe_4q": -6.949999999999999,
            "gross_profit": 18789,
            "gross_margin": 4.2,
            "gross_margin_4q_avg": 5,
            "net_income": -24756,
            "revenue": 447516,
            "common_shares": 1491704,
            "book_valuer_per_share": 7.16,
            "book_valuer_per_share_4q_avg": 7.12,
            "equity": 1240055,
            "current_ratio": 79.01,
            "debt_ratio": 55.63,
            "inventory_turnover_ratio": 4.24,
            "account_receivable_turnover_ratio": 0.66,
            "reinvestment_rate": null,
            "research_to_sale_ratio": null,
            "price_fair": 0,
            "eps_avg_yearly": 0,
            "eps_latest_yearly": 0,
            "eps_growth_yearly": 0
        },
        "20114": {
            "year_quarter": 20114,
            "year": 2011,
            "quarter": 4,
            "eps": -0.2,
            "eps_growth_year": null,
            "eps_4q": -0.49,
            "eps_4q_growth_year": null,
            "roe": -3.12,
            "roe_4q": -7.130000000000001,
            "gross_profit": 44325,
            "gross_margin": 8.86,
            "gross_margin_4q_avg": 5.96,
            "net_income": -38061,
            "revenue": 500220,
            "common_shares": 1491704,
            "book_valuer_per_share": 6.96,
            "book_valuer_per_share_4q_avg": 7.07,
            "equity": 1201427,
            "current_ratio": 78.34,
            "debt_ratio": 56.71,
            "inventory_turnover_ratio": 3.9,
            "account_receivable_turnover_ratio": 0.72,
            "reinvestment_rate": null,
            "research_to_sale_ratio": null,
            "price_fair": 0,
            "eps_avg_yearly": 0,
            "eps_latest_yearly": 0,
            "eps_growth_yearly": 0
        },
        "20121": {
            "year_quarter": 20121,
            "year": 2012,
            "quarter": 1,
            "eps": -0.17,
            "eps_growth_year": null,
            "eps_4q": -0.59,
            "eps_4q_growth_year": null,
            "roe": -2.44,
            "roe_4q": -8.76,
            "gross_profit": 16247,
            "gross_margin": 4.05,
            "gross_margin_4q_avg": 5.72,
            "net_income": -28766,
            "revenue": 401498,
            "common_shares": 1491704,
            "book_valuer_per_share": 6.7,
            "book_valuer_per_share_4q_avg": 6.96,
            "equity": 1153816,
            "current_ratio": 77.26,
            "debt_ratio": 55.87,
            "inventory_turnover_ratio": 3.86,
            "account_receivable_turnover_ratio": 0.63,
            "reinvestment_rate": null,
            "research_to_sale_ratio": null,
            "price_fair": 0,
            "eps_avg_yearly": 0,
            "eps_latest_yearly": 0,
            "eps_growth_yearly": 0
        },
        "20122": {
            "year_quarter": 20122,
            "year": 2012,
            "quarter": 2,
            "eps": -0.04,
            "eps_growth_year": null,
            "eps_4q": -0.55,
            "eps_4q_growth_year": null,
            "roe": -1.19,
            "roe_4q": -8.77,
            "gross_profit": 34490,
            "gross_margin": 8.36,
            "gross_margin_4q_avg": 6.37,
            "net_income": -13625,
            "revenue": 412639,
            "common_shares": 1491704,
            "book_valuer_per_share": 6.66,
            "book_valuer_per_share_4q_avg": 6.87,
            "equity": 1142450,
            "current_ratio": 77.3,
            "debt_ratio": 55.63,
            "inventory_turnover_ratio": 4.31,
            "account_receivable_turnover_ratio": 0.75,
            "reinvestment_rate": null,
            "research_to_sale_ratio": null,
            "price_fair": 0,
            "eps_avg_yearly": 0,
            "eps_latest_yearly": 0,
            "eps_growth_yearly": 0
        },
        "20123": {
            "year_quarter": 20123,
            "year": 2012,
            "quarter": 3,
            "eps": -0.1,
            "eps_growth_year": null,
            "eps_4q": -0.51,
            "eps_4q_growth_year": null,
            "roe": -1.73,
            "roe_4q": -8.48,
            "gross_profit": 23881,
            "gross_margin": 5.87,
            "gross_margin_4q_avg": 6.79,
            "net_income": -19526,
            "revenue": 406953,
            "common_shares": 1491704,
            "book_valuer_per_share": 6.53,
            "book_valuer_per_share_4q_avg": 6.71,
            "equity": 1116773,
            "current_ratio": 82.72,
            "debt_ratio": 54.94,
            "inventory_turnover_ratio": 4.38,
            "account_receivable_turnover_ratio": 0.77,
            "reinvestment_rate": null,
            "research_to_sale_ratio": null,
            "price_fair": 0,
            "eps_avg_yearly": 0,
            "eps_latest_yearly": 0,
            "eps_growth_yearly": 0
        },
        "20124": {
            "year_quarter": 20124,
            "year": 2012,
            "quarter": 4,
            "eps": -0.15,
            "eps_growth_year": null,
            "eps_4q": -0.46,
            "eps_4q_growth_year": null,
            "roe": -2.54,
            "roe_4q": -7.899999999999999,
            "gross_profit": 26188,
            "gross_margin": 6.54,
            "gross_margin_4q_avg": 6.21,
            "net_income": -27999,
            "revenue": 400544,
            "common_shares": 1491704,
            "book_valuer_per_share": 6.35,
            "book_valuer_per_share_4q_avg": 6.56,
            "equity": 1084762,
            "current_ratio": 81.23,
            "debt_ratio": 55.19,
            "inventory_turnover_ratio": 4.58,
            "account_receivable_turnover_ratio": 0.77,
            "reinvestment_rate": null,
            "research_to_sale_ratio": null,
            "price_fair": 0,
            "eps_avg_yearly": 0,
            "eps_latest_yearly": 0,
            "eps_growth_yearly": 0
        },
        "20131": {
            "year_quarter": 20131,
            "year": 2013,
            "quarter": 1,
            "eps": -0.63,
            "eps_growth_year": null,
            "eps_4q": -0.93,
            "eps_4q_growth_year": null,
            "roe": -14.09,
            "roe_4q": -19.55,
            "gross_profit": 9785,
            "gross_margin": 2.94,
            "gross_margin_4q_avg": 5.93,
            "net_income": -140077,
            "revenue": 333388,
            "common_shares": 1491704,
            "book_valuer_per_share": 5.42,
            "book_valuer_per_share_4q_avg": 6.24,
            "equity": 904254,
            "current_ratio": 61.65,
            "debt_ratio": 60.03,
            "inventory_turnover_ratio": 4.65,
            "account_receivable_turnover_ratio": 0.73,
            "reinvestment_rate": null,
            "research_to_sale_ratio": null,
            "price_fair": 0,
            "eps_avg_yearly": 0,
            "eps_latest_yearly": 0,
            "eps_growth_yearly": 0
        },
        "20132": {
            "year_quarter": 20132,
            "year": 2013,
            "quarter": 2,
            "eps": -0.1,
            "eps_growth_year": null,
            "eps_4q": -0.98,
            "eps_4q_growth_year": null,
            "roe": -2.22,
            "roe_4q": -20.58,
            "gross_profit": 17255,
            "gross_margin": 5.21,
            "gross_margin_4q_avg": 5.14,
            "net_income": -19958,
            "revenue": 331241,
            "common_shares": 1491704,
            "book_valuer_per_share": 5.39,
            "book_valuer_per_share_4q_avg": 5.92,
            "equity": 895537,
            "current_ratio": 55.49,
            "debt_ratio": 61.55,
            "inventory_turnover_ratio": 5.57,
            "account_receivable_turnover_ratio": 0.84,
            "reinvestment_rate": null,
            "research_to_sale_ratio": null,
            "price_fair": 0,
            "eps_avg_yearly": 0,
            "eps_latest_yearly": 0,
            "eps_growth_yearly": 0
        },
        "20133": {
            "year_quarter": 20133,
            "year": 2013,
            "quarter": 3,
            "eps": -0.19,
            "eps_growth_year": null,
            "eps_4q": -1.07,
            "eps_4q_growth_year": null,
            "roe": -4.05,
            "roe_4q": -22.9,
            "gross_profit": 8898,
            "gross_margin": 2.74,
            "gross_margin_4q_avg": 4.36,
            "net_income": -32579,
            "revenue": 325332,
            "common_shares": 1491704,
            "book_valuer_per_share": 4.81,
            "book_valuer_per_share_4q_avg": 5.49,
            "equity": 713226,
            "current_ratio": 54.58,
            "debt_ratio": 66.77,
            "inventory_turnover_ratio": 5.37,
            "account_receivable_turnover_ratio": 0.84,
            "reinvestment_rate": null,
            "research_to_sale_ratio": null,
            "price_fair": 0,
            "eps_avg_yearly": 0,
            "eps_latest_yearly": 0,
            "eps_growth_yearly": 0
        },
        "20134": {
            "year_quarter": 20134,
            "year": 2013,
            "quarter": 4,
            "eps": -0.14,
            "eps_growth_year": null,
            "eps_4q": -1.06,
            "eps_4q_growth_year": null,
            "roe": -3.02,
            "roe_4q": -23.380000000000003,
            "gross_profit": 17363,
            "gross_margin": 4.98,
            "gross_margin_4q_avg": 3.97,
            "net_income": -21409,
            "revenue": 348817,
            "common_shares": 1491704,
            "book_valuer_per_share": 4.74,
            "book_valuer_per_share_4q_avg": 5.09,
            "equity": 703367,
            "current_ratio": 56.96,
            "debt_ratio": 67.73,
            "inventory_turnover_ratio": 4.25,
            "account_receivable_turnover_ratio": 0.89,
            "reinvestment_rate": null,
            "research_to_sale_ratio": null,
            "price_fair": 0,
            "eps_avg_yearly": 0,
            "eps_latest_yearly": 0,
            "eps_growth_yearly": 0
        },
        "20141": {
            "year_quarter": 20141,
            "year": 2014,
            "quarter": 1,
            "eps": -0.05,
            "eps_growth_year": null,
            "eps_4q": -0.48,
            "eps_4q_growth_year": null,
            "roe": -1.2,
            "roe_4q": -10.49,
            "gross_profit": 8365,
            "gross_margin": 2.52,
            "gross_margin_4q_avg": 3.86,
            "net_income": -8371,
            "revenue": 331725,
            "common_shares": 1491704,
            "book_valuer_per_share": 4.68,
            "book_valuer_per_share_4q_avg": 4.91,
            "equity": 693739,
            "current_ratio": 60.96,
            "debt_ratio": 68.87,
            "inventory_turnover_ratio": 3.89,
            "account_receivable_turnover_ratio": 0.86,
            "reinvestment_rate": null,
            "research_to_sale_ratio": null,
            "price_fair": 0,
            "eps_avg_yearly": 0,
            "eps_latest_yearly": 0,
            "eps_growth_yearly": 0
        },
        "20142": {
            "year_quarter": 20142,
            "year": 2014,
            "quarter": 2,
            "eps": -0.34,
            "eps_growth_year": null,
            "eps_4q": -0.72,
            "eps_4q_growth_year": null,
            "roe": -9.27,
            "roe_4q": -17.54,
            "gross_profit": 14894,
            "gross_margin": 4.62,
            "gross_margin_4q_avg": 3.72,
            "net_income": -61157,
            "revenue": 322123,
            "common_shares": 1491704,
            "book_valuer_per_share": 4.29,
            "book_valuer_per_share_4q_avg": 4.63,
            "equity": 625863,
            "current_ratio": 48.96,
            "debt_ratio": 68.45,
            "inventory_turnover_ratio": 4.19,
            "account_receivable_turnover_ratio": 0.93,
            "reinvestment_rate": null,
            "research_to_sale_ratio": null,
            "price_fair": 0,
            "eps_avg_yearly": 0,
            "eps_latest_yearly": 0,
            "eps_growth_yearly": 0
        },
        "20143": {
            "year_quarter": 20143,
            "year": 2014,
            "quarter": 3,
            "eps": -0.36,
            "eps_growth_year": null,
            "eps_4q": -0.9,
            "eps_4q_growth_year": null,
            "roe": -10.67,
            "roe_4q": -24.159999999999997,
            "gross_profit": 967,
            "gross_margin": 0.32,
            "gross_margin_4q_avg": 3.11,
            "net_income": -63773,
            "revenue": 301615,
            "common_shares": 1491704,
            "book_valuer_per_share": 3.99,
            "book_valuer_per_share_4q_avg": 4.43,
            "equity": 569564,
            "current_ratio": 44,
            "debt_ratio": 70.64,
            "inventory_turnover_ratio": 4.73,
            "account_receivable_turnover_ratio": 1,
            "reinvestment_rate": null,
            "research_to_sale_ratio": null,
            "price_fair": 0,
            "eps_avg_yearly": 0,
            "eps_latest_yearly": 0,
            "eps_growth_yearly": 0
        },
        "20144": {
            "year_quarter": 20144,
            "year": 2014,
            "quarter": 4,
            "eps": -0.17,
            "eps_growth_year": null,
            "eps_4q": -0.92,
            "eps_4q_growth_year": null,
            "roe": -4.58,
            "roe_4q": -25.72,
            "gross_profit": 8290,
            "gross_margin": 2.83,
            "gross_margin_4q_avg": 2.57,
            "net_income": -25733,
            "revenue": 292765,
            "common_shares": 1491704,
            "book_valuer_per_share": 3.89,
            "book_valuer_per_share_4q_avg": 4.21,
            "equity": 554229,
            "current_ratio": 41.42,
            "debt_ratio": 71.16,
            "inventory_turnover_ratio": 4.56,
            "account_receivable_turnover_ratio": 1.1,
            "reinvestment_rate": null,
            "research_to_sale_ratio": null,
            "price_fair": 0,
            "eps_avg_yearly": 0,
            "eps_latest_yearly": 0,
            "eps_growth_yearly": 0
        },
        "20151": {
            "year_quarter": 20151,
            "year": 2015,
            "quarter": 1,
            "eps": -0.1,
            "eps_growth_year": null,
            "eps_4q": -1.46,
            "eps_4q_growth_year": null,
            "roe": -1.8,
            "roe_4q": -26.32,
            "gross_profit": 3524,
            "gross_margin": 1.27,
            "gross_margin_4q_avg": 2.26,
            "net_income": -9909,
            "revenue": 276813,
            "common_shares": 958000,
            "book_valuer_per_share": 5.94,
            "book_valuer_per_share_4q_avg": 4.53,
            "equity": 545314,
            "current_ratio": 50.44,
            "debt_ratio": 73.64,
            "inventory_turnover_ratio": 4.44,
            "account_receivable_turnover_ratio": 1.13,
            "reinvestment_rate": null,
            "research_to_sale_ratio": null,
            "price_fair": 0,
            "eps_avg_yearly": 0,
            "eps_latest_yearly": 0,
            "eps_growth_yearly": 0
        },
        "20152": {
            "year_quarter": 20152,
            "year": 2015,
            "quarter": 2,
            "eps": -0.33,
            "eps_growth_year": null,
            "eps_4q": -1.03,
            "eps_4q_growth_year": null,
            "roe": -5.47,
            "roe_4q": -22.52,
            "gross_profit": 1467,
            "gross_margin": 0.54,
            "gross_margin_4q_avg": 1.24,
            "net_income": -36614,
            "revenue": 269865,
            "common_shares": 1218000,
            "book_valuer_per_share": 6.72,
            "book_valuer_per_share_4q_avg": 5.14,
            "equity": 794586,
            "current_ratio": 76.31,
            "debt_ratio": 63.08,
            "inventory_turnover_ratio": 4.52,
            "account_receivable_turnover_ratio": 1.13,
            "reinvestment_rate": null,
            "research_to_sale_ratio": null,
            "price_fair": 0,
            "eps_avg_yearly": 0,
            "eps_latest_yearly": 0,
            "eps_growth_yearly": 0
        },
        "20153": {
            "year_quarter": 20153,
            "year": 2015,
            "quarter": 3,
            "eps": -0.32,
            "eps_growth_year": null,
            "eps_4q": -0.67,
            "eps_4q_growth_year": null,
            "roe": -4.18,
            "roe_4q": -16.03,
            "gross_profit": -8269,
            "gross_margin": -2.82,
            "gross_margin_4q_avg": 0.46,
            "net_income": -42754,
            "revenue": 293461,
            "common_shares": 1688000,
            "book_valuer_per_share": 7.56,
            "book_valuer_per_share_4q_avg": 6.03,
            "equity": 1250381,
            "current_ratio": 132.38,
            "debt_ratio": 47.51,
            "inventory_turnover_ratio": 4.64,
            "account_receivable_turnover_ratio": 1.17,
            "reinvestment_rate": null,
            "research_to_sale_ratio": null,
            "price_fair": 0,
            "eps_avg_yearly": 0,
            "eps_latest_yearly": 0,
            "eps_growth_yearly": 0
        },
        "20154": {
            "year_quarter": 20154,
            "year": 2015,
            "quarter": 4,
            "eps": -1.34,
            "eps_growth_year": null,
            "eps_4q": -1.86,
            "eps_4q_growth_year": null,
            "roe": -20.25,
            "roe_4q": -31.7,
            "gross_profit": -2402,
            "gross_margin": -0.8,
            "gross_margin_4q_avg": -0.45,
            "net_income": -229825,
            "revenue": 298769,
            "common_shares": 1688000,
            "book_valuer_per_share": 6.21,
            "book_valuer_per_share_4q_avg": 6.61,
            "equity": 1019800,
            "current_ratio": 132.44,
            "debt_ratio": 50.26,
            "inventory_turnover_ratio": 4.45,
            "account_receivable_turnover_ratio": 1.14,
            "reinvestment_rate": null,
            "research_to_sale_ratio": null,
            "price_fair": 0,
            "eps_avg_yearly": 0,
            "eps_latest_yearly": 0,
            "eps_growth_yearly": 0
        },
        "20161": {
            "year_quarter": 20161,
            "year": 2016,
            "quarter": 1,
            "eps": -1,
            "eps_growth_year": null,
            "eps_4q": -2.81,
            "eps_4q_growth_year": null,
            "roe": -18.19,
            "roe_4q": -48.089999999999996,
            "gross_profit": 10408,
            "gross_margin": 5.97,
            "gross_margin_4q_avg": 0.72,
            "net_income": -170330,
            "revenue": 174450,
            "common_shares": 1688000,
            "book_valuer_per_share": 5.22,
            "book_valuer_per_share_4q_avg": 6.43,
            "equity": 853355,
            "current_ratio": 174.69,
            "debt_ratio": 53.76,
            "inventory_turnover_ratio": 3.28,
            "account_receivable_turnover_ratio": 0.79,
            "reinvestment_rate": null,
            "research_to_sale_ratio": null,
            "price_fair": 0,
            "eps_avg_yearly": 0,
            "eps_latest_yearly": 0,
            "eps_growth_yearly": 0
        },
        "20162": {
            "year_quarter": 20162,
            "year": 2016,
            "quarter": 2,
            "eps": 1.79,
            "eps_growth_year": null,
            "eps_4q": -0.8,
            "eps_4q_growth_year": null,
            "roe": 30.6,
            "roe_4q": -12.02,
            "gross_profit": 11817,
            "gross_margin": 7.8,
            "gross_margin_4q_avg": 2.54,
            "net_income": 302582,
            "revenue": 151413,
            "common_shares": 1688000,
            "book_valuer_per_share": 6.66,
            "book_valuer_per_share_4q_avg": 6.41,
            "equity": 1124008,
            "current_ratio": 431.35,
            "debt_ratio": 18.4,
            "inventory_turnover_ratio": 4.97,
            "account_receivable_turnover_ratio": 1.01,
            "reinvestment_rate": null,
            "research_to_sale_ratio": null,
            "price_fair": 0,
            "eps_avg_yearly": 0,
            "eps_latest_yearly": 0,
            "eps_growth_yearly": 0
        },
        "20163": {
            "year_quarter": 20163,
            "year": 2016,
            "quarter": 3,
            "eps": -0.02,
            "eps_growth_year": null,
            "eps_4q": -0.57,
            "eps_4q_growth_year": null,
            "roe": -0.28,
            "roe_4q": -8.120000000000001,
            "gross_profit": 15213,
            "gross_margin": 9.1,
            "gross_margin_4q_avg": 5.52,
            "net_income": -3187,
            "revenue": 167190,
            "common_shares": 1688000,
            "book_valuer_per_share": 6.6,
            "book_valuer_per_share_4q_avg": 6.17,
            "equity": 1113783,
            "current_ratio": 336.65,
            "debt_ratio": 19.51,
            "inventory_turnover_ratio": 5.23,
            "account_receivable_turnover_ratio": 1.29,
            "reinvestment_rate": null,
            "research_to_sale_ratio": null,
            "price_fair": 0,
            "eps_avg_yearly": 0,
            "eps_latest_yearly": 0,
            "eps_growth_yearly": 0
        },
        "20164": {
            "year_quarter": 20164,
            "year": 2016,
            "quarter": 4,
            "eps": 0.03,
            "eps_growth_year": null,
            "eps_4q": 0.8,
            "eps_4q_growth_year": null,
            "roe": 0.47,
            "roe_4q": 12.600000000000001,
            "gross_profit": 26509,
            "gross_margin": 13.3,
            "gross_margin_4q_avg": 9.04,
            "net_income": 5266,
            "revenue": 199300,
            "common_shares": 1688000,
            "book_valuer_per_share": 6.59,
            "book_valuer_per_share_4q_avg": 6.27,
            "equity": 1113129,
            "current_ratio": 258.67,
            "debt_ratio": 21.06,
            "inventory_turnover_ratio": 4.71,
            "account_receivable_turnover_ratio": 1.34,
            "reinvestment_rate": null,
            "research_to_sale_ratio": null,
            "price_fair": 0,
            "eps_avg_yearly": 0,
            "eps_latest_yearly": 0,
            "eps_growth_yearly": 0
        },
        "20171": {
            "year_quarter": 20171,
            "year": 2017,
            "quarter": 1,
            "eps": -0.05,
            "eps_growth_year": null,
            "eps_4q": 1.75,
            "eps_4q_growth_year": null,
            "roe": -0.82,
            "roe_4q": 29.970000000000002,
            "gross_profit": 21896,
            "gross_margin": 12.47,
            "gross_margin_4q_avg": 10.67,
            "net_income": -9280,
            "revenue": 175566,
            "common_shares": 1688000,
            "book_valuer_per_share": 6.79,
            "book_valuer_per_share_4q_avg": 6.66,
            "equity": 1145825,
            "current_ratio": 276.95,
            "debt_ratio": 18.43,
            "inventory_turnover_ratio": 3.92,
            "account_receivable_turnover_ratio": 1.15,
            "reinvestment_rate": null,
            "research_to_sale_ratio": null,
            "price_fair": 0,
            "eps_avg_yearly": 0,
            "eps_latest_yearly": 0,
            "eps_growth_yearly": 0
        },
        "20172": {
            "year_quarter": 20172,
            "year": 2017,
            "quarter": 2,
            "eps": 0,
            "eps_growth_year": -100,
            "eps_4q": -0.04,
            "eps_4q_growth_year": null,
            "roe": 0.02,
            "roe_4q": -0.61,
            "gross_profit": 15558,
            "gross_margin": 9.8,
            "gross_margin_4q_avg": 11.17,
            "net_income": 204,
            "revenue": 158710,
            "common_shares": 1688000,
            "book_valuer_per_share": 6.68,
            "book_valuer_per_share_4q_avg": 6.67,
            "equity": 1127878,
            "current_ratio": 302.54,
            "debt_ratio": 17.34,
            "inventory_turnover_ratio": 3.62,
            "account_receivable_turnover_ratio": 1.14,
            "reinvestment_rate": null,
            "research_to_sale_ratio": null,
            "price_fair": 0,
            "eps_avg_yearly": 0,
            "eps_latest_yearly": 0,
            "eps_growth_yearly": 0
        },
        "20173": {
            "year_quarter": 20173,
            "year": 2017,
            "quarter": 3,
            "eps": 0.04,
            "eps_growth_year": null,
            "eps_4q": 0.02,
            "eps_4q_growth_year": null,
            "roe": 0.61,
            "roe_4q": 0.28,
            "gross_profit": 19766,
            "gross_margin": 10.17,
            "gross_margin_4q_avg": 11.44,
            "net_income": 6829,
            "revenue": 194440,
            "common_shares": 1688000,
            "book_valuer_per_share": 6.55,
            "book_valuer_per_share_4q_avg": 6.65,
            "equity": 1105629,
            "current_ratio": 281.25,
            "debt_ratio": 18.69,
            "inventory_turnover_ratio": 3.97,
            "account_receivable_turnover_ratio": 1.35,
            "reinvestment_rate": null,
            "research_to_sale_ratio": null,
            "price_fair": 0,
            "eps_avg_yearly": 0,
            "eps_latest_yearly": 0,
            "eps_growth_yearly": 0
        },
        "20174": {
            "year_quarter": 20174,
            "year": 2017,
            "quarter": 4,
            "eps": 0.03,
            "eps_growth_year": 7.4,
            "eps_4q": 0.02,
            "eps_4q_growth_year": -97.47,
            "roe": 0.51,
            "roe_4q": 0.3200000000000002,
            "gross_profit": 21444,
            "gross_margin": 10.41,
            "gross_margin_4q_avg": 10.71,
            "net_income": 5656,
            "revenue": 206003,
            "common_shares": 1688000,
            "book_valuer_per_share": 6.47,
            "book_valuer_per_share_4q_avg": 6.62,
            "equity": 1091884,
            "current_ratio": 260.79,
            "debt_ratio": 20.27,
            "inventory_turnover_ratio": 3.76,
            "account_receivable_turnover_ratio": 1.27,
            "reinvestment_rate": null,
            "research_to_sale_ratio": null,
            "price_fair": 0.36,
            "eps_avg_yearly": 0.12,
            "eps_latest_yearly": 0.12,
            "eps_growth_yearly": -100
        },
        "20181": {
            "year_quarter": 20181,
            "year": 2018,
            "quarter": 1,
            "eps": -0.01,
            "eps_growth_year": null,
            "eps_4q": 0.07,
            "eps_4q_growth_year": -96.14,
            "roe": -0.12,
            "roe_4q": 1.02,
            "gross_profit": 19248,
            "gross_margin": 10.58,
            "gross_margin_4q_avg": 10.24,
            "net_income": -1280,
            "revenue": 181952,
            "common_shares": 1688000,
            "book_valuer_per_share": 6.48,
            "book_valuer_per_share_4q_avg": 6.55,
            "equity": 1093981,
            "current_ratio": 294.27,
            "debt_ratio": 17.68,
            "inventory_turnover_ratio": 2.95,
            "account_receivable_turnover_ratio": 1.16,
            "reinvestment_rate": null,
            "research_to_sale_ratio": null,
            "price_fair": 0.36,
            "eps_avg_yearly": 0.12,
            "eps_latest_yearly": 0.12,
            "eps_growth_yearly": -100
        },
        "20182": {
            "year_quarter": 20182,
            "year": 2018,
            "quarter": 2,
            "eps": 0.05,
            "eps_growth_year": null,
            "eps_4q": 0.11,
            "eps_4q_growth_year": null,
            "roe": 0.67,
            "roe_4q": 1.67,
            "gross_profit": 9641,
            "gross_margin": 5.86,
            "gross_margin_4q_avg": 9.26,
            "net_income": 7425,
            "revenue": 164570,
            "common_shares": 1688000,
            "book_valuer_per_share": 6.67,
            "book_valuer_per_share_4q_avg": 6.54,
            "equity": 1126174,
            "current_ratio": 327.01,
            "debt_ratio": 17.19,
            "inventory_turnover_ratio": 2.64,
            "account_receivable_turnover_ratio": 1.17,
            "reinvestment_rate": null,
            "research_to_sale_ratio": null,
            "price_fair": 0.36,
            "eps_avg_yearly": 0.12,
            "eps_latest_yearly": 0.12,
            "eps_growth_yearly": -100
        },
        "20183": {
            "year_quarter": 20183,
            "year": 2018,
            "quarter": 3,
            "eps": 0.03,
            "eps_growth_year": -25,
            "eps_4q": 0.1,
            "eps_4q_growth_year": 470.46,
            "roe": 0.48,
            "roe_4q": 1.5399999999999998,
            "gross_profit": 17184,
            "gross_margin": 9.77,
            "gross_margin_4q_avg": 9.16,
            "net_income": 5421,
            "revenue": 175808,
            "common_shares": 1688000,
            "book_valuer_per_share": 6.57,
            "book_valuer_per_share_4q_avg": 6.55,
            "equity": 1109326,
            "current_ratio": 311.81,
            "debt_ratio": 18.18,
            "inventory_turnover_ratio": 2.58,
            "account_receivable_turnover_ratio": 1.27,
            "reinvestment_rate": null,
            "research_to_sale_ratio": null,
            "price_fair": 0.36,
            "eps_avg_yearly": 0.12,
            "eps_latest_yearly": 0.12,
            "eps_growth_yearly": -130
        },
        "20184": {
            "year_quarter": 20184,
            "year": 2018,
            "quarter": 4,
            "eps": 0.25,
            "eps_growth_year": 645.55,
            "eps_4q": 0.32,
            "eps_4q_growth_year": 1476.28,
            "roe": 3.63,
            "roe_4q": 4.659999999999999,
            "gross_profit": 44154,
            "gross_margin": 16.42,
            "gross_margin_4q_avg": 10.66,
            "net_income": 41888,
            "revenue": 268985,
            "common_shares": 1688000,
            "book_valuer_per_share": 6.5,
            "book_valuer_per_share_4q_avg": 6.56,
            "equity": 1195876,
            "current_ratio": 130.62,
            "debt_ratio": 45.43,
            "inventory_turnover_ratio": 3.66,
            "account_receivable_turnover_ratio": 1.32,
            "reinvestment_rate": null,
            "research_to_sale_ratio": null,
            "price_fair": 14.47,
            "eps_avg_yearly": 0.41,
            "eps_latest_yearly": 1,
            "eps_growth_yearly": 891.11
        },
        "20191": {
            "year_quarter": 20191,
            "year": 2019,
            "quarter": 1,
            "eps": -0.41,
            "eps_growth_year": null,
            "eps_4q": -0.08,
            "eps_4q_growth_year": -223.22,
            "roe": -7.61,
            "roe_4q": -2.8300000000000005,
            "gross_profit": -22539,
            "gross_margin": -7.52,
            "gross_margin_4q_avg": 6.13,
            "net_income": -87386,
            "revenue": 299577,
            "common_shares": 1688000,
            "book_valuer_per_share": 6.1,
            "book_valuer_per_share_4q_avg": 6.46,
            "equity": 1100658,
            "current_ratio": 96.03,
            "debt_ratio": 76.1,
            "inventory_turnover_ratio": 6.17,
            "account_receivable_turnover_ratio": 1.11,
            "reinvestment_rate": null,
            "research_to_sale_ratio": null,
            "price_fair": 14.47,
            "eps_avg_yearly": 0.41,
            "eps_latest_yearly": 1,
            "eps_growth_yearly": 891.11
        },
        "20192": {
            "year_quarter": 20192,
            "year": 2019,
            "quarter": 2,
            "eps": -0.1,
            "eps_growth_year": -300,
            "eps_4q": -0.23,
            "eps_4q_growth_year": -306.48,
            "roe": -3.29,
            "roe_4q": -6.790000000000001,
            "gross_profit": -9851,
            "gross_margin": -3.58,
            "gross_margin_4q_avg": 3.77,
            "net_income": -35687,
            "revenue": 274851,
            "common_shares": 1688000,
            "book_valuer_per_share": 6.03,
            "book_valuer_per_share_4q_avg": 6.3,
            "equity": 1070843,
            "current_ratio": 88.06,
            "debt_ratio": 75.11,
            "inventory_turnover_ratio": 6.16,
            "account_receivable_turnover_ratio": 1,
            "reinvestment_rate": null,
            "research_to_sale_ratio": null,
            "price_fair": 14.47,
            "eps_avg_yearly": 0.41,
            "eps_latest_yearly": 1,
            "eps_growth_yearly": 891.11
        },
        "20193": {
            "year_quarter": 20193,
            "year": 2019,
            "quarter": 3,
            "eps": -0.29,
            "eps_growth_year": -1066.67,
            "eps_4q": -0.55,
            "eps_4q_growth_year": -634.9,
            "roe": -6.91,
            "roe_4q": -14.18,
            "gross_profit": -6310,
            "gross_margin": -2.17,
            "gross_margin_4q_avg": 0.79,
            "net_income": -71825,
            "revenue": 290757,
            "common_shares": 1688000,
            "book_valuer_per_share": 5.79,
            "book_valuer_per_share_4q_avg": 6.11,
            "equity": 1007369,
            "current_ratio": 82.1,
            "debt_ratio": 75.37,
            "inventory_turnover_ratio": 6.29,
            "account_receivable_turnover_ratio": 1.06,
            "reinvestment_rate": null,
            "research_to_sale_ratio": null,
            "price_fair": 14.47,
            "eps_avg_yearly": 0.41,
            "eps_latest_yearly": 1,
            "eps_growth_yearly": 891.11
        },
        "20194": {
            "year_quarter": 20194,
            "year": 2019,
            "quarter": 4,
            "eps": -0.68,
            "eps_growth_year": -373.72,
            "eps_4q": -1.48,
            "eps_4q_growth_year": -564.72,
            "roe": -17.63,
            "roe_4q": -35.44,
            "gross_profit": 16930,
            "gross_margin": 5.27,
            "gross_margin_4q_avg": -2,
            "net_income": -171618,
            "revenue": 321155,
            "common_shares": 1688000,
            "book_valuer_per_share": 5.45,
            "book_valuer_per_share_4q_avg": 5.84,
            "equity": 939721,
            "current_ratio": 71.35,
            "debt_ratio": 75.86,
            "inventory_turnover_ratio": 6.05,
            "account_receivable_turnover_ratio": 1.42,
            "reinvestment_rate": null,
            "research_to_sale_ratio": null,
            "price_fair": 14.47,
            "eps_avg_yearly": 0.41,
            "eps_latest_yearly": 1,
            "eps_growth_yearly": 891.11
        },
        "20201": {
            "year_quarter": 20201,
            "year": 2020,
            "quarter": 1,
            "eps": 0.21,
            "eps_growth_year": null,
            "eps_4q": -0.86,
            "eps_4q_growth_year": null,
            "roe": 5.58,
            "roe_4q": -22.25,
            "gross_profit": 9131,
            "gross_margin": 3.49,
            "gross_margin_4q_avg": 0.75,
            "net_income": 53403,
            "revenue": 261615,
            "common_shares": 1688000,
            "book_valuer_per_share": 5.31,
            "book_valuer_per_share_4q_avg": 5.65,
            "equity": 974797,
            "current_ratio": 119.17,
            "debt_ratio": 64.76,
            "inventory_turnover_ratio": 5.99,
            "account_receivable_turnover_ratio": 1.59,
            "reinvestment_rate": -313.22,
            "research_to_sale_ratio": null,
            "price_fair": 14.47,
            "eps_avg_yearly": 0.41,
            "eps_latest_yearly": 1,
            "eps_growth_yearly": 891.11
        },
        "20202": {
            "year_quarter": 20202,
            "year": 2020,
            "quarter": 2,
            "eps": 5.26,
            "eps_growth_year": null,
            "eps_4q": 4.5,
            "eps_4q_growth_year": null,
            "roe": 62.95,
            "roe_4q": 43.99000000000001,
            "gross_profit": 27752,
            "gross_margin": 20.11,
            "gross_margin_4q_avg": 6.68,
            "net_income": 890401,
            "revenue": 138005,
            "common_shares": 1688000,
            "book_valuer_per_share": 10.51,
            "book_valuer_per_share_4q_avg": 6.77,
            "equity": 1854182,
            "current_ratio": 186.32,
            "debt_ratio": 43.71,
            "inventory_turnover_ratio": 3.06,
            "account_receivable_turnover_ratio": 1.05,
            "reinvestment_rate": -62.22,
            "research_to_sale_ratio": null,
            "price_fair": 194.95,
            "eps_avg_yearly": 5.57,
            "eps_latest_yearly": 21.04,
            "eps_growth_yearly": 3073.1
        },
        "20203": {
            "year_quarter": 20203,
            "year": 2020,
            "quarter": 3,
            "eps": 0.1,
            "eps_growth_year": null,
            "eps_4q": 4.89,
            "eps_4q_growth_year": null,
            "roe": 1.03,
            "roe_4q": 51.93000000000001,
            "gross_profit": 41370,
            "gross_margin": 24.97,
            "gross_margin_4q_avg": 13.46,
            "net_income": 19348,
            "revenue": 165679,
            "common_shares": 1688000,
            "book_valuer_per_share": 10.69,
            "book_valuer_per_share_4q_avg": 7.99,
            "equity": 1896704,
            "current_ratio": 235.77,
            "debt_ratio": 36.27,
            "inventory_turnover_ratio": 2.74,
            "account_receivable_turnover_ratio": 1.41,
            "reinvestment_rate": -70.81,
            "research_to_sale_ratio": null,
            "price_fair": 158.76,
            "eps_avg_yearly": 4.54,
            "eps_latest_yearly": 0.4,
            "eps_growth_yearly": 2380
        },
        "20204": {
            "year_quarter": 20204,
            "year": 2020,
            "quarter": 4,
            "eps": -0.88,
            "eps_growth_year": null,
            "eps_4q": 8.42,
            "eps_4q_growth_year": null,
            "roe": -6.09,
            "roe_4q": 63.47,
            "gross_profit": 42479,
            "gross_margin": 23,
            "gross_margin_4q_avg": 17.89,
            "net_income": -92890,
            "revenue": 184698,
            "common_shares": 1012800,
            "book_valuer_per_share": 10.53,
            "book_valuer_per_share_4q_avg": 9.26,
            "equity": 1154440,
            "current_ratio": 100.51,
            "debt_ratio": 47.23,
            "inventory_turnover_ratio": 2.65,
            "account_receivable_turnover_ratio": 1.52,
            "reinvestment_rate": -95.62,
            "research_to_sale_ratio": null,
            "price_fair": 158.76,
            "eps_avg_yearly": 4.54,
            "eps_latest_yearly": 0.4,
            "eps_growth_yearly": 2380
        },
        "20211": {
            "year_quarter": 20211,
            "year": 2021,
            "quarter": 1,
            "eps": 0.03,
            "eps_growth_year": -85.71,
            "eps_4q": 8.1,
            "eps_4q_growth_year": null,
            "roe": 0.24,
            "roe_4q": 58.13,
            "gross_profit": 19371,
            "gross_margin": 12.86,
            "gross_margin_4q_avg": 20.24,
            "net_income": 2750,
            "revenue": 150645,
            "common_shares": 1012800,
            "book_valuer_per_share": 10.32,
            "book_valuer_per_share_4q_avg": 10.51,
            "equity": 1131958,
            "current_ratio": 102.94,
            "debt_ratio": 45.61,
            "inventory_turnover_ratio": 2.64,
            "account_receivable_turnover_ratio": 1.26,
            "reinvestment_rate": -103.83,
            "research_to_sale_ratio": null,
            "price_fair": 158.76,
            "eps_avg_yearly": 4.54,
            "eps_latest_yearly": 0.4,
            "eps_growth_yearly": 2380
        },
        "20212": {
            "year_quarter": 20212,
            "year": 2021,
            "quarter": 2,
            "eps": 0.03,
            "eps_growth_year": -99.43,
            "eps_4q": -0.64,
            "eps_4q_growth_year": -114.21,
            "roe": 0.33,
            "roe_4q": -4.489999999999999,
            "gross_profit": 20726,
            "gross_margin": 15.14,
            "gross_margin_4q_avg": 18.99,
            "net_income": 3705,
            "revenue": 136881,
            "common_shares": 1012800,
            "book_valuer_per_share": 10.34,
            "book_valuer_per_share_4q_avg": 10.47,
            "equity": 1135097,
            "current_ratio": 106.13,
            "debt_ratio": 44.22,
            "inventory_turnover_ratio": 2.6,
            "account_receivable_turnover_ratio": 1.24,
            "reinvestment_rate": -100.53,
            "research_to_sale_ratio": null,
            "price_fair": 133,
            "eps_avg_yearly": 3.8,
            "eps_latest_yearly": 0.12,
            "eps_growth_yearly": 1983.33
        },
        "20213": {
            "year_quarter": 20213,
            "year": 2021,
            "quarter": 3,
            "eps": 0.03,
            "eps_growth_year": -70,
            "eps_4q": -0.79,
            "eps_4q_growth_year": -116.08,
            "roe": 0.27,
            "roe_4q": -5.25,
            "gross_profit": 20899,
            "gross_margin": 15.69,
            "gross_margin_4q_avg": 16.67,
            "net_income": 2976,
            "revenue": 133229,
            "common_shares": 1012800,
            "book_valuer_per_share": 9.93,
            "book_valuer_per_share_4q_avg": 10.28,
            "equity": 1093912,
            "current_ratio": 84.85,
            "debt_ratio": 47.66,
            "inventory_turnover_ratio": 2.31,
            "account_receivable_turnover_ratio": 1.29,
            "reinvestment_rate": -96.54,
            "research_to_sale_ratio": null,
            "price_fair": 114.6,
            "eps_avg_yearly": 3.27,
            "eps_latest_yearly": 0.12,
            "eps_growth_yearly": 1700
        },
        "20214": {
            "year_quarter": 20214,
            "year": 2021,
            "quarter": 4,
            "eps": -0.05,
            "eps_growth_year": null,
            "eps_4q": 0.05,
            "eps_4q_growth_year": -99.45,
            "roe": -0.76,
            "roe_4q": 0.08000000000000002,
            "gross_profit": 27612,
            "gross_margin": 16.18,
            "gross_margin_4q_avg": 14.97,
            "net_income": -8235,
            "revenue": 170614,
            "common_shares": 1012800,
            "book_valuer_per_share": 9.83,
            "book_valuer_per_share_4q_avg": 10.11,
            "equity": 1079984,
            "current_ratio": 86.79,
            "debt_ratio": 46.22,
            "inventory_turnover_ratio": 2.74,
            "account_receivable_turnover_ratio": 1.42,
            "reinvestment_rate": -94.09,
            "research_to_sale_ratio": null,
            "price_fair": 133,
            "eps_avg_yearly": 3.8,
            "eps_latest_yearly": 0.12,
            "eps_growth_yearly": 2000
        },
        "20221": {
            "year_quarter": 20221,
            "year": 2022,
            "quarter": 1,
            "eps": -1.06,
            "eps_growth_year": -3633.33,
            "eps_4q": -1.04,
            "eps_4q_growth_year": -112.86,
            "roe": -13.3,
            "roe_4q": -13.46,
            "gross_profit": 18429,
            "gross_margin": 12.39,
            "gross_margin_4q_avg": 14.85,
            "net_income": -133999,
            "revenue": 148789,
            "common_shares": 1012800,
            "book_valuer_per_share": 8.67,
            "book_valuer_per_share_4q_avg": 9.69,
            "equity": 935450,
            "current_ratio": 162.59,
            "debt_ratio": 39.49,
            "inventory_turnover_ratio": 2.15,
            "account_receivable_turnover_ratio": 0.75,
            "reinvestment_rate": -76.17,
            "research_to_sale_ratio": null,
            "price_fair": 133,
            "eps_avg_yearly": 3.8,
            "eps_latest_yearly": 0.12,
            "eps_growth_yearly": 2000
        },
        "20222": {
            "year_quarter": 20222,
            "year": 2022,
            "quarter": 2,
            "eps": 0.08,
            "eps_growth_year": 166.67,
            "eps_4q": -0.99,
            "eps_4q_growth_year": null,
            "roe": 0.94,
            "roe_4q": -12.850000000000001,
            "gross_profit": 18302,
            "gross_margin": 14.98,
            "gross_margin_4q_avg": 14.81,
            "net_income": 8774,
            "revenue": 122162,
            "common_shares": 1012800,
            "book_valuer_per_share": 8.61,
            "book_valuer_per_share_4q_avg": 9.26,
            "equity": 929468,
            "current_ratio": 166.6,
            "debt_ratio": 37.1,
            "inventory_turnover_ratio": 1.48,
            "account_receivable_turnover_ratio": 0.49,
            "reinvestment_rate": -74.93,
            "research_to_sale_ratio": null,
            "price_fair": 133,
            "eps_avg_yearly": 3.8,
            "eps_latest_yearly": 0.12,
            "eps_growth_yearly": 2000
        },
        "20223": {
            "year_quarter": 20223,
            "year": 2022,
            "quarter": 3,
            "eps": 0.14,
            "eps_growth_year": 366.67,
            "eps_4q": -0.88,
            "eps_4q_growth_year": null,
            "roe": 1.44,
            "roe_4q": -11.680000000000001,
            "gross_profit": 20609,
            "gross_margin": 14.76,
            "gross_margin_4q_avg": 14.58,
            "net_income": 13337,
            "revenue": 139634,
            "common_shares": 1012800,
            "book_valuer_per_share": 8.59,
            "book_valuer_per_share_4q_avg": 8.93,
            "equity": 927610,
            "current_ratio": 164.98,
            "debt_ratio": 36.75,
            "inventory_turnover_ratio": 1.49,
            "account_receivable_turnover_ratio": 0.82,
            "reinvestment_rate": -72.19,
            "research_to_sale_ratio": null,
            "price_fair": 135.57,
            "eps_avg_yearly": 3.87,
            "eps_latest_yearly": 0.56,
            "eps_growth_yearly": 2076.66
        },
        "20224": {
            "year_quarter": 20224,
            "year": 2022,
            "quarter": 4,
            "eps": 0.02,
            "eps_growth_year": null,
            "eps_4q": -0.82,
            "eps_4q_growth_year": -1865.07,
            "roe": 0.34,
            "roe_4q": -10.580000000000002,
            "gross_profit": 38240,
            "gross_margin": 19.76,
            "gross_margin_4q_avg": 15.47,
            "net_income": 3165,
            "revenue": 193481,
            "common_shares": 1012800,
            "book_valuer_per_share": 8.56,
            "book_valuer_per_share_4q_avg": 8.61,
            "equity": 925336,
            "current_ratio": 168.6,
            "debt_ratio": 34.68,
            "inventory_turnover_ratio": 1.89,
            "account_receivable_turnover_ratio": 1.69,
            "reinvestment_rate": -78.98,
            "research_to_sale_ratio": null,
            "price_fair": 130.2,
            "eps_avg_yearly": 3.72,
            "eps_latest_yearly": 0.08,
            "eps_growth_yearly": 1530.63
        },
        "20231": {
            "year_quarter": 20231,
            "year": 2023,
            "quarter": 1,
            "eps": -0.02,
            "eps_growth_year": null,
            "eps_4q": 0.22,
            "eps_4q_growth_year": null,
            "roe": -0.46,
            "roe_4q": 2.26,
            "gross_profit": 8786,
            "gross_margin": 5.46,
            "gross_margin_4q_avg": 13.74,
            "net_income": -4261,
            "revenue": 160794,
            "common_shares": 1012800,
            "book_valuer_per_share": 8.69,
            "book_valuer_per_share_4q_avg": 8.61,
            "equity": 945825,
            "current_ratio": 171.89,
            "debt_ratio": 31.92,
            "inventory_turnover_ratio": 2.05,
            "account_receivable_turnover_ratio": 1.31,
            "reinvestment_rate": -7.96,
            "research_to_sale_ratio": null,
            "price_fair": 130.2,
            "eps_avg_yearly": 3.72,
            "eps_latest_yearly": 0.08,
            "eps_growth_yearly": 1530.63
        },
        "20232": {
            "year_quarter": 20232,
            "year": 2023,
            "quarter": 2,
            "eps": 0.18,
            "eps_growth_year": 125,
            "eps_4q": 0.32,
            "eps_4q_growth_year": null,
            "roe": 1.94,
            "roe_4q": 3.26,
            "gross_profit": 12446,
            "gross_margin": 8,
            "gross_margin_4q_avg": 12,
            "net_income": 18855,
            "revenue": 155565,
            "common_shares": 1012800,
            "book_valuer_per_share": 9.16,
            "book_valuer_per_share_4q_avg": 8.75,
            "equity": 994613,
            "current_ratio": 188.8,
            "debt_ratio": 28.15,
            "inventory_turnover_ratio": 2,
            "account_receivable_turnover_ratio": 1.28,
            "reinvestment_rate": -7.76,
            "research_to_sale_ratio": null,
            "price_fair": 130.2,
            "eps_avg_yearly": 3.72,
            "eps_latest_yearly": 0.08,
            "eps_growth_yearly": 1530.63
        }
    },
    "months": {
        "2001-06": {
            "month": "2001-06",
            "price": "14.89",
            "revenue": 149099
        },
        "2001-07": {
            "month": "2001-07",
            "price": "13.35",
            "revenue": 135690
        },
        "2001-08": {
            "month": "2001-08",
            "price": "13.76",
            "revenue": 181061
        },
        "2001-09": {
            "month": "2001-09",
            "price": "11.31",
            "revenue": 178072
        },
        "2001-10": {
            "month": "2001-10",
            "price": "10.37",
            "revenue": 193118
        },
        "2001-11": {
            "month": "2001-11",
            "price": "11.52",
            "revenue": 136838
        },
        "2001-12": {
            "month": "2001-12",
            "price": "15.33",
            "revenue": 181961
        },
        "2002-01": {
            "month": "2002-01",
            "price": "17.91",
            "revenue": 126526
        },
        "2002-02": {
            "month": "2002-02",
            "price": "18.36",
            "revenue": 91874
        },
        "2002-03": {
            "month": "2002-03",
            "price": "18.60",
            "revenue": 113692
        },
        "2002-04": {
            "month": "2002-04",
            "price": "19.86",
            "revenue": 129668
        },
        "2002-05": {
            "month": "2002-05",
            "price": "19.47",
            "revenue": 128104
        },
        "2002-06": {
            "month": "2002-06",
            "price": "18.73",
            "revenue": 128890
        },
        "2002-07": {
            "month": "2002-07",
            "price": "13.58",
            "revenue": 130980
        },
        "2002-08": {
            "month": "2002-08",
            "price": "12.73",
            "revenue": 122587
        },
        "2002-09": {
            "month": "2002-09",
            "price": "12.20",
            "revenue": 120347
        },
        "2002-10": {
            "month": "2002-10",
            "price": "9.20",
            "revenue": 143667
        },
        "2002-11": {
            "month": "2002-11",
            "price": "9.51",
            "revenue": 128037
        },
        "2002-12": {
            "month": "2002-12",
            "price": "9.41",
            "revenue": 151138
        },
        "2003-01": {
            "month": "2003-01",
            "price": "9.56",
            "revenue": 134978
        },
        "2003-02": {
            "month": "2003-02",
            "price": "9.36",
            "revenue": 90679
        },
        "2003-03": {
            "month": "2003-03",
            "price": "8.86",
            "revenue": 97231
        },
        "2003-04": {
            "month": "2003-04",
            "price": "8.56",
            "revenue": 97550
        },
        "2003-05": {
            "month": "2003-05",
            "price": "8.00",
            "revenue": 81696
        },
        "2003-06": {
            "month": "2003-06",
            "price": "8.36",
            "revenue": 107947
        },
        "2003-07": {
            "month": "2003-07",
            "price": "8.99",
            "revenue": 128744
        },
        "2003-08": {
            "month": "2003-08",
            "price": "9.40",
            "revenue": 127563
        },
        "2003-09": {
            "month": "2003-09",
            "price": "9.20",
            "revenue": 93820
        },
        "2003-10": {
            "month": "2003-10",
            "price": "9.23",
            "revenue": 107680
        },
        "2003-11": {
            "month": "2003-11",
            "price": "8.69",
            "revenue": 123523
        },
        "2003-12": {
            "month": "2003-12",
            "price": "8.23",
            "revenue": 140053
        },
        "2004-01": {
            "month": "2004-01",
            "price": "8.25",
            "revenue": 113149
        },
        "2004-02": {
            "month": "2004-02",
            "price": "9.48",
            "revenue": 78738
        },
        "2004-03": {
            "month": "2004-03",
            "price": "8.69",
            "revenue": 91185
        },
        "2004-04": {
            "month": "2004-04",
            "price": "7.93",
            "revenue": 111671
        },
        "2004-05": {
            "month": "2004-05",
            "price": "6.81",
            "revenue": 101401
        },
        "2004-06": {
            "month": "2004-06",
            "price": "6.37",
            "revenue": 110891
        },
        "2004-07": {
            "month": "2004-07",
            "price": "5.18",
            "revenue": 114636
        },
        "2004-08": {
            "month": "2004-08",
            "price": "5.42",
            "revenue": 110800
        },
        "2004-09": {
            "month": "2004-09",
            "price": "5.67",
            "revenue": 96759
        },
        "2004-10": {
            "month": "2004-10",
            "price": "5.70",
            "revenue": 112333
        },
        "2004-11": {
            "month": "2004-11",
            "price": "5.55",
            "revenue": 119102
        },
        "2004-12": {
            "month": "2004-12",
            "price": "5.51",
            "revenue": 146578
        },
        "2005-01": {
            "month": "2005-01",
            "price": "5.19",
            "revenue": 121533
        },
        "2005-02": {
            "month": "2005-02",
            "price": "5.25",
            "revenue": 83283
        },
        "2005-03": {
            "month": "2005-03",
            "price": "5.19",
            "revenue": 86966
        },
        "2005-04": {
            "month": "2005-04",
            "price": "4.80",
            "revenue": 93633
        },
        "2005-05": {
            "month": "2005-05",
            "price": "4.67",
            "revenue": 99788
        },
        "2005-06": {
            "month": "2005-06",
            "price": "4.91",
            "revenue": 103964
        },
        "2005-07": {
            "month": "2005-07",
            "price": "5.40",
            "revenue": 106020
        },
        "2005-08": {
            "month": "2005-08",
            "price": "5.20",
            "revenue": 101533
        },
        "2005-09": {
            "month": "2005-09",
            "price": "4.67",
            "revenue": 87735
        },
        "2005-10": {
            "month": "2005-10",
            "price": "4.39",
            "revenue": 96303
        },
        "2005-11": {
            "month": "2005-11",
            "price": "3.97",
            "revenue": 106361
        },
        "2005-12": {
            "month": "2005-12",
            "price": "3.96",
            "revenue": 116163
        },
        "2006-01": {
            "month": "2006-01",
            "price": "3.77",
            "revenue": 90411
        },
        "2006-02": {
            "month": "2006-02",
            "price": "3.88",
            "revenue": 58868
        },
        "2006-03": {
            "month": "2006-03",
            "price": "3.62",
            "revenue": 73723
        },
        "2006-04": {
            "month": "2006-04",
            "price": "4.10",
            "revenue": 75096
        },
        "2006-05": {
            "month": "2006-05",
            "price": "6.65",
            "revenue": 80431
        },
        "2006-06": {
            "month": "2006-06",
            "price": "6.60",
            "revenue": 109576
        },
        "2006-07": {
            "month": "2006-07",
            "price": "5.50",
            "revenue": 83663
        },
        "2006-08": {
            "month": "2006-08",
            "price": "5.64",
            "revenue": 80086
        },
        "2006-09": {
            "month": "2006-09",
            "price": "4.83",
            "revenue": 80240
        },
        "2006-10": {
            "month": "2006-10",
            "price": "5.20",
            "revenue": 87075
        },
        "2006-11": {
            "month": "2006-11",
            "price": "5.81",
            "revenue": 111295
        },
        "2006-12": {
            "month": "2006-12",
            "price": "5.58",
            "revenue": 99595
        },
        "2007-01": {
            "month": "2007-01",
            "price": "4.12",
            "revenue": 77111
        },
        "2007-02": {
            "month": "2007-02",
            "price": "3.94",
            "revenue": 62547
        },
        "2007-03": {
            "month": "2007-03",
            "price": "4.91",
            "revenue": 69312
        },
        "2007-04": {
            "month": "2007-04",
            "price": "4.91",
            "revenue": 65026
        },
        "2007-05": {
            "month": "2007-05",
            "price": "4.37",
            "revenue": 74503
        },
        "2007-06": {
            "month": "2007-06",
            "price": "4.45",
            "revenue": 76766
        },
        "2007-07": {
            "month": "2007-07",
            "price": "5.73",
            "revenue": 74387
        },
        "2007-08": {
            "month": "2007-08",
            "price": "5.13",
            "revenue": 72043
        },
        "2007-09": {
            "month": "2007-09",
            "price": "4.94",
            "revenue": 79112
        },
        "2007-10": {
            "month": "2007-10",
            "price": "4.68",
            "revenue": 131847
        },
        "2007-11": {
            "month": "2007-11",
            "price": "4.51",
            "revenue": 90555
        },
        "2007-12": {
            "month": "2007-12",
            "price": "3.69",
            "revenue": 88103
        },
        "2008-01": {
            "month": "2008-01",
            "price": "3.19",
            "revenue": 94708
        },
        "2008-02": {
            "month": "2008-02",
            "price": "3.17",
            "revenue": 65162
        },
        "2008-03": {
            "month": "2008-03",
            "price": "3.57",
            "revenue": 76378
        },
        "2008-04": {
            "month": "2008-04",
            "price": "4.11",
            "revenue": 74825
        },
        "2008-05": {
            "month": "2008-05",
            "price": "4.16",
            "revenue": 82326
        },
        "2008-06": {
            "month": "2008-06",
            "price": "3.83",
            "revenue": 80512
        },
        "2008-07": {
            "month": "2008-07",
            "price": "3.27",
            "revenue": 80660
        },
        "2008-08": {
            "month": "2008-08",
            "price": "3.64",
            "revenue": 80924
        },
        "2008-09": {
            "month": "2008-09",
            "price": "3.25",
            "revenue": 74797
        },
        "2008-10": {
            "month": "2008-10",
            "price": "2.38",
            "revenue": 82347
        },
        "2008-11": {
            "month": "2008-11",
            "price": "2.01",
            "revenue": 92456
        },
        "2008-12": {
            "month": "2008-12",
            "price": "1.94",
            "revenue": 83118
        },
        "2009-01": {
            "month": "2009-01",
            "price": "1.92",
            "revenue": 73534
        },
        "2009-02": {
            "month": "2009-02",
            "price": "1.84",
            "revenue": 58680
        },
        "2009-03": {
            "month": "2009-03",
            "price": "2.10",
            "revenue": 63887
        },
        "2009-04": {
            "month": "2009-04",
            "price": "2.54",
            "revenue": 62849
        },
        "2009-05": {
            "month": "2009-05",
            "price": "2.36",
            "revenue": 63694
        },
        "2009-06": {
            "month": "2009-06",
            "price": "2.53",
            "revenue": 65032
        },
        "2009-07": {
            "month": "2009-07",
            "price": "2.52",
            "revenue": 76846
        },
        "2009-08": {
            "month": "2009-08",
            "price": "2.47",
            "revenue": 67308
        },
        "2009-09": {
            "month": "2009-09",
            "price": "3.02",
            "revenue": 62218
        },
        "2009-10": {
            "month": "2009-10",
            "price": "3.51",
            "revenue": 82220
        },
        "2009-11": {
            "month": "2009-11",
            "price": "3.93",
            "revenue": 73634
        },
        "2009-12": {
            "month": "2009-12",
            "price": "3.99",
            "revenue": 78068
        },
        "2010-01": {
            "month": "2010-01",
            "price": "5.48",
            "revenue": 72908
        },
        "2010-02": {
            "month": "2010-02",
            "price": "5.15",
            "revenue": 58294
        },
        "2010-03": {
            "month": "2010-03",
            "price": "4.93",
            "revenue": 69311
        },
        "2010-04": {
            "month": "2010-04",
            "price": "5.08",
            "revenue": 72921
        },
        "2010-05": {
            "month": "2010-05",
            "price": "4.98",
            "revenue": 72775
        },
        "2010-06": {
            "month": "2010-06",
            "price": "5.15",
            "revenue": 68431
        },
        "2010-07": {
            "month": "2010-07",
            "price": "5.24",
            "revenue": 71321
        },
        "2010-08": {
            "month": "2010-08",
            "price": "6.31",
            "revenue": 65691
        },
        "2010-09": {
            "month": "2010-09",
            "price": "5.99",
            "revenue": 81364
        },
        "2010-10": {
            "month": "2010-10",
            "price": "5.74",
            "revenue": 77111
        },
        "2010-11": {
            "month": "2010-11",
            "price": "5.07",
            "revenue": 84118
        },
        "2010-12": {
            "month": "2010-12",
            "price": "5.10",
            "revenue": 84600
        },
        "2011-01": {
            "month": "2011-01",
            "price": "5.24",
            "revenue": 80054
        },
        "2011-02": {
            "month": "2011-02",
            "price": "5.25",
            "revenue": 57402
        },
        "2011-03": {
            "month": "2011-03",
            "price": "5.01",
            "revenue": 70209
        },
        "2011-04": {
            "month": "2011-04",
            "price": "4.97",
            "revenue": 73606
        },
        "2011-05": {
            "month": "2011-05",
            "price": "4.80",
            "revenue": 66255
        },
        "2011-06": {
            "month": "2011-06",
            "price": "4.56",
            "revenue": 70119
        },
        "2011-07": {
            "month": "2011-07",
            "price": "4.11",
            "revenue": 69053
        },
        "2011-08": {
            "month": "2011-08",
            "price": "3.14",
            "revenue": 67480
        },
        "2011-09": {
            "month": "2011-09",
            "price": "3.04",
            "revenue": 78034
        },
        "2011-10": {
            "month": "2011-10",
            "price": "3.27",
            "revenue": 77179
        },
        "2011-11": {
            "month": "2011-11",
            "price": "3.28",
            "revenue": 94711
        },
        "2011-12": {
            "month": "2011-12",
            "price": "3.08",
            "revenue": 85972
        },
        "2012-01": {
            "month": "2012-01",
            "price": "2.95",
            "revenue": 79793
        },
        "2012-02": {
            "month": "2012-02",
            "price": "3.39",
            "revenue": 64833
        },
        "2012-03": {
            "month": "2012-03",
            "price": "3.21",
            "revenue": 71382
        },
        "2012-04": {
            "month": "2012-04",
            "price": "3.08",
            "revenue": 72794
        },
        "2012-05": {
            "month": "2012-05",
            "price": "3.03",
            "revenue": 74387
        },
        "2012-06": {
            "month": "2012-06",
            "price": "2.96",
            "revenue": 67731
        },
        "2012-07": {
            "month": "2012-07",
            "price": "2.97",
            "revenue": 69169
        },
        "2012-08": {
            "month": "2012-08",
            "price": "2.94",
            "revenue": 74922
        },
        "2012-09": {
            "month": "2012-09",
            "price": "3.96",
            "revenue": 72341
        },
        "2012-10": {
            "month": "2012-10",
            "price": "4.21",
            "revenue": 74213
        },
        "2012-11": {
            "month": "2012-11",
            "price": "3.94",
            "revenue": 84088
        },
        "2012-12": {
            "month": "2012-12",
            "price": "4.01",
            "revenue": 76893
        },
        "2013-01": {
            "month": "2013-01",
            "price": "4.10",
            "revenue": 136621
        },
        "2013-02": {
            "month": "2013-02",
            "price": "4.51",
            "revenue": 93162
        },
        "2013-03": {
            "month": "2013-03",
            "price": "5.00",
            "revenue": 103240
        },
        "2013-04": {
            "month": "2013-04",
            "price": "5.22",
            "revenue": 118180
        },
        "2013-05": {
            "month": "2013-05",
            "price": "6.08",
            "revenue": 111978
        },
        "2013-06": {
            "month": "2013-06",
            "price": "7.09",
            "revenue": 100763
        },
        "2013-07": {
            "month": "2013-07",
            "price": "7.11",
            "revenue": 92461
        },
        "2013-08": {
            "month": "2013-08",
            "price": "7.28",
            "revenue": 120335
        },
        "2013-09": {
            "month": "2013-09",
            "price": "9.15",
            "revenue": 112419
        },
        "2013-10": {
            "month": "2013-10",
            "price": "9.79",
            "revenue": 104578
        },
        "2013-11": {
            "month": "2013-11",
            "price": "9.02",
            "revenue": 119942
        },
        "2013-12": {
            "month": "2013-12",
            "price": "9.46",
            "revenue": 124730
        },
        "2014-01": {
            "month": "2014-01",
            "price": "9.88",
            "revenue": 135731
        },
        "2014-02": {
            "month": "2014-02",
            "price": "9.88",
            "revenue": 88685
        },
        "2014-03": {
            "month": "2014-03",
            "price": "9.79",
            "revenue": 107639
        },
        "2014-04": {
            "month": "2014-04",
            "price": "9.73",
            "revenue": 108660
        },
        "2014-05": {
            "month": "2014-05",
            "price": "10.00",
            "revenue": 110482
        },
        "2014-06": {
            "month": "2014-06",
            "price": "10.00",
            "revenue": 102798
        },
        "2014-07": {
            "month": "2014-07",
            "price": "9.27",
            "revenue": 106514
        },
        "2014-08": {
            "month": "2014-08",
            "price": "9.08",
            "revenue": 95762
        },
        "2014-09": {
            "month": "2014-09",
            "price": "8.84",
            "revenue": 99399
        },
        "2014-10": {
            "month": "2014-10",
            "price": "8.97",
            "revenue": 98463
        },
        "2014-11": {
            "month": "2014-11",
            "price": "9.08",
            "revenue": 100678
        },
        "2014-12": {
            "month": "2014-12",
            "price": "9.05",
            "revenue": 92762
        },
        "2015-01": {
            "month": "2015-01",
            "price": "8.97",
            "revenue": 103776
        },
        "2015-02": {
            "month": "2015-02",
            "price": "8.91",
            "revenue": 80154
        },
        "2015-03": {
            "month": "2015-03",
            "price": "8.74",
            "revenue": 92203
        },
        "2015-04": {
            "month": "2015-04",
            "price": "12.34",
            "revenue": 87384
        },
        "2015-05": {
            "month": "2015-05",
            "price": "12.87",
            "revenue": 86345
        },
        "2015-06": {
            "month": "2015-06",
            "price": "12.66",
            "revenue": 96374
        },
        "2015-07": {
            "month": "2015-07",
            "price": "12.75",
            "revenue": 102936
        },
        "2015-08": {
            "month": "2015-08",
            "price": "12.90",
            "revenue": 90037
        },
        "2015-09": {
            "month": "2015-09",
            "price": "12.92",
            "revenue": 100364
        },
        "2015-10": {
            "month": "2015-10",
            "price": "12.87",
            "revenue": 98902
        },
        "2015-11": {
            "month": "2015-11",
            "price": "13.09",
            "revenue": 97136
        },
        "2015-12": {
            "month": "2015-12",
            "price": "14.24",
            "revenue": 103296
        },
        "2016-01": {
            "month": "2016-01",
            "price": "14.35",
            "revenue": 105533
        },
        "2016-02": {
            "month": "2016-02",
            "price": "13.49",
            "revenue": 66307
        },
        "2016-03": {
            "month": "2016-03",
            "price": "13.16",
            "revenue": 57796
        },
        "2016-04": {
            "month": "2016-04",
            "price": "12.81",
            "revenue": 44528
        },
        "2016-05": {
            "month": "2016-05",
            "price": "12.28",
            "revenue": 53252
        },
        "2016-06": {
            "month": "2016-06",
            "price": "11.32",
            "revenue": 52291
        },
        "2016-07": {
            "month": "2016-07",
            "price": "10.72",
            "revenue": 51052
        },
        "2016-08": {
            "month": "2016-08",
            "price": "11.15",
            "revenue": 57693
        },
        "2016-09": {
            "month": "2016-09",
            "price": "10.93",
            "revenue": 58445
        },
        "2016-10": {
            "month": "2016-10",
            "price": "11.53",
            "revenue": 61699
        },
        "2016-11": {
            "month": "2016-11",
            "price": "11.41",
            "revenue": 67747
        },
        "2016-12": {
            "month": "2016-12",
            "price": "11.41",
            "revenue": 69854
        },
        "2017-01": {
            "month": "2017-01",
            "price": "11.19",
            "revenue": 66340
        },
        "2017-02": {
            "month": "2017-02",
            "price": "10.73",
            "revenue": 51058
        },
        "2017-03": {
            "month": "2017-03",
            "price": "10.73",
            "revenue": 58168
        },
        "2017-04": {
            "month": "2017-04",
            "price": "10.84",
            "revenue": 53961
        },
        "2017-05": {
            "month": "2017-05",
            "price": "11.14",
            "revenue": 51022
        },
        "2017-06": {
            "month": "2017-06",
            "price": "11.13",
            "revenue": 53727
        },
        "2017-07": {
            "month": "2017-07",
            "price": "11.27",
            "revenue": 61045
        },
        "2017-08": {
            "month": "2017-08",
            "price": "11.04",
            "revenue": 66024
        },
        "2017-09": {
            "month": "2017-09",
            "price": "10.86",
            "revenue": 67371
        },
        "2017-10": {
            "month": "2017-10",
            "price": "10.73",
            "revenue": 64393
        },
        "2017-11": {
            "month": "2017-11",
            "price": "10.83",
            "revenue": 68994
        },
        "2017-12": {
            "month": "2017-12",
            "price": "11.54",
            "revenue": 72616
        },
        "2018-01": {
            "month": "2018-01",
            "price": "11.52",
            "revenue": 64304
        },
        "2018-02": {
            "month": "2018-02",
            "price": "10.74",
            "revenue": 57719
        },
        "2018-03": {
            "month": "2018-03",
            "price": "10.82",
            "revenue": 59929
        },
        "2018-04": {
            "month": "2018-04",
            "price": "11.35",
            "revenue": 56232
        },
        "2018-05": {
            "month": "2018-05",
            "price": "11.02",
            "revenue": 57155
        },
        "2018-06": {
            "month": "2018-06",
            "price": "11.98",
            "revenue": 51182
        },
        "2018-07": {
            "month": "2018-07",
            "price": "11.43",
            "revenue": 57808
        },
        "2018-08": {
            "month": "2018-08",
            "price": "11.89",
            "revenue": 57439
        },
        "2018-09": {
            "month": "2018-09",
            "price": "13.10",
            "revenue": 60561
        },
        "2018-10": {
            "month": "2018-10",
            "price": "12.95",
            "revenue": 69508
        },
        "2018-11": {
            "month": "2018-11",
            "price": "13.71",
            "revenue": 97873
        },
        "2018-12": {
            "month": "2018-12",
            "price": "13.91",
            "revenue": 91045
        },
        "2019-01": {
            "month": "2019-01",
            "price": "14.49",
            "revenue": 112750
        },
        "2019-02": {
            "month": "2019-02",
            "price": "15.96",
            "revenue": 89498
        },
        "2019-03": {
            "month": "2019-03",
            "price": "16.81",
            "revenue": 97329
        },
        "2019-04": {
            "month": "2019-04",
            "price": "17.95",
            "revenue": 95497
        },
        "2019-05": {
            "month": "2019-05",
            "price": "18.10",
            "revenue": 86770
        },
        "2019-06": {
            "month": "2019-06",
            "price": "17.36",
            "revenue": 92614
        },
        "2019-07": {
            "month": "2019-07",
            "price": "14.65",
            "revenue": 99375
        },
        "2019-08": {
            "month": "2019-08",
            "price": "14.65",
            "revenue": 90815
        },
        "2019-09": {
            "month": "2019-09",
            "price": "13.96",
            "revenue": 100578
        },
        "2019-10": {
            "month": "2019-10",
            "price": "13.88",
            "revenue": 96728
        },
        "2019-11": {
            "month": "2019-11",
            "price": "13.58",
            "revenue": 108120
        },
        "2019-12": {
            "month": "2019-12",
            "price": "12.96",
            "revenue": 116288
        },
        "2020-01": {
            "month": "2020-01",
            "price": "12.93",
            "revenue": 121971
        },
        "2020-02": {
            "month": "2020-02",
            "price": "12.87",
            "revenue": 88384
        },
        "2020-03": {
            "month": "2020-03",
            "price": "11.96",
            "revenue": 51285
        },
        "2020-04": {
            "month": "2020-04",
            "price": "11.02",
            "revenue": 44051
        },
        "2020-05": {
            "month": "2020-05",
            "price": "11.57",
            "revenue": 46853
        },
        "2020-06": {
            "month": "2020-06",
            "price": "11.27",
            "revenue": 47076
        },
        "2020-07": {
            "month": "2020-07",
            "price": "11.11",
            "revenue": 50099
        },
        "2020-08": {
            "month": "2020-08",
            "price": "12.94",
            "revenue": 55180
        },
        "2020-09": {
            "month": "2020-09",
            "price": "13.10",
            "revenue": 60399
        },
        "2020-10": {
            "month": "2020-10",
            "price": "12.73",
            "revenue": 59241
        },
        "2020-11": {
            "month": "2020-11",
            "price": "12.70",
            "revenue": 63633
        },
        "2020-12": {
            "month": "2020-12",
            "price": "14.28",
            "revenue": 61824
        },
        "2021-01": {
            "month": "2021-01",
            "price": "13.91",
            "revenue": 58599
        },
        "2021-02": {
            "month": "2021-02",
            "price": "13.40",
            "revenue": 45177
        },
        "2021-03": {
            "month": "2021-03",
            "price": "12.89",
            "revenue": 46869
        },
        "2021-04": {
            "month": "2021-04",
            "price": "12.75",
            "revenue": 47439
        },
        "2021-05": {
            "month": "2021-05",
            "price": "11.85",
            "revenue": 44073
        },
        "2021-06": {
            "month": "2021-06",
            "price": "11.65",
            "revenue": 45373
        },
        "2021-07": {
            "month": "2021-07",
            "price": "11.12",
            "revenue": 43866
        },
        "2021-08": {
            "month": "2021-08",
            "price": "10.35",
            "revenue": 42896
        },
        "2021-09": {
            "month": "2021-09",
            "price": "9.78",
            "revenue": 46343
        },
        "2021-10": {
            "month": "2021-10",
            "price": "9.50",
            "revenue": 50508
        },
        "2021-11": {
            "month": "2021-11",
            "price": "9.57",
            "revenue": 53095
        },
        "2021-12": {
            "month": "2021-12",
            "price": "9.43",
            "revenue": 67131
        },
        "2022-01": {
            "month": "2022-01",
            "price": "9.52",
            "revenue": 51343
        },
        "2022-02": {
            "month": "2022-02",
            "price": "9.47",
            "revenue": 48711
        },
        "2022-03": {
            "month": "2022-03",
            "price": "9.15",
            "revenue": 48735
        },
        "2022-04": {
            "month": "2022-04",
            "price": "9.01",
            "revenue": 39366
        },
        "2022-05": {
            "month": "2022-05",
            "price": "8.71",
            "revenue": 43016
        },
        "2022-06": {
            "month": "2022-06",
            "price": "8.55",
            "revenue": 39779
        },
        "2022-07": {
            "month": "2022-07",
            "price": "8.16",
            "revenue": 44423
        },
        "2022-08": {
            "month": "2022-08",
            "price": "9.10",
            "revenue": 51266
        },
        "2022-09": {
            "month": "2022-09",
            "price": "8.65",
            "revenue": 43944
        },
        "2022-10": {
            "month": "2022-10",
            "price": "8.74",
            "revenue": 58138
        },
        "2022-11": {
            "month": "2022-11",
            "price": "8.49",
            "revenue": 68494
        },
        "2022-12": {
            "month": "2022-12",
            "price": "8.53",
            "revenue": 66850
        },
        "2023-01": {
            "month": "2023-01",
            "price": "8.57",
            "revenue": 54376
        },
        "2023-02": {
            "month": "2023-02",
            "price": "9.34",
            "revenue": 59525
        },
        "2023-03": {
            "month": "2023-03",
            "price": "9.20",
            "revenue": 46893
        },
        "2023-04": {
            "month": "2023-04",
            "price": "9.08",
            "revenue": 47132
        },
        "2023-05": {
            "month": "2023-05",
            "price": "9.06",
            "revenue": 51555
        },
        "2023-06": {
            "month": "2023-06",
            "price": "9.15",
            "revenue": 56878
        },
        "2023-07": {
            "month": "2023-07",
            "price": "9.90",
            "revenue": 59298
        },
        "2023-08": {
            "month": "2023-08",
            "price": "11.83",
            "revenue": 59317
        }
    }
}
