{
    "summary": {
        "stock_name": "中聯資源",
        "stock_id": "9930",
        "category": "其他",
        "main_business": "爐石資源化應用有關產品之製造、加工、代工生產、買賣及進出口。<br>廢棄物清除及處理業務。",
        "website_url": "http://www.chc.com.tw",
        "ceo": "黃祥亞",
        "pe_ratio": 17,
        "report_year_from": 2001,
        "report_year_to": 2023,
        "age": 22,
        "eps_negative_percentage": 0,
        "eps_growth_avg": {
            "last_all": 7.6,
            "last_2y": -2.4,
            "last_4y": -1.9,
            "last_8y": -1.5,
            "last_12y": 0.88,
            "last_16y": 0.93,
            "last_20y": 7.6,
            "at_2006_last_3y": 34.58,
            "at_2007_last_3y": 23.29,
            "at_2008_last_3y": 15.75,
            "at_2009_last_3y": 1.1,
            "at_2010_last_3y": -1.98,
            "at_2011_last_3y": 1.99,
            "at_2012_last_3y": -8.65,
            "at_2013_last_3y": 6.24,
            "at_2014_last_3y": 15.9,
            "at_2015_last_3y": 9.19,
            "at_2016_last_3y": 1.02,
            "at_2017_last_3y": -1,
            "at_2018_last_3y": -4.77,
            "at_2019_last_3y": -2.61,
            "at_2020_last_3y": 3.65,
            "at_2021_last_3y": -4.04,
            "at_2022_last_3y": -2.75,
            "at_2023_last_3y": -2.75,
            "at_2006_last_all": 26.8,
            "at_2007_last_all": 22.07,
            "at_2008_last_all": 25.1,
            "at_2009_last_all": 18.52,
            "at_2010_last_all": 14.01,
            "at_2011_last_all": 14.04,
            "at_2012_last_all": 12.83,
            "at_2013_last_all": 14.42,
            "at_2014_last_all": 14.59,
            "at_2015_last_all": 12.66,
            "at_2016_last_all": 9.68,
            "at_2017_last_all": 10.57,
            "at_2018_last_all": 10.03,
            "at_2019_last_all": 9.26,
            "at_2020_last_all": 8.41,
            "at_2021_last_all": 7.65,
            "at_2022_last_all": 7.6,
            "at_2023_last_all": 7.6
        },
        "latest_eps": 3.03,
        "latest_price": 52.6,
        "latest_roe": 11.99,
        "latest_gross_margin": 11.74,
        "latest_equity": 6316183,
        "latest_revenue": 3034361,
        "latest_gross_profit": 356342,
        "latest_net_income": 185533,
        "latest_debt_ratio": 49.82,
        "latest_current_ratio": 105.93,
        "latest_account_receivable_turnover_ratio": 2.66,
        "latest_inventory_turnover_ratio": 7.16,
        "latest_reinvestment_rate": 10.84,
        "latest_research_to_sale_ratio": 0.17
    },
    "eps_dividends": {
        "1997": {
            "cash": 0,
            "stock": 1,
            "eps": 0
        },
        "1998": {
            "cash": 0,
            "stock": 1.2,
            "eps": 0
        },
        "1999": {
            "cash": 0,
            "stock": 1.2,
            "eps": 0
        },
        "2000": {
            "cash": 0.5,
            "stock": 0.5,
            "eps": 0
        },
        "2001": {
            "cash": 0.5,
            "stock": 0.4,
            "eps": 1.15
        },
        "2002": {
            "cash": 0.85,
            "stock": 0,
            "eps": 1.1
        },
        "2003": {
            "cash": 1,
            "stock": 0,
            "eps": 1.58
        },
        "2004": {
            "cash": 1.38,
            "stock": 0,
            "eps": 2.74
        },
        "2005": {
            "cash": 2,
            "stock": 0.4,
            "eps": 3.59
        },
        "2006": {
            "cash": 2.69,
            "stock": 0.3,
            "eps": 3.24
        },
        "2007": {
            "cash": 2.47,
            "stock": 0.3,
            "eps": 3.19
        },
        "2008": {
            "cash": 2.4,
            "stock": 0.3,
            "eps": 4.57
        },
        "2009": {
            "cash": 2.7,
            "stock": 0,
            "eps": 3.31
        },
        "2010": {
            "cash": 2.8,
            "stock": 0,
            "eps": 2.58
        },
        "2011": {
            "cash": 5.5,
            "stock": 0,
            "eps": 2.95
        },
        "2012": {
            "cash": 0,
            "stock": 0,
            "eps": 2.97
        },
        "2013": {
            "cash": 2.8,
            "stock": 0,
            "eps": 3.92
        },
        "2014": {
            "cash": 3.3,
            "stock": 0,
            "eps": 4.57
        },
        "2015": {
            "cash": 4.2,
            "stock": 0,
            "eps": 4
        },
        "2016": {
            "cash": 3.5,
            "stock": 0,
            "eps": 2.72
        },
        "2017": {
            "cash": 2.8,
            "stock": 0,
            "eps": 3.37
        },
        "2018": {
            "cash": 1,
            "stock": 1,
            "eps": 3.42
        },
        "2019": {
            "cash": 2,
            "stock": 0,
            "eps": 3.29
        },
        "2020": {
            "cash": 2,
            "stock": 0,
            "eps": 3.06
        },
        "2021": {
            "cash": 2,
            "stock": 0,
            "eps": 2.85
        },
        "2022": {
            "cash": 2.5,
            "stock": 0,
            "eps": 3.04
        },
        "2023": {
            "cash": 2.5,
            "stock": 0,
            "eps": 0.74
        }
    },
    "dividends": {
        "1997-06-20": {
            "cash": 0,
            "stock": 1
        },
        "1998-05-25": {
            "cash": 0,
            "stock": 1.2
        },
        "1999-04-22": {
            "cash": 0,
            "stock": 1.2
        },
        "2000-06-21": {
            "cash": 0.5,
            "stock": 0.5
        },
        "2001-05-18": {
            "cash": 0.5,
            "stock": 0.4
        },
        "2002-06-10": {
            "cash": 0.85,
            "stock": 0
        },
        "2003-03-14": {
            "cash": 1,
            "stock": 0
        },
        "2004-03-23": {
            "cash": 1.38,
            "stock": 0
        },
        "2005-03-15": {
            "cash": 2,
            "stock": 0.4
        },
        "2006-03-23": {
            "cash": 2.69,
            "stock": 0.3
        },
        "2007-03-22": {
            "cash": 2.47,
            "stock": 0.3
        },
        "2008-03-25": {
            "cash": 2.4,
            "stock": 0.3
        },
        "2009-03-26": {
            "cash": 2.7,
            "stock": 0
        },
        "2010-03-31": {
            "cash": 2.8,
            "stock": 0
        },
        "2011-01-01": {
            "cash": 3,
            "stock": 0
        },
        "2011-03-24": {
            "cash": 2.5,
            "stock": 0
        },
        "2013-03-19": {
            "cash": 2.8,
            "stock": 0
        },
        "2014-06-24": {
            "cash": 3.3,
            "stock": 0
        },
        "2015-07-22": {
            "cash": 4.2,
            "stock": 0
        },
        "2016-08-12": {
            "cash": 3.5,
            "stock": 0
        },
        "2017-07-28": {
            "cash": 2.8,
            "stock": 0
        },
        "2018-08-17": {
            "cash": 1,
            "stock": 1
        },
        "2019-07-31": {
            "cash": 2,
            "stock": 0
        },
        "2020-08-07": {
            "cash": 2,
            "stock": 0
        },
        "2021-09-15": {
            "cash": 2,
            "stock": 0
        },
        "2022-08-03": {
            "cash": 2.5,
            "stock": 0
        },
        "2023-02-23": {
            "cash": 2.5,
            "stock": 0
        }
    },
    "prices": {
        "200101": "12.28",
        "200102": "13.04",
        "200103": "13.24",
        "200104": "12.51",
        "200105": "11.83",
        "200106": "11.45",
        "200107": "10.11",
        "200108": "8.92",
        "200109": "8.49",
        "200110": "8.35",
        "200111": "8.22",
        "200112": "8.90",
        "200201": "9.47",
        "200202": "9.83",
        "200203": "11.13",
        "200204": "12.67",
        "200205": "12.84",
        "200206": "13.45",
        "200207": "13.21",
        "200208": "12.81",
        "200209": "12.14",
        "200210": "11.95",
        "200211": "12.85",
        "200212": "13.34",
        "200301": "13.84",
        "200302": "13.33",
        "200303": "12.81",
        "200304": "13.10",
        "200305": "12.42",
        "200306": "12.95",
        "200307": "12.32",
        "200308": "12.62",
        "200309": "12.64",
        "200310": "12.94",
        "200311": "13.47",
        "200312": "13.92",
        "200401": "18.14",
        "200402": "17.80",
        "200403": "18.43",
        "200404": "17.50",
        "200405": "15.86",
        "200406": "16.19",
        "200407": "15.96",
        "200408": "16.63",
        "200409": "18.85",
        "200410": "19.99",
        "200411": "20.08",
        "200412": "20.81",
        "200501": "21.93",
        "200502": "23.36",
        "200503": "24.35",
        "200504": "24.67",
        "200505": "25.18",
        "200506": "25.25",
        "200507": "25.69",
        "200508": "25.44",
        "200509": "28.46",
        "200510": "26.61",
        "200511": "25.75",
        "200512": "25.34",
        "200601": "25.71",
        "200602": "25.35",
        "200603": "25.06",
        "200604": "26.77",
        "200605": "28.14",
        "200606": "27.53",
        "200607": "27.92",
        "200608": "26.43",
        "200609": "25.55",
        "200610": "26.71",
        "200611": "27.28",
        "200612": "28.37",
        "200701": "29.47",
        "200702": "30.14",
        "200703": "30.33",
        "200704": "35.22",
        "200705": "37.76",
        "200706": "37.32",
        "200707": "39.62",
        "200708": "34.78",
        "200709": "36.14",
        "200710": "35.59",
        "200711": "32.58",
        "200712": "30.91",
        "200801": "31.77",
        "200802": "33.25",
        "200803": "36.42",
        "200804": "40.31",
        "200805": "45.64",
        "200806": "49.58",
        "200807": "49.90",
        "200808": "40.53",
        "200809": "39.76",
        "200810": "33.19",
        "200811": "30.75",
        "200812": "29.70",
        "200901": "33.11",
        "200902": "34.58",
        "200903": "35.79",
        "200904": "39.37",
        "200905": "41.30",
        "200906": "42.69",
        "200907": "40.72",
        "200908": "42.15",
        "200909": "42.42",
        "200910": "42.51",
        "200911": "41.05",
        "200912": "41.67",
        "201001": "41.71",
        "201002": "40.37",
        "201003": "40.62",
        "201004": "41.55",
        "201005": "39.28",
        "201006": "37.77",
        "201007": "36.25",
        "201008": "35.80",
        "201009": "35.66",
        "201010": "35.59",
        "201011": "35.62",
        "201012": "35.72",
        "201101": "37.37",
        "201102": "38.66",
        "201103": "38.25",
        "201104": "41.13",
        "201105": "42.70",
        "201106": "41.85",
        "201107": "41.79",
        "201108": "40.67",
        "201109": "39.70",
        "201110": "39.90",
        "201111": "40.11",
        "201112": "39.35",
        "201201": "39.60",
        "201202": "40.57",
        "201203": "42.75",
        "201204": "45.60",
        "201205": "46.30",
        "201206": "46.95",
        "201207": "46.63",
        "201208": "47.38",
        "201209": "47.41",
        "201210": "47.03",
        "201211": "47.44",
        "201212": "47.90",
        "201301": "49.93",
        "201302": "52.23",
        "201303": "54.49",
        "201304": "55.20",
        "201305": "54.32",
        "201306": "52.55",
        "201307": "52.79",
        "201308": "53.43",
        "201309": "53.56",
        "201310": "57.75",
        "201311": "60.57",
        "201312": "60.55",
        "201401": "65.49",
        "201402": "68.18",
        "201403": "68.44",
        "201404": "71.10",
        "201405": "72.15",
        "201406": "73.06",
        "201407": "72.99",
        "201408": "71.04",
        "201409": "71.61",
        "201410": "69.15",
        "201411": "67.64",
        "201412": "69.70",
        "201501": "71.20",
        "201502": "71.82",
        "201503": "74.39",
        "201504": "80.72",
        "201505": "80.91",
        "201506": "76.05",
        "201507": "68.68",
        "201508": "62.42",
        "201509": "60.68",
        "201510": "62.78",
        "201511": "62.45",
        "201512": "60.17",
        "201601": "58.35",
        "201602": "60.48",
        "201603": "62.28",
        "201604": "61.62",
        "201605": "58.12",
        "201606": "58.00",
        "201607": "58.56",
        "201608": "54.66",
        "201609": "54.16",
        "201610": "54.11",
        "201611": "52.39",
        "201612": "52.39",
        "201701": "53.00",
        "201702": "54.48",
        "201703": "55.58",
        "201704": "54.11",
        "201705": "54.06",
        "201706": "54.88",
        "201707": "52.91",
        "201708": "51.96",
        "201709": "52.98",
        "201710": "54.16",
        "201711": "55.09",
        "201712": "56.68",
        "201801": "60.01",
        "201802": "58.05",
        "201803": "58.52",
        "201804": "59.93",
        "201805": "59.69",
        "201806": "59.43",
        "201807": "59.16",
        "201808": "56.81",
        "201809": "56.31",
        "201810": "53.32",
        "201811": "51.98",
        "201812": "50.73",
        "201901": "51.51",
        "201902": "54.02",
        "201903": "54.10",
        "201904": "52.26",
        "201905": "52.40",
        "201906": "52.53",
        "201907": "51.84",
        "201908": "50.80",
        "201909": "51.48",
        "201910": "51.17",
        "201911": "50.64",
        "201912": "50.19",
        "202001": "50.03",
        "202002": "49.14",
        "202003": "43.07",
        "202004": "43.20",
        "202005": "43.87",
        "202006": "45.22",
        "202007": "45.31",
        "202008": "44.79",
        "202009": "45.01",
        "202010": "44.90",
        "202011": "44.69",
        "202012": "45.97",
        "202101": "46.02",
        "202102": "45.56",
        "202103": "46.23",
        "202104": "47.59",
        "202105": "46.39",
        "202106": "46.76",
        "202107": "47.25",
        "202108": "46.29",
        "202109": "44.96",
        "202110": "45.14",
        "202111": "44.89",
        "202112": "44.82",
        "202201": "45.09",
        "202202": "45.19",
        "202203": "47.19",
        "202204": "47.85",
        "202205": "47.33",
        "202206": "47.55",
        "202207": "46.31",
        "202208": "46.79",
        "202209": "46.82",
        "202210": "44.89",
        "202211": "45.39",
        "202212": "46.10",
        "202301": "46.29",
        "202302": "46.82",
        "202303": "47.99",
        "202304": "49.29",
        "202305": "52.53"
    },
    "quarters": {
        "20011": {
            "year_quarter": 20011,
            "year": 2001,
            "quarter": 1,
            "eps": 0.35,
            "eps_growth_year": 16.67,
            "eps_4q": 1.24,
            "eps_4q_growth_year": -3.18,
            "roe": 2.61,
            "roe_4q": 2.61,
            "gross_profit": 98640,
            "gross_margin": 22.94,
            "gross_margin_4q_avg": 22.94,
            "net_income": 49408,
            "revenue": 429943,
            "common_shares": 1863204,
            "book_valuer_per_share": 12.49,
            "book_valuer_per_share_4q_avg": 12.49,
            "equity": 2327686,
            "current_ratio": 98.23,
            "debt_ratio": 33.31,
            "inventory_turnover_ratio": 4.77,
            "account_receivable_turnover_ratio": null,
            "reinvestment_rate": null,
            "research_to_sale_ratio": null,
            "price_fair": 0,
            "eps_avg_yearly": 0,
            "eps_latest_yearly": 0,
            "eps_growth_yearly": 0
        },
        "20012": {
            "year_quarter": 20012,
            "year": 2001,
            "quarter": 2,
            "eps": 0.3,
            "eps_growth_year": -36.17,
            "eps_4q": 1.05,
            "eps_4q_growth_year": -21,
            "roe": 2.11,
            "roe_4q": 4.72,
            "gross_profit": 110635,
            "gross_margin": 22.11,
            "gross_margin_4q_avg": 22.53,
            "net_income": 48673,
            "revenue": 500396,
            "common_shares": 1863204,
            "book_valuer_per_share": 12.26,
            "book_valuer_per_share_4q_avg": 12.38,
            "equity": 2283491,
            "current_ratio": 104.74,
            "debt_ratio": 36.99,
            "inventory_turnover_ratio": 3.71,
            "account_receivable_turnover_ratio": null,
            "reinvestment_rate": null,
            "research_to_sale_ratio": null,
            "price_fair": 0,
            "eps_avg_yearly": 0,
            "eps_latest_yearly": 0,
            "eps_growth_yearly": 0
        },
        "20013": {
            "year_quarter": 20013,
            "year": 2001,
            "quarter": 3,
            "eps": 0.17,
            "eps_growth_year": -63.04,
            "eps_4q": 0.82,
            "eps_4q_growth_year": -42.46,
            "roe": 1.32,
            "roe_4q": 6.039999999999999,
            "gross_profit": 107832,
            "gross_margin": 21.85,
            "gross_margin_4q_avg": 22.3,
            "net_income": 30269,
            "revenue": 493400,
            "common_shares": 1942918,
            "book_valuer_per_share": 11.91,
            "book_valuer_per_share_4q_avg": 12.22,
            "equity": 2313760,
            "current_ratio": 107.81,
            "debt_ratio": 40.32,
            "inventory_turnover_ratio": 3.2,
            "account_receivable_turnover_ratio": null,
            "reinvestment_rate": null,
            "research_to_sale_ratio": null,
            "price_fair": 0,
            "eps_avg_yearly": 0,
            "eps_latest_yearly": 0,
            "eps_growth_yearly": 0
        },
        "20014": {
            "year_quarter": 20014,
            "year": 2001,
            "quarter": 4,
            "eps": 0.33,
            "eps_growth_year": 135.71,
            "eps_4q": 1.03,
            "eps_4q_growth_year": -21.04,
            "roe": 2.6,
            "roe_4q": 8.639999999999999,
            "gross_profit": 132296,
            "gross_margin": 21.43,
            "gross_margin_4q_avg": 22.08,
            "net_income": 60831,
            "revenue": 617235,
            "common_shares": 1942918,
            "book_valuer_per_share": 12.21,
            "book_valuer_per_share_4q_avg": 12.22,
            "equity": 2372294,
            "current_ratio": 106.74,
            "debt_ratio": 37.12,
            "inventory_turnover_ratio": 4.55,
            "account_receivable_turnover_ratio": null,
            "reinvestment_rate": null,
            "research_to_sale_ratio": null,
            "price_fair": 0,
            "eps_avg_yearly": 0,
            "eps_latest_yearly": 0,
            "eps_growth_yearly": 0
        },
        "20021": {
            "year_quarter": 20021,
            "year": 2002,
            "quarter": 1,
            "eps": 0.29,
            "eps_growth_year": -17.14,
            "eps_4q": 1.02,
            "eps_4q_growth_year": -17.87,
            "roe": 2.33,
            "roe_4q": 8.36,
            "gross_profit": 139559,
            "gross_margin": 22.6,
            "gross_margin_4q_avg": 22,
            "net_income": 55840,
            "revenue": 617481,
            "common_shares": 1942918,
            "book_valuer_per_share": 12.5,
            "book_valuer_per_share_4q_avg": 12.22,
            "equity": 2428151,
            "current_ratio": 109.99,
            "debt_ratio": 43.16,
            "inventory_turnover_ratio": 5.69,
            "account_receivable_turnover_ratio": null,
            "reinvestment_rate": null,
            "research_to_sale_ratio": null,
            "price_fair": 3.48,
            "eps_avg_yearly": 1.16,
            "eps_latest_yearly": 1.16,
            "eps_growth_yearly": -48.48
        },
        "20022": {
            "year_quarter": 20022,
            "year": 2002,
            "quarter": 2,
            "eps": 0.37,
            "eps_growth_year": 23.33,
            "eps_4q": 1.12,
            "eps_4q_growth_year": 6.55,
            "roe": 3.06,
            "roe_4q": 9.31,
            "gross_profit": 138885,
            "gross_margin": 22.36,
            "gross_margin_4q_avg": 22.06,
            "net_income": 72837,
            "revenue": 621129,
            "common_shares": 1942918,
            "book_valuer_per_share": 12.01,
            "book_valuer_per_share_4q_avg": 12.16,
            "equity": 2332564,
            "current_ratio": 105.69,
            "debt_ratio": 46.6,
            "inventory_turnover_ratio": 6.27,
            "account_receivable_turnover_ratio": null,
            "reinvestment_rate": null,
            "research_to_sale_ratio": null,
            "price_fair": 46.2,
            "eps_avg_yearly": 1.32,
            "eps_latest_yearly": 1.48,
            "eps_growth_yearly": 30.93
        },
        "20023": {
            "year_quarter": 20023,
            "year": 2002,
            "quarter": 3,
            "eps": 0.21,
            "eps_growth_year": 23.53,
            "eps_4q": 1.18,
            "eps_4q_growth_year": 43.83,
            "roe": 1.75,
            "roe_4q": 9.74,
            "gross_profit": 112762,
            "gross_margin": 16.79,
            "gross_margin_4q_avg": 20.8,
            "net_income": 41202,
            "revenue": 671681,
            "common_shares": 1942918,
            "book_valuer_per_share": 12.22,
            "book_valuer_per_share_4q_avg": 12.24,
            "equity": 2374122,
            "current_ratio": 113.34,
            "debt_ratio": 41.91,
            "inventory_turnover_ratio": 6.85,
            "account_receivable_turnover_ratio": null,
            "reinvestment_rate": null,
            "research_to_sale_ratio": null,
            "price_fair": 3.48,
            "eps_avg_yearly": 1.16,
            "eps_latest_yearly": 0.84,
            "eps_growth_yearly": -37.04
        },
        "20024": {
            "year_quarter": 20024,
            "year": 2002,
            "quarter": 4,
            "eps": 0.23,
            "eps_growth_year": -30.3,
            "eps_4q": 1.09,
            "eps_4q_growth_year": 5.97,
            "roe": 1.9,
            "roe_4q": 9.04,
            "gross_profit": 111217,
            "gross_margin": 16.03,
            "gross_margin_4q_avg": 19.45,
            "net_income": 45565,
            "revenue": 693602,
            "common_shares": 1942918,
            "book_valuer_per_share": 12.46,
            "book_valuer_per_share_4q_avg": 12.3,
            "equity": 2421677,
            "current_ratio": 117.49,
            "debt_ratio": 44.13,
            "inventory_turnover_ratio": 6.29,
            "account_receivable_turnover_ratio": null,
            "reinvestment_rate": 32.74,
            "research_to_sale_ratio": null,
            "price_fair": 3.3,
            "eps_avg_yearly": 1.1,
            "eps_latest_yearly": 0.92,
            "eps_growth_yearly": -18.25
        },
        "20031": {
            "year_quarter": 20031,
            "year": 2003,
            "quarter": 1,
            "eps": 0.27,
            "eps_growth_year": -6.9,
            "eps_4q": 1.1,
            "eps_4q_growth_year": 7.92,
            "roe": 2.13,
            "roe_4q": 8.84,
            "gross_profit": 113511,
            "gross_margin": 16.73,
            "gross_margin_4q_avg": 17.98,
            "net_income": 52146,
            "revenue": 678421,
            "common_shares": 1942918,
            "book_valuer_per_share": 12.73,
            "book_valuer_per_share_4q_avg": 12.36,
            "equity": 2474152,
            "current_ratio": 122.18,
            "debt_ratio": 43.64,
            "inventory_turnover_ratio": 5.99,
            "account_receivable_turnover_ratio": null,
            "reinvestment_rate": 29.38,
            "research_to_sale_ratio": null,
            "price_fair": 3.29,
            "eps_avg_yearly": 1.1,
            "eps_latest_yearly": 1.08,
            "eps_growth_yearly": -0.69
        },
        "20032": {
            "year_quarter": 20032,
            "year": 2003,
            "quarter": 2,
            "eps": 0.31,
            "eps_growth_year": -16.22,
            "eps_4q": 1.02,
            "eps_4q_growth_year": -8.71,
            "roe": 2.53,
            "roe_4q": 8.31,
            "gross_profit": 130709,
            "gross_margin": 18.13,
            "gross_margin_4q_avg": 16.92,
            "net_income": 60725,
            "revenue": 720847,
            "common_shares": 1942918,
            "book_valuer_per_share": 12.01,
            "book_valuer_per_share_4q_avg": 12.36,
            "equity": 2334132,
            "current_ratio": 114.61,
            "debt_ratio": 48.6,
            "inventory_turnover_ratio": 6.06,
            "account_receivable_turnover_ratio": null,
            "reinvestment_rate": 26.32,
            "research_to_sale_ratio": null,
            "price_fair": 21.62,
            "eps_avg_yearly": 1.12,
            "eps_latest_yearly": 1.24,
            "eps_growth_yearly": 9.3
        },
        "20033": {
            "year_quarter": 20033,
            "year": 2003,
            "quarter": 3,
            "eps": 0.37,
            "eps_growth_year": 76.19,
            "eps_4q": 1.19,
            "eps_4q_growth_year": 1.22,
            "roe": 3.02,
            "roe_4q": 9.58,
            "gross_profit": 156261,
            "gross_margin": 20.65,
            "gross_margin_4q_avg": 17.89,
            "net_income": 71465,
            "revenue": 756590,
            "common_shares": 1942918,
            "book_valuer_per_share": 12.38,
            "book_valuer_per_share_4q_avg": 12.4,
            "equity": 2405290,
            "current_ratio": 121.57,
            "debt_ratio": 46.19,
            "inventory_turnover_ratio": 5.9,
            "account_receivable_turnover_ratio": null,
            "reinvestment_rate": 23.76,
            "research_to_sale_ratio": null,
            "price_fair": 34.01,
            "eps_avg_yearly": 1.17,
            "eps_latest_yearly": 1.48,
            "eps_growth_yearly": 19.03
        },
        "20034": {
            "year_quarter": 20034,
            "year": 2003,
            "quarter": 4,
            "eps": 0.63,
            "eps_growth_year": 173.91,
            "eps_4q": 1.58,
            "eps_4q_growth_year": 45.72,
            "roe": 4.93,
            "roe_4q": 12.61,
            "gross_profit": 381100,
            "gross_margin": 37.55,
            "gross_margin_4q_avg": 23.27,
            "net_income": 121641,
            "revenue": 1014957,
            "common_shares": 1942918,
            "book_valuer_per_share": 13,
            "book_valuer_per_share_4q_avg": 12.53,
            "equity": 2526327,
            "current_ratio": 130.61,
            "debt_ratio": 43.32,
            "inventory_turnover_ratio": 6.61,
            "account_receivable_turnover_ratio": null,
            "reinvestment_rate": 19.61,
            "research_to_sale_ratio": null,
            "price_fair": 46.9,
            "eps_avg_yearly": 1.34,
            "eps_latest_yearly": 2.52,
            "eps_growth_yearly": 51.79
        },
        "20041": {
            "year_quarter": 20041,
            "year": 2004,
            "quarter": 1,
            "eps": 0.46,
            "eps_growth_year": 70.37,
            "eps_4q": 1.76,
            "eps_4q_growth_year": 60.65,
            "roe": 3.49,
            "roe_4q": 13.969999999999999,
            "gross_profit": 251406,
            "gross_margin": 30.21,
            "gross_margin_4q_avg": 26.64,
            "net_income": 89724,
            "revenue": 832145,
            "common_shares": 1942918,
            "book_valuer_per_share": 13.46,
            "book_valuer_per_share_4q_avg": 12.71,
            "equity": 2616051,
            "current_ratio": 134.23,
            "debt_ratio": 41.63,
            "inventory_turnover_ratio": 6.91,
            "account_receivable_turnover_ratio": null,
            "reinvestment_rate": 17.67,
            "research_to_sale_ratio": null,
            "price_fair": 48.84,
            "eps_avg_yearly": 1.4,
            "eps_latest_yearly": 1.84,
            "eps_growth_yearly": 34.04
        },
        "20042": {
            "year_quarter": 20042,
            "year": 2004,
            "quarter": 2,
            "eps": 0.76,
            "eps_growth_year": 145.16,
            "eps_4q": 2.22,
            "eps_4q_growth_year": 118.18,
            "roe": 5.76,
            "roe_4q": 17.2,
            "gross_profit": 306024,
            "gross_margin": 34.57,
            "gross_margin_4q_avg": 30.75,
            "net_income": 146864,
            "revenue": 885259,
            "common_shares": 1942918,
            "book_valuer_per_share": 12.8,
            "book_valuer_per_share_4q_avg": 12.91,
            "equity": 2486335,
            "current_ratio": 127.54,
            "debt_ratio": 43.32,
            "inventory_turnover_ratio": 6.78,
            "account_receivable_turnover_ratio": null,
            "reinvestment_rate": 17.83,
            "research_to_sale_ratio": null,
            "price_fair": 54.6,
            "eps_avg_yearly": 1.56,
            "eps_latest_yearly": 3.04,
            "eps_growth_yearly": 56.72
        },
        "20043": {
            "year_quarter": 20043,
            "year": 2004,
            "quarter": 3,
            "eps": 0.78,
            "eps_growth_year": 110.81,
            "eps_4q": 2.63,
            "eps_4q_growth_year": 120.74,
            "roe": 5.9,
            "roe_4q": 20.08,
            "gross_profit": 262518,
            "gross_margin": 32.11,
            "gross_margin_4q_avg": 33.61,
            "net_income": 151244,
            "revenue": 817647,
            "common_shares": 1942918,
            "book_valuer_per_share": 13.58,
            "book_valuer_per_share_4q_avg": 13.21,
            "equity": 2637704,
            "current_ratio": 129.68,
            "debt_ratio": 29.51,
            "inventory_turnover_ratio": 5.5,
            "account_receivable_turnover_ratio": null,
            "reinvestment_rate": 54.1,
            "research_to_sale_ratio": null,
            "price_fair": 59.56,
            "eps_avg_yearly": 1.7,
            "eps_latest_yearly": 3.12,
            "eps_growth_yearly": 52.52
        },
        "20044": {
            "year_quarter": 20044,
            "year": 2004,
            "quarter": 4,
            "eps": 0.74,
            "eps_growth_year": 17.46,
            "eps_4q": 2.72,
            "eps_4q_growth_year": 71.93,
            "roe": 5.34,
            "roe_4q": 20.490000000000002,
            "gross_profit": 289190,
            "gross_margin": 30.68,
            "gross_margin_4q_avg": 31.89,
            "net_income": 144614,
            "revenue": 942526,
            "common_shares": 1942918,
            "book_valuer_per_share": 14.31,
            "book_valuer_per_share_4q_avg": 13.54,
            "equity": 2780994,
            "current_ratio": 153.01,
            "debt_ratio": 27.42,
            "inventory_turnover_ratio": 6.37,
            "account_receivable_turnover_ratio": null,
            "reinvestment_rate": 33.39,
            "research_to_sale_ratio": null,
            "price_fair": 63.23,
            "eps_avg_yearly": 1.81,
            "eps_latest_yearly": 2.96,
            "eps_growth_yearly": 46.44
        },
        "20051": {
            "year_quarter": 20051,
            "year": 2005,
            "quarter": 1,
            "eps": 0.93,
            "eps_growth_year": 102.17,
            "eps_4q": 3.2,
            "eps_4q_growth_year": 81.55,
            "roe": 6.32,
            "roe_4q": 23.32,
            "gross_profit": 289173,
            "gross_margin": 30.69,
            "gross_margin_4q_avg": 32.01,
            "net_income": 181562,
            "revenue": 942236,
            "common_shares": 1942918,
            "book_valuer_per_share": 15.25,
            "book_valuer_per_share_4q_avg": 13.99,
            "equity": 2962553,
            "current_ratio": 183.65,
            "debt_ratio": 23.56,
            "inventory_turnover_ratio": 7.2,
            "account_receivable_turnover_ratio": null,
            "reinvestment_rate": -25.4,
            "research_to_sale_ratio": null,
            "price_fair": 68.38,
            "eps_avg_yearly": 1.95,
            "eps_latest_yearly": 3.72,
            "eps_growth_yearly": 50.77
        },
        "20052": {
            "year_quarter": 20052,
            "year": 2005,
            "quarter": 2,
            "eps": 0.84,
            "eps_growth_year": 10.53,
            "eps_4q": 3.29,
            "eps_4q_growth_year": 48.17,
            "roe": 5.74,
            "roe_4q": 23.299999999999997,
            "gross_profit": 355557,
            "gross_margin": 34.85,
            "gross_margin_4q_avg": 32.08,
            "net_income": 163372,
            "revenue": 1020198,
            "common_shares": 1942918,
            "book_valuer_per_share": 14.06,
            "book_valuer_per_share_4q_avg": 14.3,
            "equity": 2732486,
            "current_ratio": 135.86,
            "debt_ratio": 27.98,
            "inventory_turnover_ratio": 7.49,
            "account_receivable_turnover_ratio": null,
            "reinvestment_rate": -21.66,
            "research_to_sale_ratio": null,
            "price_fair": 71.9,
            "eps_avg_yearly": 2.05,
            "eps_latest_yearly": 3.36,
            "eps_growth_yearly": 44.37
        },
        "20053": {
            "year_quarter": 20053,
            "year": 2005,
            "quarter": 3,
            "eps": 1,
            "eps_growth_year": 28.21,
            "eps_4q": 3.4,
            "eps_4q_growth_year": 29.53,
            "roe": 7.19,
            "roe_4q": 24.59,
            "gross_profit": 351933,
            "gross_margin": 33.71,
            "gross_margin_4q_avg": 32.48,
            "net_income": 203700,
            "revenue": 1043850,
            "common_shares": 2030250,
            "book_valuer_per_share": 14.46,
            "book_valuer_per_share_4q_avg": 14.52,
            "equity": 2936187,
            "current_ratio": 193.56,
            "debt_ratio": 18.34,
            "inventory_turnover_ratio": 6.51,
            "account_receivable_turnover_ratio": null,
            "reinvestment_rate": -20.83,
            "research_to_sale_ratio": null,
            "price_fair": 76.44,
            "eps_avg_yearly": 2.18,
            "eps_latest_yearly": 4,
            "eps_growth_yearly": 46.5
        },
        "20054": {
            "year_quarter": 20054,
            "year": 2005,
            "quarter": 4,
            "eps": 0.82,
            "eps_growth_year": 10.81,
            "eps_4q": 3.52,
            "eps_4q_growth_year": 29.25,
            "roe": 5.45,
            "roe_4q": 24.700000000000003,
            "gross_profit": 303889,
            "gross_margin": 28.98,
            "gross_margin_4q_avg": 32.06,
            "net_income": 166528,
            "revenue": 1048736,
            "common_shares": 2030250,
            "book_valuer_per_share": 15.24,
            "book_valuer_per_share_4q_avg": 14.75,
            "equity": 3179653,
            "current_ratio": 206.1,
            "debt_ratio": 21.13,
            "inventory_turnover_ratio": 5.96,
            "account_receivable_turnover_ratio": null,
            "reinvestment_rate": -10.33,
            "research_to_sale_ratio": null,
            "price_fair": 78.84,
            "eps_avg_yearly": 2.25,
            "eps_latest_yearly": 3.28,
            "eps_growth_yearly": 39.09
        },
        "20061": {
            "year_quarter": 20061,
            "year": 2006,
            "quarter": 1,
            "eps": 0.82,
            "eps_growth_year": -11.83,
            "eps_4q": 3.45,
            "eps_4q_growth_year": 8.02,
            "roe": 5.07,
            "roe_4q": 23.450000000000003,
            "gross_profit": 259830,
            "gross_margin": 26.55,
            "gross_margin_4q_avg": 31.02,
            "net_income": 166104,
            "revenue": 978562,
            "common_shares": 2030250,
            "book_valuer_per_share": 16.64,
            "book_valuer_per_share_4q_avg": 15.1,
            "equity": 3379049,
            "current_ratio": 238.06,
            "debt_ratio": 17.26,
            "inventory_turnover_ratio": 5.65,
            "account_receivable_turnover_ratio": null,
            "reinvestment_rate": -11.49,
            "research_to_sale_ratio": null,
            "price_fair": 83.48,
            "eps_avg_yearly": 2.39,
            "eps_latest_yearly": 3.28,
            "eps_growth_yearly": 42.12
        },
        "20062": {
            "year_quarter": 20062,
            "year": 2006,
            "quarter": 2,
            "eps": 0.92,
            "eps_growth_year": 9.52,
            "eps_4q": 3.56,
            "eps_4q_growth_year": 7.94,
            "roe": 5.88,
            "roe_4q": 23.59,
            "gross_profit": 285210,
            "gross_margin": 28.82,
            "gross_margin_4q_avg": 29.52,
            "net_income": 187165,
            "revenue": 989580,
            "common_shares": 2030250,
            "book_valuer_per_share": 14.7,
            "book_valuer_per_share_4q_avg": 15.26,
            "equity": 2985023,
            "current_ratio": 149.73,
            "debt_ratio": 27.92,
            "inventory_turnover_ratio": 5.04,
            "account_receivable_turnover_ratio": null,
            "reinvestment_rate": -8.15,
            "research_to_sale_ratio": null,
            "price_fair": 88.29,
            "eps_avg_yearly": 2.52,
            "eps_latest_yearly": 3.68,
            "eps_growth_yearly": 38.27
        },
        "20063": {
            "year_quarter": 20063,
            "year": 2006,
            "quarter": 3,
            "eps": 0.87,
            "eps_growth_year": -13,
            "eps_4q": 3.33,
            "eps_4q_growth_year": -2.25,
            "roe": 5.99,
            "roe_4q": 22.39,
            "gross_profit": 310290,
            "gross_margin": 28.76,
            "gross_margin_4q_avg": 28.28,
            "net_income": 184081,
            "revenue": 1078823,
            "common_shares": 2105100,
            "book_valuer_per_share": 15,
            "book_valuer_per_share_4q_avg": 15.4,
            "equity": 3157485,
            "current_ratio": 196.26,
            "debt_ratio": 18.47,
            "inventory_turnover_ratio": 5.78,
            "account_receivable_turnover_ratio": null,
            "reinvestment_rate": -3.55,
            "research_to_sale_ratio": null,
            "price_fair": 94.06,
            "eps_avg_yearly": 2.69,
            "eps_latest_yearly": 3.48,
            "eps_growth_yearly": 47.72
        },
        "20064": {
            "year_quarter": 20064,
            "year": 2006,
            "quarter": 4,
            "eps": 0.63,
            "eps_growth_year": -23.17,
            "eps_4q": 3.17,
            "eps_4q_growth_year": -9.94,
            "roe": 4.06,
            "roe_4q": 21,
            "gross_profit": 299231,
            "gross_margin": 27.74,
            "gross_margin_4q_avg": 27.97,
            "net_income": 133199,
            "revenue": 1078871,
            "common_shares": 2105100,
            "book_valuer_per_share": 15.72,
            "book_valuer_per_share_4q_avg": 15.52,
            "equity": 3408647,
            "current_ratio": 218.41,
            "debt_ratio": 18.71,
            "inventory_turnover_ratio": 5.95,
            "account_receivable_turnover_ratio": null,
            "reinvestment_rate": 6.74,
            "research_to_sale_ratio": null,
            "price_fair": 97.56,
            "eps_avg_yearly": 2.79,
            "eps_latest_yearly": 2.52,
            "eps_growth_yearly": 38.45
        },
        "20071": {
            "year_quarter": 20071,
            "year": 2007,
            "quarter": 1,
            "eps": 0.71,
            "eps_growth_year": -13.41,
            "eps_4q": 3.11,
            "eps_4q_growth_year": -9.85,
            "roe": 4.33,
            "roe_4q": 20.26,
            "gross_profit": 268980,
            "gross_margin": 27.78,
            "gross_margin_4q_avg": 28.28,
            "net_income": 148987,
            "revenue": 968424,
            "common_shares": 2105100,
            "book_valuer_per_share": 16.46,
            "book_valuer_per_share_4q_avg": 15.47,
            "equity": 3465226,
            "current_ratio": 236.34,
            "debt_ratio": 16.28,
            "inventory_turnover_ratio": 5.38,
            "account_receivable_turnover_ratio": null,
            "reinvestment_rate": 5.32,
            "research_to_sale_ratio": null,
            "price_fair": 101.41,
            "eps_avg_yearly": 2.9,
            "eps_latest_yearly": 2.84,
            "eps_growth_yearly": 37.27
        },
        "20072": {
            "year_quarter": 20072,
            "year": 2007,
            "quarter": 2,
            "eps": 0.62,
            "eps_growth_year": -32.61,
            "eps_4q": 2.83,
            "eps_4q_growth_year": -20.53,
            "roe": 4.01,
            "roe_4q": 18.39,
            "gross_profit": 269555,
            "gross_margin": 28.03,
            "gross_margin_4q_avg": 28.08,
            "net_income": 131033,
            "revenue": 961501,
            "common_shares": 2105100,
            "book_valuer_per_share": 14.56,
            "book_valuer_per_share_4q_avg": 15.44,
            "equity": 3065528,
            "current_ratio": 115.8,
            "debt_ratio": 28.34,
            "inventory_turnover_ratio": 5.89,
            "account_receivable_turnover_ratio": null,
            "reinvestment_rate": 20.94,
            "research_to_sale_ratio": null,
            "price_fair": 104.13,
            "eps_avg_yearly": 2.98,
            "eps_latest_yearly": 2.48,
            "eps_growth_yearly": 30.4
        },
        "20073": {
            "year_quarter": 20073,
            "year": 2007,
            "quarter": 3,
            "eps": 0.67,
            "eps_growth_year": -22.99,
            "eps_4q": 2.57,
            "eps_4q_growth_year": -22.69,
            "roe": 4.61,
            "roe_4q": 17.01,
            "gross_profit": 290424,
            "gross_margin": 30.27,
            "gross_margin_4q_avg": 28.46,
            "net_income": 145573,
            "revenue": 959555,
            "common_shares": 2181113,
            "book_valuer_per_share": 14.9,
            "book_valuer_per_share_4q_avg": 15.41,
            "equity": 3248792,
            "current_ratio": 200.67,
            "debt_ratio": 18.07,
            "inventory_turnover_ratio": 4.89,
            "account_receivable_turnover_ratio": null,
            "reinvestment_rate": 5.81,
            "research_to_sale_ratio": null,
            "price_fair": 106.75,
            "eps_avg_yearly": 3.05,
            "eps_latest_yearly": 2.68,
            "eps_growth_yearly": 27.58
        },
        "20074": {
            "year_quarter": 20074,
            "year": 2007,
            "quarter": 4,
            "eps": 1.19,
            "eps_growth_year": 88.89,
            "eps_4q": 3.15,
            "eps_4q_growth_year": -0.81,
            "roe": 7.63,
            "roe_4q": 20.58,
            "gross_profit": 345544,
            "gross_margin": 31.5,
            "gross_margin_4q_avg": 29.4,
            "net_income": 258961,
            "revenue": 1097011,
            "common_shares": 2181113,
            "book_valuer_per_share": 15.9,
            "book_valuer_per_share_4q_avg": 15.46,
            "equity": 3540888,
            "current_ratio": 190.62,
            "debt_ratio": 23.51,
            "inventory_turnover_ratio": 5.5,
            "account_receivable_turnover_ratio": null,
            "reinvestment_rate": 13.79,
            "research_to_sale_ratio": null,
            "price_fair": 111.65,
            "eps_avg_yearly": 3.19,
            "eps_latest_yearly": 4.76,
            "eps_growth_yearly": 29.41
        },
        "20081": {
            "year_quarter": 20081,
            "year": 2008,
            "quarter": 1,
            "eps": 1.91,
            "eps_growth_year": 169.01,
            "eps_4q": 4.33,
            "eps_4q_growth_year": 39.15,
            "roe": 11.18,
            "roe_4q": 27.43,
            "gross_profit": 344313,
            "gross_margin": 30.04,
            "gross_margin_4q_avg": 29.96,
            "net_income": 419811,
            "revenue": 1146243,
            "common_shares": 2181113,
            "book_valuer_per_share": 17.86,
            "book_valuer_per_share_4q_avg": 15.81,
            "equity": 3971406,
            "current_ratio": 256.99,
            "debt_ratio": 17.75,
            "inventory_turnover_ratio": 8.76,
            "account_receivable_turnover_ratio": null,
            "reinvestment_rate": 16.01,
            "research_to_sale_ratio": null,
            "price_fair": 124.34,
            "eps_avg_yearly": 3.55,
            "eps_latest_yearly": 7.64,
            "eps_growth_yearly": 51.29
        },
        "20082": {
            "year_quarter": 20082,
            "year": 2008,
            "quarter": 2,
            "eps": 0.99,
            "eps_growth_year": 59.68,
            "eps_4q": 4.67,
            "eps_4q_growth_year": 65.36,
            "roe": 5.78,
            "roe_4q": 29.2,
            "gross_profit": 380825,
            "gross_margin": 31.66,
            "gross_margin_4q_avg": 30.87,
            "net_income": 219761,
            "revenue": 1202876,
            "common_shares": 2181113,
            "book_valuer_per_share": 16.34,
            "book_valuer_per_share_4q_avg": 16.25,
            "equity": 3633120,
            "current_ratio": 146.12,
            "debt_ratio": 28.31,
            "inventory_turnover_ratio": 12.42,
            "account_receivable_turnover_ratio": null,
            "reinvestment_rate": 27.2,
            "research_to_sale_ratio": null,
            "price_fair": 118.91,
            "eps_avg_yearly": 3.61,
            "eps_latest_yearly": 3.96,
            "eps_growth_yearly": 22.94
        },
        "20083": {
            "year_quarter": 20083,
            "year": 2008,
            "quarter": 3,
            "eps": 0.79,
            "eps_growth_year": 17.91,
            "eps_4q": 4.67,
            "eps_4q_growth_year": 81.73,
            "roe": 4.9,
            "roe_4q": 29.49,
            "gross_profit": 360283,
            "gross_margin": 28.83,
            "gross_margin_4q_avg": 30.51,
            "net_income": 180747,
            "revenue": 1249597,
            "common_shares": 2259458,
            "book_valuer_per_share": 16.26,
            "book_valuer_per_share_4q_avg": 16.59,
            "equity": 3744135,
            "current_ratio": 175.64,
            "debt_ratio": 18.24,
            "inventory_turnover_ratio": 7.84,
            "account_receivable_turnover_ratio": null,
            "reinvestment_rate": 19.62,
            "research_to_sale_ratio": null,
            "price_fair": 98.37,
            "eps_avg_yearly": 3.61,
            "eps_latest_yearly": 3.16,
            "eps_growth_yearly": 17.23
        },
        "20084": {
            "year_quarter": 20084,
            "year": 2008,
            "quarter": 4,
            "eps": 0.88,
            "eps_growth_year": -26.05,
            "eps_4q": 4.45,
            "eps_4q_growth_year": 41.52,
            "roe": 5.27,
            "roe_4q": 27.13,
            "gross_profit": 419990,
            "gross_margin": 29.59,
            "gross_margin_4q_avg": 30.03,
            "net_income": 199348,
            "revenue": 1419594,
            "common_shares": 2259458,
            "book_valuer_per_share": 16.6,
            "book_valuer_per_share_4q_avg": 16.77,
            "equity": 3822339,
            "current_ratio": 190.07,
            "debt_ratio": 17.54,
            "inventory_turnover_ratio": 7.54,
            "account_receivable_turnover_ratio": 5.43,
            "reinvestment_rate": 35.73,
            "research_to_sale_ratio": null,
            "price_fair": 114.39,
            "eps_avg_yearly": 3.65,
            "eps_latest_yearly": 3.52,
            "eps_growth_yearly": 21.36
        },
        "20091": {
            "year_quarter": 20091,
            "year": 2009,
            "quarter": 1,
            "eps": 0.85,
            "eps_growth_year": -55.5,
            "eps_4q": 3.43,
            "eps_4q_growth_year": -20.94,
            "roe": 4.97,
            "roe_4q": 20.919999999999998,
            "gross_profit": 388127,
            "gross_margin": 31.82,
            "gross_margin_4q_avg": 30.48,
            "net_income": 194623,
            "revenue": 1219919,
            "common_shares": 2259458,
            "book_valuer_per_share": 17.45,
            "book_valuer_per_share_4q_avg": 16.66,
            "equity": 4015323,
            "current_ratio": 176.17,
            "debt_ratio": 18.69,
            "inventory_turnover_ratio": 7.69,
            "account_receivable_turnover_ratio": 2.29,
            "reinvestment_rate": 43.25,
            "research_to_sale_ratio": null,
            "price_fair": 87.39,
            "eps_avg_yearly": 3.63,
            "eps_latest_yearly": 3.4,
            "eps_growth_yearly": 14.09
        },
        "20092": {
            "year_quarter": 20092,
            "year": 2009,
            "quarter": 2,
            "eps": 0.81,
            "eps_growth_year": -18.18,
            "eps_4q": 3.29,
            "eps_4q_growth_year": -29.56,
            "roe": 4.82,
            "roe_4q": 19.96,
            "gross_profit": 379077,
            "gross_margin": 29.08,
            "gross_margin_4q_avg": 29.83,
            "net_income": 184621,
            "revenue": 1303769,
            "common_shares": 2259458,
            "book_valuer_per_share": 15.86,
            "book_valuer_per_share_4q_avg": 16.54,
            "equity": 3650156,
            "current_ratio": 115.51,
            "debt_ratio": 29.33,
            "inventory_turnover_ratio": 6.37,
            "account_receivable_turnover_ratio": 2.34,
            "reinvestment_rate": 46.16,
            "research_to_sale_ratio": null,
            "price_fair": 91.71,
            "eps_avg_yearly": 3.62,
            "eps_latest_yearly": 3.24,
            "eps_growth_yearly": 15.33
        },
        "20093": {
            "year_quarter": 20093,
            "year": 2009,
            "quarter": 3,
            "eps": 0.68,
            "eps_growth_year": -13.92,
            "eps_4q": 3.15,
            "eps_4q_growth_year": -32.54,
            "roe": 4.19,
            "roe_4q": 19.25,
            "gross_profit": 332148,
            "gross_margin": 27.93,
            "gross_margin_4q_avg": 29.61,
            "net_income": 156898,
            "revenue": 1189398,
            "common_shares": 2259458,
            "book_valuer_per_share": 16.73,
            "book_valuer_per_share_4q_avg": 16.66,
            "equity": 3847288,
            "current_ratio": 131.81,
            "debt_ratio": 21.65,
            "inventory_turnover_ratio": 4.7,
            "account_receivable_turnover_ratio": 2.12,
            "reinvestment_rate": 49.59,
            "research_to_sale_ratio": null,
            "price_fair": 58.62,
            "eps_avg_yearly": 3.54,
            "eps_latest_yearly": 2.72,
            "eps_growth_yearly": 6.56
        },
        "20094": {
            "year_quarter": 20094,
            "year": 2009,
            "quarter": 4,
            "eps": 0.97,
            "eps_growth_year": 10.23,
            "eps_4q": 3.31,
            "eps_4q_growth_year": -25.65,
            "roe": 5.55,
            "roe_4q": 19.53,
            "gross_profit": 341513,
            "gross_margin": 27.38,
            "gross_margin_4q_avg": 29.05,
            "net_income": 220566,
            "revenue": 1247262,
            "common_shares": 2259458,
            "book_valuer_per_share": 17.85,
            "book_valuer_per_share_4q_avg": 16.97,
            "equity": 4102834,
            "current_ratio": 163.77,
            "debt_ratio": 20.11,
            "inventory_turnover_ratio": 5.06,
            "account_receivable_turnover_ratio": 5.02,
            "reinvestment_rate": 54.74,
            "research_to_sale_ratio": null,
            "price_fair": 113.48,
            "eps_avg_yearly": 3.58,
            "eps_latest_yearly": 3.88,
            "eps_growth_yearly": 21.72
        },
        "20101": {
            "year_quarter": 20101,
            "year": 2010,
            "quarter": 1,
            "eps": 0.52,
            "eps_growth_year": -38.4,
            "eps_4q": 2.98,
            "eps_4q_growth_year": -12.99,
            "roe": 2.9,
            "roe_4q": 17.46,
            "gross_profit": 270638,
            "gross_margin": 23.59,
            "gross_margin_4q_avg": 27,
            "net_income": 120667,
            "revenue": 1147027,
            "common_shares": 2259458,
            "book_valuer_per_share": 18.37,
            "book_valuer_per_share_4q_avg": 17.2,
            "equity": 4222635,
            "current_ratio": 182.42,
            "debt_ratio": 18.07,
            "inventory_turnover_ratio": 5.43,
            "account_receivable_turnover_ratio": 2.15,
            "reinvestment_rate": 58.79,
            "research_to_sale_ratio": 0.39,
            "price_fair": 70.48,
            "eps_avg_yearly": 3.5,
            "eps_latest_yearly": 2.08,
            "eps_growth_yearly": 10.12
        },
        "20102": {
            "year_quarter": 20102,
            "year": 2010,
            "quarter": 2,
            "eps": 0.5,
            "eps_growth_year": -38.82,
            "eps_4q": 2.67,
            "eps_4q_growth_year": -18.87,
            "roe": 2.91,
            "roe_4q": 15.55,
            "gross_profit": 262533,
            "gross_margin": 22.42,
            "gross_margin_4q_avg": 25.33,
            "net_income": 114582,
            "revenue": 1170795,
            "common_shares": 2259458,
            "book_valuer_per_share": 15.92,
            "book_valuer_per_share_4q_avg": 17.22,
            "equity": 3663792,
            "current_ratio": 113.26,
            "debt_ratio": 28.27,
            "inventory_turnover_ratio": 6.19,
            "account_receivable_turnover_ratio": 2.01,
            "reinvestment_rate": 60.29,
            "research_to_sale_ratio": 0.47,
            "price_fair": 54.74,
            "eps_avg_yearly": 3.4,
            "eps_latest_yearly": 2,
            "eps_growth_yearly": 6.11
        },
        "20103": {
            "year_quarter": 20103,
            "year": 2010,
            "quarter": 3,
            "eps": 0.56,
            "eps_growth_year": -17.72,
            "eps_4q": 2.55,
            "eps_4q_growth_year": -19.25,
            "roe": 3.43,
            "roe_4q": 14.79,
            "gross_profit": 252659,
            "gross_margin": 21.02,
            "gross_margin_4q_avg": 23.6,
            "net_income": 128668,
            "revenue": 1202010,
            "common_shares": 2259458,
            "book_valuer_per_share": 16.66,
            "book_valuer_per_share_4q_avg": 17.2,
            "equity": 3832283,
            "current_ratio": 131.69,
            "debt_ratio": 22.71,
            "inventory_turnover_ratio": 6.78,
            "account_receivable_turnover_ratio": 2.02,
            "reinvestment_rate": 60.62,
            "research_to_sale_ratio": 0.43,
            "price_fair": 67.96,
            "eps_avg_yearly": 3.32,
            "eps_latest_yearly": 2.24,
            "eps_growth_yearly": 10.47
        },
        "20104": {
            "year_quarter": 20104,
            "year": 2010,
            "quarter": 4,
            "eps": 1,
            "eps_growth_year": 3.32,
            "eps_4q": 2.58,
            "eps_4q_growth_year": -22.03,
            "roe": 5.79,
            "roe_4q": 15.030000000000001,
            "gross_profit": 393829,
            "gross_margin": 26.1,
            "gross_margin_4q_avg": 23.28,
            "net_income": 228723,
            "revenue": 1508764,
            "common_shares": 2259458,
            "book_valuer_per_share": 17.69,
            "book_valuer_per_share_4q_avg": 17.16,
            "equity": 4069306,
            "current_ratio": 151.24,
            "debt_ratio": 20.45,
            "inventory_turnover_ratio": 10.08,
            "account_receivable_turnover_ratio": 2.4,
            "reinvestment_rate": 55.32,
            "research_to_sale_ratio": 0.38,
            "price_fair": 119.44,
            "eps_avg_yearly": 3.41,
            "eps_latest_yearly": 4,
            "eps_growth_yearly": 37.01
        },
        "20111": {
            "year_quarter": 20111,
            "year": 2011,
            "quarter": 1,
            "eps": 0.75,
            "eps_growth_year": 43.25,
            "eps_4q": 2.81,
            "eps_4q_growth_year": -5.74,
            "roe": 4.14,
            "roe_4q": 16.27,
            "gross_profit": 322861,
            "gross_margin": 23.61,
            "gross_margin_4q_avg": 23.29,
            "net_income": 172884,
            "revenue": 1367625,
            "common_shares": 2259458,
            "book_valuer_per_share": 18.59,
            "book_valuer_per_share_4q_avg": 17.22,
            "equity": 4273845,
            "current_ratio": 180.76,
            "debt_ratio": 17.4,
            "inventory_turnover_ratio": 7.99,
            "account_receivable_turnover_ratio": 2.07,
            "reinvestment_rate": 57.32,
            "research_to_sale_ratio": 0.43,
            "price_fair": 119.79,
            "eps_avg_yearly": 3.42,
            "eps_latest_yearly": 3,
            "eps_growth_yearly": 27.59
        },
        "20112": {
            "year_quarter": 20112,
            "year": 2011,
            "quarter": 2,
            "eps": 0.66,
            "eps_growth_year": 32.56,
            "eps_4q": 2.97,
            "eps_4q_growth_year": 11.24,
            "roe": 3.73,
            "roe_4q": 17.09,
            "gross_profit": 291034,
            "gross_margin": 21.59,
            "gross_margin_4q_avg": 23.08,
            "net_income": 151264,
            "revenue": 1348209,
            "common_shares": 2259458,
            "book_valuer_per_share": 16.72,
            "book_valuer_per_share_4q_avg": 17.42,
            "equity": 3845880,
            "current_ratio": 121.35,
            "debt_ratio": 26.24,
            "inventory_turnover_ratio": 6.66,
            "account_receivable_turnover_ratio": 2.16,
            "reinvestment_rate": 45.61,
            "research_to_sale_ratio": 0.57,
            "price_fair": 120.14,
            "eps_avg_yearly": 3.43,
            "eps_latest_yearly": 2.64,
            "eps_growth_yearly": 27.75
        },
        "20113": {
            "year_quarter": 20113,
            "year": 2011,
            "quarter": 3,
            "eps": 0.74,
            "eps_growth_year": 32.2,
            "eps_4q": 3.15,
            "eps_4q_growth_year": 23.77,
            "roe": 4.39,
            "roe_4q": 18.049999999999997,
            "gross_profit": 297035,
            "gross_margin": 21.29,
            "gross_margin_4q_avg": 23.15,
            "net_income": 170563,
            "revenue": 1394866,
            "common_shares": 2259458,
            "book_valuer_per_share": 17.07,
            "book_valuer_per_share_4q_avg": 17.52,
            "equity": 3925162,
            "current_ratio": 140.38,
            "debt_ratio": 20.43,
            "inventory_turnover_ratio": 6.78,
            "account_receivable_turnover_ratio": 2.42,
            "reinvestment_rate": 55.85,
            "research_to_sale_ratio": 0.56,
            "price_fair": 120.75,
            "eps_avg_yearly": 3.45,
            "eps_latest_yearly": 2.96,
            "eps_growth_yearly": 28.77
        },
        "20114": {
            "year_quarter": 20114,
            "year": 2011,
            "quarter": 4,
            "eps": 0.8,
            "eps_growth_year": -20.04,
            "eps_4q": 2.95,
            "eps_4q_growth_year": 14.31,
            "roe": 5.15,
            "roe_4q": 17.41,
            "gross_profit": 390640,
            "gross_margin": 27.79,
            "gross_margin_4q_avg": 23.57,
            "net_income": 206867,
            "revenue": 1405805,
            "common_shares": 2259458,
            "book_valuer_per_share": 17.78,
            "book_valuer_per_share_4q_avg": 17.54,
            "equity": 4111750,
            "current_ratio": 164.23,
            "debt_ratio": 19.73,
            "inventory_turnover_ratio": 5.86,
            "account_receivable_turnover_ratio": 2.17,
            "reinvestment_rate": 49.61,
            "research_to_sale_ratio": 0.53,
            "price_fair": 71.72,
            "eps_avg_yearly": 3.35,
            "eps_latest_yearly": 3.2,
            "eps_growth_yearly": 11.39
        },
        "20121": {
            "year_quarter": 20121,
            "year": 2012,
            "quarter": 1,
            "eps": 0.79,
            "eps_growth_year": 5.33,
            "eps_4q": 2.99,
            "eps_4q_growth_year": 6.26,
            "roe": 4.28,
            "roe_4q": 17.55,
            "gross_profit": 292747,
            "gross_margin": 22.29,
            "gross_margin_4q_avg": 23.24,
            "net_income": 180525,
            "revenue": 1313292,
            "common_shares": 2259458,
            "book_valuer_per_share": 18.64,
            "book_valuer_per_share_4q_avg": 17.55,
            "equity": 4320948,
            "current_ratio": 169,
            "debt_ratio": 19.74,
            "inventory_turnover_ratio": 5.54,
            "account_receivable_turnover_ratio": 1.94,
            "reinvestment_rate": 58.03,
            "research_to_sale_ratio": 0.65,
            "price_fair": 9.22,
            "eps_avg_yearly": 3.07,
            "eps_latest_yearly": 3.16,
            "eps_growth_yearly": -4.05
        },
        "20122": {
            "year_quarter": 20122,
            "year": 2012,
            "quarter": 2,
            "eps": 0.83,
            "eps_growth_year": 26.79,
            "eps_4q": 3.16,
            "eps_4q_growth_year": 6.41,
            "roe": 4.71,
            "roe_4q": 18.53,
            "gross_profit": 299468,
            "gross_margin": 21.19,
            "gross_margin_4q_avg": 23.14,
            "net_income": 191278,
            "revenue": 1413537,
            "common_shares": 2259458,
            "book_valuer_per_share": 16.37,
            "book_valuer_per_share_4q_avg": 17.47,
            "equity": 3795105,
            "current_ratio": 110.77,
            "debt_ratio": 30.48,
            "inventory_turnover_ratio": 5.5,
            "account_receivable_turnover_ratio": 2.11,
            "reinvestment_rate": 45.82,
            "research_to_sale_ratio": 0.58,
            "price_fair": 58.41,
            "eps_avg_yearly": 3.03,
            "eps_latest_yearly": 3.32,
            "eps_growth_yearly": 9.26
        },
        "20123": {
            "year_quarter": 20123,
            "year": 2012,
            "quarter": 3,
            "eps": 0.72,
            "eps_growth_year": -3.11,
            "eps_4q": 3.14,
            "eps_4q_growth_year": -0.4,
            "roe": 4.24,
            "roe_4q": 18.380000000000003,
            "gross_profit": 253608,
            "gross_margin": 18.5,
            "gross_margin_4q_avg": 22.44,
            "net_income": 164248,
            "revenue": 1370629,
            "common_shares": 2259458,
            "book_valuer_per_share": 17.04,
            "book_valuer_per_share_4q_avg": 17.46,
            "equity": 3949718,
            "current_ratio": 121.83,
            "debt_ratio": 25.29,
            "inventory_turnover_ratio": 6.05,
            "account_receivable_turnover_ratio": 1.94,
            "reinvestment_rate": 37.31,
            "research_to_sale_ratio": 0.58,
            "price_fair": 63.31,
            "eps_avg_yearly": 3.02,
            "eps_latest_yearly": 2.88,
            "eps_growth_yearly": 11
        },
        "20124": {
            "year_quarter": 20124,
            "year": 2012,
            "quarter": 4,
            "eps": 0.63,
            "eps_growth_year": -21.89,
            "eps_4q": 2.96,
            "eps_4q_growth_year": 0.44,
            "roe": 3.68,
            "roe_4q": 16.91,
            "gross_profit": 293187,
            "gross_margin": 21.3,
            "gross_margin_4q_avg": 20.82,
            "net_income": 147964,
            "revenue": 1376668,
            "common_shares": 2259458,
            "book_valuer_per_share": 17.66,
            "book_valuer_per_share_4q_avg": 17.43,
            "equity": 4094679,
            "current_ratio": 134.69,
            "debt_ratio": 24.61,
            "inventory_turnover_ratio": 6.16,
            "account_receivable_turnover_ratio": 1.95,
            "reinvestment_rate": 26.43,
            "research_to_sale_ratio": 0.56,
            "price_fair": 44.37,
            "eps_avg_yearly": 2.95,
            "eps_latest_yearly": 2.52,
            "eps_growth_yearly": 5.03
        },
        "20131": {
            "year_quarter": 20131,
            "year": 2013,
            "quarter": 1,
            "eps": 0.71,
            "eps_growth_year": -10.13,
            "eps_4q": 2.88,
            "eps_4q_growth_year": -3.47,
            "roe": 3.88,
            "roe_4q": 16.51,
            "gross_profit": 270680,
            "gross_margin": 19.14,
            "gross_margin_4q_avg": 20.03,
            "net_income": 161904,
            "revenue": 1414344,
            "common_shares": 2259458,
            "book_valuer_per_share": 18.34,
            "book_valuer_per_share_4q_avg": 17.35,
            "equity": 4250730,
            "current_ratio": 146.76,
            "debt_ratio": 23.11,
            "inventory_turnover_ratio": 6.8,
            "account_receivable_turnover_ratio": 2,
            "reinvestment_rate": 16.5,
            "research_to_sale_ratio": 0.43,
            "price_fair": 55.59,
            "eps_avg_yearly": 2.92,
            "eps_latest_yearly": 2.84,
            "eps_growth_yearly": 9.05
        },
        "20132": {
            "year_quarter": 20132,
            "year": 2013,
            "quarter": 2,
            "eps": 1.02,
            "eps_growth_year": 22.46,
            "eps_4q": 3.07,
            "eps_4q_growth_year": -2.86,
            "roe": 5.79,
            "roe_4q": 17.59,
            "gross_profit": 347496,
            "gross_margin": 21.51,
            "gross_margin_4q_avg": 20.11,
            "net_income": 233811,
            "revenue": 1615801,
            "common_shares": 2259458,
            "book_valuer_per_share": 16.48,
            "book_valuer_per_share_4q_avg": 17.38,
            "equity": 3822380,
            "current_ratio": 100.25,
            "debt_ratio": 34.6,
            "inventory_turnover_ratio": 8.21,
            "account_receivable_turnover_ratio": 1.98,
            "reinvestment_rate": 12.74,
            "research_to_sale_ratio": 0.37,
            "price_fair": 92.5,
            "eps_avg_yearly": 2.97,
            "eps_latest_yearly": 4.08,
            "eps_growth_yearly": 21.15
        },
        "20133": {
            "year_quarter": 20133,
            "year": 2013,
            "quarter": 3,
            "eps": 1.03,
            "eps_growth_year": 43.74,
            "eps_4q": 3.39,
            "eps_4q_growth_year": 7.93,
            "roe": 5.98,
            "roe_4q": 19.33,
            "gross_profit": 355256,
            "gross_margin": 23.35,
            "gross_margin_4q_avg": 21.33,
            "net_income": 236834,
            "revenue": 1521159,
            "common_shares": 2259458,
            "book_valuer_per_share": 17.71,
            "book_valuer_per_share_4q_avg": 17.55,
            "equity": 4103879,
            "current_ratio": 109.08,
            "debt_ratio": 27.45,
            "inventory_turnover_ratio": 6.93,
            "account_receivable_turnover_ratio": 1.95,
            "reinvestment_rate": 12.12,
            "research_to_sale_ratio": 0.32,
            "price_fair": 107.01,
            "eps_avg_yearly": 3.06,
            "eps_latest_yearly": 4.12,
            "eps_growth_yearly": 25.4
        },
        "20134": {
            "year_quarter": 20134,
            "year": 2013,
            "quarter": 4,
            "eps": 1.16,
            "eps_growth_year": 84.69,
            "eps_4q": 3.92,
            "eps_4q_growth_year": 32.21,
            "roe": 6.42,
            "roe_4q": 22.07,
            "gross_profit": 407404,
            "gross_margin": 24.02,
            "gross_margin_4q_avg": 22.01,
            "net_income": 272253,
            "revenue": 1696076,
            "common_shares": 2259458,
            "book_valuer_per_share": 18.85,
            "book_valuer_per_share_4q_avg": 17.85,
            "equity": 4373645,
            "current_ratio": 124.38,
            "debt_ratio": 28.41,
            "inventory_turnover_ratio": 7.88,
            "account_receivable_turnover_ratio": 2.33,
            "reinvestment_rate": 13.13,
            "research_to_sale_ratio": 0.32,
            "price_fair": 86.62,
            "eps_avg_yearly": 3.11,
            "eps_latest_yearly": 4.64,
            "eps_growth_yearly": 17.9
        },
        "20141": {
            "year_quarter": 20141,
            "year": 2014,
            "quarter": 1,
            "eps": 0.95,
            "eps_growth_year": 33.8,
            "eps_4q": 4.16,
            "eps_4q_growth_year": 44.27,
            "roe": 4.86,
            "roe_4q": 23.05,
            "gross_profit": 339834,
            "gross_margin": 20.53,
            "gross_margin_4q_avg": 22.35,
            "net_income": 217425,
            "revenue": 1655692,
            "common_shares": 2259458,
            "book_valuer_per_share": 19.72,
            "book_valuer_per_share_4q_avg": 18.19,
            "equity": 4571779,
            "current_ratio": 136.1,
            "debt_ratio": 25.05,
            "inventory_turnover_ratio": 9.22,
            "account_receivable_turnover_ratio": 2.05,
            "reinvestment_rate": 12.85,
            "research_to_sale_ratio": 0.33,
            "price_fair": 112.34,
            "eps_avg_yearly": 3.21,
            "eps_latest_yearly": 3.8,
            "eps_growth_yearly": 24.97
        },
        "20142": {
            "year_quarter": 20142,
            "year": 2014,
            "quarter": 2,
            "eps": 1.14,
            "eps_growth_year": 11.76,
            "eps_4q": 4.28,
            "eps_4q_growth_year": 39.24,
            "roe": 6.08,
            "roe_4q": 23.34,
            "gross_profit": 406035,
            "gross_margin": 23.46,
            "gross_margin_4q_avg": 22.84,
            "net_income": 263024,
            "revenue": 1730890,
            "common_shares": 2259458,
            "book_valuer_per_share": 17.59,
            "book_valuer_per_share_4q_avg": 18.47,
            "equity": 4080195,
            "current_ratio": 102.6,
            "debt_ratio": 32.23,
            "inventory_turnover_ratio": 8.25,
            "account_receivable_turnover_ratio": 2.27,
            "reinvestment_rate": 10.77,
            "research_to_sale_ratio": 0.35,
            "price_fair": 118.04,
            "eps_avg_yearly": 3.37,
            "eps_latest_yearly": 4.56,
            "eps_growth_yearly": 30.93
        },
        "20143": {
            "year_quarter": 20143,
            "year": 2014,
            "quarter": 3,
            "eps": 1.17,
            "eps_growth_year": 13.59,
            "eps_4q": 4.42,
            "eps_4q_growth_year": 30.43,
            "roe": 6.42,
            "roe_4q": 23.78,
            "gross_profit": 406667,
            "gross_margin": 24.37,
            "gross_margin_4q_avg": 23.1,
            "net_income": 271325,
            "revenue": 1668722,
            "common_shares": 2259458,
            "book_valuer_per_share": 18.83,
            "book_valuer_per_share_4q_avg": 18.75,
            "equity": 4366624,
            "current_ratio": 122.37,
            "debt_ratio": 27.03,
            "inventory_turnover_ratio": 5.96,
            "account_receivable_turnover_ratio": 2.26,
            "reinvestment_rate": 8.6,
            "research_to_sale_ratio": 0.4,
            "price_fair": 123.38,
            "eps_avg_yearly": 3.53,
            "eps_latest_yearly": 4.68,
            "eps_growth_yearly": 28.59
        },
        "20144": {
            "year_quarter": 20144,
            "year": 2014,
            "quarter": 4,
            "eps": 1.31,
            "eps_growth_year": 13.15,
            "eps_4q": 4.57,
            "eps_4q_growth_year": 16.66,
            "roe": 6.89,
            "roe_4q": 24.25,
            "gross_profit": 461169,
            "gross_margin": 23.38,
            "gross_margin_4q_avg": 22.94,
            "net_income": 311829,
            "revenue": 1972345,
            "common_shares": 2259458,
            "book_valuer_per_share": 20.17,
            "book_valuer_per_share_4q_avg": 19.08,
            "equity": 4683718,
            "current_ratio": 149.26,
            "debt_ratio": 27.2,
            "inventory_turnover_ratio": 7.07,
            "account_receivable_turnover_ratio": 2.33,
            "reinvestment_rate": 18.04,
            "research_to_sale_ratio": 0.32,
            "price_fair": 79.03,
            "eps_avg_yearly": 3.6,
            "eps_latest_yearly": 5.24,
            "eps_growth_yearly": 11.94
        },
        "20151": {
            "year_quarter": 20151,
            "year": 2015,
            "quarter": 1,
            "eps": 1.07,
            "eps_growth_year": 12.63,
            "eps_4q": 4.69,
            "eps_4q_growth_year": 12.89,
            "roe": 5.1,
            "roe_4q": 24.489999999999995,
            "gross_profit": 388973,
            "gross_margin": 20.18,
            "gross_margin_4q_avg": 22.85,
            "net_income": 244626,
            "revenue": 1927827,
            "common_shares": 2259458,
            "book_valuer_per_share": 21.17,
            "book_valuer_per_share_4q_avg": 19.44,
            "equity": 4912731,
            "current_ratio": 159.48,
            "debt_ratio": 27.03,
            "inventory_turnover_ratio": 7.86,
            "account_receivable_turnover_ratio": 2.01,
            "reinvestment_rate": 18.84,
            "research_to_sale_ratio": 0.32,
            "price_fair": 86.93,
            "eps_avg_yearly": 3.68,
            "eps_latest_yearly": 4.28,
            "eps_growth_yearly": 13.61
        },
        "20152": {
            "year_quarter": 20152,
            "year": 2015,
            "quarter": 2,
            "eps": 0.92,
            "eps_growth_year": -19.3,
            "eps_4q": 4.47,
            "eps_4q_growth_year": 4.54,
            "roe": 4.81,
            "roe_4q": 23.22,
            "gross_profit": 366254,
            "gross_margin": 18.66,
            "gross_margin_4q_avg": 21.65,
            "net_income": 217331,
            "revenue": 1963230,
            "common_shares": 2259458,
            "book_valuer_per_share": 17.77,
            "book_valuer_per_share_4q_avg": 19.49,
            "equity": 4127492,
            "current_ratio": 96.85,
            "debt_ratio": 36.68,
            "inventory_turnover_ratio": 7.83,
            "account_receivable_turnover_ratio": 2.3,
            "reinvestment_rate": 20.71,
            "research_to_sale_ratio": 0.29,
            "price_fair": 86.57,
            "eps_avg_yearly": 3.75,
            "eps_latest_yearly": 3.68,
            "eps_growth_yearly": 13.1
        },
        "20153": {
            "year_quarter": 20153,
            "year": 2015,
            "quarter": 3,
            "eps": 0.95,
            "eps_growth_year": -18.8,
            "eps_4q": 4.24,
            "eps_4q_growth_year": -4,
            "roe": 5.14,
            "roe_4q": 21.939999999999998,
            "gross_profit": 339430,
            "gross_margin": 19.03,
            "gross_margin_4q_avg": 20.31,
            "net_income": 215695,
            "revenue": 1784097,
            "common_shares": 2259458,
            "book_valuer_per_share": 18.37,
            "book_valuer_per_share_4q_avg": 19.37,
            "equity": 4264135,
            "current_ratio": 101.97,
            "debt_ratio": 34.72,
            "inventory_turnover_ratio": 6.88,
            "account_receivable_turnover_ratio": 2.31,
            "reinvestment_rate": 24.56,
            "research_to_sale_ratio": 0.35,
            "price_fair": 79.37,
            "eps_avg_yearly": 3.8,
            "eps_latest_yearly": 3.8,
            "eps_growth_yearly": 10.89
        },
        "20154": {
            "year_quarter": 20154,
            "year": 2015,
            "quarter": 4,
            "eps": 1.06,
            "eps_growth_year": -19.14,
            "eps_4q": 3.99,
            "eps_4q_growth_year": -12.68,
            "roe": 5.54,
            "roe_4q": 20.589999999999996,
            "gross_profit": 391257,
            "gross_margin": 19.17,
            "gross_margin_4q_avg": 19.26,
            "net_income": 242079,
            "revenue": 2041234,
            "common_shares": 2259458,
            "book_valuer_per_share": 19.31,
            "book_valuer_per_share_4q_avg": 19.16,
            "equity": 4478920,
            "current_ratio": 113.73,
            "debt_ratio": 35.83,
            "inventory_turnover_ratio": 7.27,
            "account_receivable_turnover_ratio": 2.41,
            "reinvestment_rate": 25.15,
            "research_to_sale_ratio": 0.31,
            "price_fair": 84.08,
            "eps_avg_yearly": 3.87,
            "eps_latest_yearly": 4.24,
            "eps_growth_yearly": 11.75
        },
        "20161": {
            "year_quarter": 20161,
            "year": 2016,
            "quarter": 1,
            "eps": 0.65,
            "eps_growth_year": -39.25,
            "eps_4q": 3.57,
            "eps_4q_growth_year": -23.93,
            "roe": 3.27,
            "roe_4q": 18.759999999999998,
            "gross_profit": 255675,
            "gross_margin": 14.87,
            "gross_margin_4q_avg": 17.93,
            "net_income": 149336,
            "revenue": 1719882,
            "common_shares": 2259458,
            "book_valuer_per_share": 20.13,
            "book_valuer_per_share_4q_avg": 18.9,
            "equity": 4668199,
            "current_ratio": 113.78,
            "debt_ratio": 32.89,
            "inventory_turnover_ratio": 5.22,
            "account_receivable_turnover_ratio": 2,
            "reinvestment_rate": 25.78,
            "research_to_sale_ratio": 0.34,
            "price_fair": 47.48,
            "eps_avg_yearly": 3.83,
            "eps_latest_yearly": 2.6,
            "eps_growth_yearly": 2.4
        },
        "20162": {
            "year_quarter": 20162,
            "year": 2016,
            "quarter": 2,
            "eps": 0.81,
            "eps_growth_year": -11.96,
            "eps_4q": 3.46,
            "eps_4q_growth_year": -22.57,
            "roe": 4.23,
            "roe_4q": 18.18,
            "gross_profit": 317414,
            "gross_margin": 17.32,
            "gross_margin_4q_avg": 17.6,
            "net_income": 184138,
            "revenue": 1832577,
            "common_shares": 2259458,
            "book_valuer_per_share": 17.32,
            "book_valuer_per_share_4q_avg": 18.78,
            "equity": 4028492,
            "current_ratio": 84.15,
            "debt_ratio": 41.82,
            "inventory_turnover_ratio": 5.11,
            "account_receivable_turnover_ratio": 2.17,
            "reinvestment_rate": 26.39,
            "research_to_sale_ratio": 0.24,
            "price_fair": 66.11,
            "eps_avg_yearly": 3.83,
            "eps_latest_yearly": 3.24,
            "eps_growth_yearly": 7.28
        },
        "20163": {
            "year_quarter": 20163,
            "year": 2016,
            "quarter": 3,
            "eps": 0.56,
            "eps_growth_year": -41.05,
            "eps_4q": 3.07,
            "eps_4q_growth_year": -27.57,
            "roe": 3.09,
            "roe_4q": 16.13,
            "gross_profit": 243268,
            "gross_margin": 15.85,
            "gross_margin_4q_avg": 16.8,
            "net_income": 126619,
            "revenue": 1534931,
            "common_shares": 2259458,
            "book_valuer_per_share": 17.93,
            "book_valuer_per_share_4q_avg": 18.67,
            "equity": 4165316,
            "current_ratio": 86.12,
            "debt_ratio": 38.51,
            "inventory_turnover_ratio": 4.69,
            "account_receivable_turnover_ratio": 2.06,
            "reinvestment_rate": 29,
            "research_to_sale_ratio": 0.29,
            "price_fair": 48.76,
            "eps_avg_yearly": 3.79,
            "eps_latest_yearly": 2.24,
            "eps_growth_yearly": 2.88
        },
        "20164": {
            "year_quarter": 20164,
            "year": 2016,
            "quarter": 4,
            "eps": 0.7,
            "eps_growth_year": -33.87,
            "eps_4q": 2.71,
            "eps_4q_growth_year": -32.01,
            "roe": 3.8,
            "roe_4q": 14.39,
            "gross_profit": 296412,
            "gross_margin": 16.8,
            "gross_margin_4q_avg": 16.21,
            "net_income": 161667,
            "revenue": 1763832,
            "common_shares": 2259458,
            "book_valuer_per_share": 18.67,
            "book_valuer_per_share_4q_avg": 18.51,
            "equity": 4335897,
            "current_ratio": 90.95,
            "debt_ratio": 38.27,
            "inventory_turnover_ratio": 5.7,
            "account_receivable_turnover_ratio": 2.26,
            "reinvestment_rate": 31.33,
            "research_to_sale_ratio": 0.25,
            "price_fair": 84.63,
            "eps_avg_yearly": 3.8,
            "eps_latest_yearly": 2.8,
            "eps_growth_yearly": 12.26
        },
        "20171": {
            "year_quarter": 20171,
            "year": 2017,
            "quarter": 1,
            "eps": 0.77,
            "eps_growth_year": 18.46,
            "eps_4q": 2.83,
            "eps_4q_growth_year": -20.6,
            "roe": 3.93,
            "roe_4q": 15.05,
            "gross_profit": 305032,
            "gross_margin": 18.46,
            "gross_margin_4q_avg": 17.11,
            "net_income": 173819,
            "revenue": 1652466,
            "common_shares": 2259458,
            "book_valuer_per_share": 19.43,
            "book_valuer_per_share_4q_avg": 18.34,
            "equity": 4508288,
            "current_ratio": 94.47,
            "debt_ratio": 35.48,
            "inventory_turnover_ratio": 5.5,
            "account_receivable_turnover_ratio": 2.15,
            "reinvestment_rate": 35.36,
            "research_to_sale_ratio": 0.33,
            "price_fair": 82.39,
            "eps_avg_yearly": 3.82,
            "eps_latest_yearly": 3.08,
            "eps_growth_yearly": 11.58
        },
        "20172": {
            "year_quarter": 20172,
            "year": 2017,
            "quarter": 2,
            "eps": 0.66,
            "eps_growth_year": -18.52,
            "eps_4q": 2.69,
            "eps_4q_growth_year": -22.4,
            "roe": 3.16,
            "roe_4q": 13.98,
            "gross_profit": 250319,
            "gross_margin": 15.17,
            "gross_margin_4q_avg": 16.57,
            "net_income": 134387,
            "revenue": 1649711,
            "common_shares": 2259458,
            "book_valuer_per_share": 17.22,
            "book_valuer_per_share_4q_avg": 18.31,
            "equity": 3985551,
            "current_ratio": 71.37,
            "debt_ratio": 42.53,
            "inventory_turnover_ratio": 5.56,
            "account_receivable_turnover_ratio": 2.54,
            "reinvestment_rate": 38.84,
            "research_to_sale_ratio": 0.36,
            "price_fair": 11.18,
            "eps_avg_yearly": 3.73,
            "eps_latest_yearly": 2.64,
            "eps_growth_yearly": -2.9
        },
        "20173": {
            "year_quarter": 20173,
            "year": 2017,
            "quarter": 3,
            "eps": 0.98,
            "eps_growth_year": 75,
            "eps_4q": 3.11,
            "eps_4q_growth_year": 1.18,
            "roe": 5.64,
            "roe_4q": 16.53,
            "gross_profit": 359988,
            "gross_margin": 19.62,
            "gross_margin_4q_avg": 17.51,
            "net_income": 231022,
            "revenue": 1834810,
            "common_shares": 2259458,
            "book_valuer_per_share": 18.13,
            "book_valuer_per_share_4q_avg": 18.36,
            "equity": 4200850,
            "current_ratio": 74.99,
            "debt_ratio": 41.99,
            "inventory_turnover_ratio": 5.8,
            "account_receivable_turnover_ratio": 2.55,
            "reinvestment_rate": 43.95,
            "research_to_sale_ratio": 0.36,
            "price_fair": 70.48,
            "eps_avg_yearly": 3.72,
            "eps_latest_yearly": 3.92,
            "eps_growth_yearly": 8.97
        },
        "20174": {
            "year_quarter": 20174,
            "year": 2017,
            "quarter": 4,
            "eps": 0.96,
            "eps_growth_year": 37.37,
            "eps_4q": 3.37,
            "eps_4q_growth_year": 24.17,
            "roe": 5.74,
            "roe_4q": 18.47,
            "gross_profit": 406376,
            "gross_margin": 19.09,
            "gross_margin_4q_avg": 18.09,
            "net_income": 248204,
            "revenue": 2129113,
            "common_shares": 2259458,
            "book_valuer_per_share": 19.05,
            "book_valuer_per_share_4q_avg": 18.46,
            "equity": 4439793,
            "current_ratio": 100.16,
            "debt_ratio": 42.63,
            "inventory_turnover_ratio": 6.52,
            "account_receivable_turnover_ratio": 2.26,
            "reinvestment_rate": 33.61,
            "research_to_sale_ratio": 0.32,
            "price_fair": 56.1,
            "eps_avg_yearly": 3.67,
            "eps_latest_yearly": 3.84,
            "eps_growth_yearly": 5.31
        },
        "20181": {
            "year_quarter": 20181,
            "year": 2018,
            "quarter": 1,
            "eps": 0.74,
            "eps_growth_year": -3.9,
            "eps_4q": 3.34,
            "eps_4q_growth_year": 17.87,
            "roe": 3.78,
            "roe_4q": 18.32,
            "gross_profit": 315619,
            "gross_margin": 14.9,
            "gross_margin_4q_avg": 17.2,
            "net_income": 170868,
            "revenue": 2118335,
            "common_shares": 2259458,
            "book_valuer_per_share": 19.69,
            "book_valuer_per_share_4q_avg": 18.52,
            "equity": 4597787,
            "current_ratio": 102.59,
            "debt_ratio": 39.04,
            "inventory_turnover_ratio": 6.65,
            "account_receivable_turnover_ratio": 2.06,
            "reinvestment_rate": 32.59,
            "research_to_sale_ratio": 0.28,
            "price_fair": 50.95,
            "eps_avg_yearly": 3.61,
            "eps_latest_yearly": 2.96,
            "eps_growth_yearly": 4.1
        },
        "20182": {
            "year_quarter": 20182,
            "year": 2018,
            "quarter": 2,
            "eps": 0.75,
            "eps_growth_year": 13.64,
            "eps_4q": 3.19,
            "eps_4q_growth_year": 18.94,
            "roe": 4.15,
            "roe_4q": 19.31,
            "gross_profit": 373997,
            "gross_margin": 16.02,
            "gross_margin_4q_avg": 17.41,
            "net_income": 189947,
            "revenue": 2335152,
            "common_shares": 2259458,
            "book_valuer_per_share": 19.55,
            "book_valuer_per_share_4q_avg": 19.11,
            "equity": 4547240,
            "current_ratio": 82.51,
            "debt_ratio": 51.04,
            "inventory_turnover_ratio": 6.94,
            "account_receivable_turnover_ratio": 2.26,
            "reinvestment_rate": 76.51,
            "research_to_sale_ratio": 0.3,
            "price_fair": 10.55,
            "eps_avg_yearly": 3.52,
            "eps_latest_yearly": 3,
            "eps_growth_yearly": -0.56
        },
        "20183": {
            "year_quarter": 20183,
            "year": 2018,
            "quarter": 3,
            "eps": 0.93,
            "eps_growth_year": -5.1,
            "eps_4q": 3.23,
            "eps_4q_growth_year": 3.92,
            "roe": 4.98,
            "roe_4q": 18.65,
            "gross_profit": 395155,
            "gross_margin": 16.93,
            "gross_margin_4q_avg": 16.74,
            "net_income": 232642,
            "revenue": 2333946,
            "common_shares": 2485404,
            "book_valuer_per_share": 18.79,
            "book_valuer_per_share_4q_avg": 19.27,
            "equity": 4802611,
            "current_ratio": 94.13,
            "debt_ratio": 46.87,
            "inventory_turnover_ratio": 6.75,
            "account_receivable_turnover_ratio": 2.13,
            "reinvestment_rate": 83.1,
            "research_to_sale_ratio": 0.31,
            "price_fair": 51.07,
            "eps_avg_yearly": 3.46,
            "eps_latest_yearly": 3.72,
            "eps_growth_yearly": 4.78
        },
        "20184": {
            "year_quarter": 20184,
            "year": 2018,
            "quarter": 4,
            "eps": 1,
            "eps_growth_year": 4.38,
            "eps_4q": 3.36,
            "eps_4q_growth_year": -0.3,
            "roe": 5.24,
            "roe_4q": 18.150000000000002,
            "gross_profit": 443563,
            "gross_margin": 18.16,
            "gross_margin_4q_avg": 16.5,
            "net_income": 258019,
            "revenue": 2441954,
            "common_shares": 2485404,
            "book_valuer_per_share": 19.72,
            "book_valuer_per_share_4q_avg": 19.44,
            "equity": 5041542,
            "current_ratio": 98.35,
            "debt_ratio": 46.52,
            "inventory_turnover_ratio": 7.49,
            "account_receivable_turnover_ratio": 2.23,
            "reinvestment_rate": 77.53,
            "research_to_sale_ratio": 0.29,
            "price_fair": 46.18,
            "eps_avg_yearly": 3.38,
            "eps_latest_yearly": 4,
            "eps_growth_yearly": 3.67
        },
        "20191": {
            "year_quarter": 20191,
            "year": 2019,
            "quarter": 1,
            "eps": 0.92,
            "eps_growth_year": 24.32,
            "eps_4q": 3.6,
            "eps_4q_growth_year": 7.82,
            "roe": 4.47,
            "roe_4q": 18.840000000000003,
            "gross_profit": 414418,
            "gross_margin": 17.24,
            "gross_margin_4q_avg": 17.09,
            "net_income": 231077,
            "revenue": 2403191,
            "common_shares": 2485404,
            "book_valuer_per_share": 20.64,
            "book_valuer_per_share_4q_avg": 19.68,
            "equity": 5298304,
            "current_ratio": 97.75,
            "debt_ratio": 53.94,
            "inventory_turnover_ratio": 7.76,
            "account_receivable_turnover_ratio": 2.15,
            "reinvestment_rate": 69.02,
            "research_to_sale_ratio": 0.25,
            "price_fair": 54.29,
            "eps_avg_yearly": 3.34,
            "eps_latest_yearly": 3.68,
            "eps_growth_yearly": 6.25
        },
        "20192": {
            "year_quarter": 20192,
            "year": 2019,
            "quarter": 2,
            "eps": 0.78,
            "eps_growth_year": 4,
            "eps_4q": 3.62,
            "eps_4q_growth_year": 13.46,
            "roe": 3.81,
            "roe_4q": 18.5,
            "gross_profit": 377597,
            "gross_margin": 16.79,
            "gross_margin_4q_avg": 17.28,
            "net_income": 195393,
            "revenue": 2249186,
            "common_shares": 2485404,
            "book_valuer_per_share": 19.39,
            "book_valuer_per_share_4q_avg": 19.64,
            "equity": 4970172,
            "current_ratio": 87.97,
            "debt_ratio": 58.28,
            "inventory_turnover_ratio": 6.72,
            "account_receivable_turnover_ratio": 2.07,
            "reinvestment_rate": 74.66,
            "research_to_sale_ratio": 0.37,
            "price_fair": 52.73,
            "eps_avg_yearly": 3.31,
            "eps_latest_yearly": 3.12,
            "eps_growth_yearly": 5.95
        },
        "20193": {
            "year_quarter": 20193,
            "year": 2019,
            "quarter": 3,
            "eps": 0.88,
            "eps_growth_year": -5.38,
            "eps_4q": 3.58,
            "eps_4q_growth_year": 10.79,
            "roe": 4.36,
            "roe_4q": 17.880000000000003,
            "gross_profit": 380746,
            "gross_margin": 16.16,
            "gross_margin_4q_avg": 17.09,
            "net_income": 221039,
            "revenue": 2355954,
            "common_shares": 2485404,
            "book_valuer_per_share": 20.15,
            "book_valuer_per_share_4q_avg": 19.98,
            "equity": 5172838,
            "current_ratio": 94.15,
            "debt_ratio": 56.03,
            "inventory_turnover_ratio": 6.12,
            "account_receivable_turnover_ratio": 2.35,
            "reinvestment_rate": 74.32,
            "research_to_sale_ratio": 0.35,
            "price_fair": 60.3,
            "eps_avg_yearly": 3.29,
            "eps_latest_yearly": 3.52,
            "eps_growth_yearly": 8.34
        },
        "20194": {
            "year_quarter": 20194,
            "year": 2019,
            "quarter": 4,
            "eps": 0.71,
            "eps_growth_year": -29.25,
            "eps_4q": 3.28,
            "eps_4q_growth_year": -2.21,
            "roe": 3.43,
            "roe_4q": 16.07,
            "gross_profit": 380253,
            "gross_margin": 15.22,
            "gross_margin_4q_avg": 16.35,
            "net_income": 180464,
            "revenue": 2497829,
            "common_shares": 2485404,
            "book_valuer_per_share": 20.8,
            "book_valuer_per_share_4q_avg": 20.25,
            "equity": 5336563,
            "current_ratio": 95.34,
            "debt_ratio": 54.75,
            "inventory_turnover_ratio": 6.53,
            "account_receivable_turnover_ratio": 2.66,
            "reinvestment_rate": 77.2,
            "research_to_sale_ratio": 0.22,
            "price_fair": 32,
            "eps_avg_yearly": 3.2,
            "eps_latest_yearly": 2.84,
            "eps_growth_yearly": 0.62
        },
        "20201": {
            "year_quarter": 20201,
            "year": 2020,
            "quarter": 1,
            "eps": 0.62,
            "eps_growth_year": -32.61,
            "eps_4q": 2.99,
            "eps_4q_growth_year": -17.14,
            "roe": 2.88,
            "roe_4q": 14.480000000000002,
            "gross_profit": 300602,
            "gross_margin": 12.23,
            "gross_margin_4q_avg": 15.1,
            "net_income": 155133,
            "revenue": 2458712,
            "common_shares": 2485404,
            "book_valuer_per_share": 21.03,
            "book_valuer_per_share_4q_avg": 20.34,
            "equity": 5438266,
            "current_ratio": 108.9,
            "debt_ratio": 54.97,
            "inventory_turnover_ratio": 6.97,
            "account_receivable_turnover_ratio": 2.63,
            "reinvestment_rate": 68.74,
            "research_to_sale_ratio": 0.28,
            "price_fair": 54.66,
            "eps_avg_yearly": 3.19,
            "eps_latest_yearly": 2.48,
            "eps_growth_yearly": 7.12
        },
        "20202": {
            "year_quarter": 20202,
            "year": 2020,
            "quarter": 2,
            "eps": 0.82,
            "eps_growth_year": 5.13,
            "eps_4q": 3.03,
            "eps_4q_growth_year": -16.46,
            "roe": 3.87,
            "roe_4q": 14.54,
            "gross_profit": 361591,
            "gross_margin": 14.6,
            "gross_margin_4q_avg": 14.55,
            "net_income": 204828,
            "revenue": 2476568,
            "common_shares": 2485404,
            "book_valuer_per_share": 19.91,
            "book_valuer_per_share_4q_avg": 20.47,
            "equity": 5153838,
            "current_ratio": 96.61,
            "debt_ratio": 56.63,
            "inventory_turnover_ratio": 6.6,
            "account_receivable_turnover_ratio": 2.7,
            "reinvestment_rate": 66.77,
            "research_to_sale_ratio": 0.3,
            "price_fair": 60.8,
            "eps_avg_yearly": 3.2,
            "eps_latest_yearly": 3.28,
            "eps_growth_yearly": 9.03
        },
        "20203": {
            "year_quarter": 20203,
            "year": 2020,
            "quarter": 3,
            "eps": 0.84,
            "eps_growth_year": -4.55,
            "eps_4q": 2.99,
            "eps_4q_growth_year": -16.39,
            "roe": 4.06,
            "roe_4q": 14.239999999999998,
            "gross_profit": 371814,
            "gross_margin": 15.5,
            "gross_margin_4q_avg": 14.39,
            "net_income": 213354,
            "revenue": 2399446,
            "common_shares": 2485404,
            "book_valuer_per_share": 20.69,
            "book_valuer_per_share_4q_avg": 20.61,
            "equity": 5349070,
            "current_ratio": 113.09,
            "debt_ratio": 53.64,
            "inventory_turnover_ratio": 6.32,
            "account_receivable_turnover_ratio": 2.69,
            "reinvestment_rate": 62.97,
            "research_to_sale_ratio": 0.33,
            "price_fair": 89.32,
            "eps_avg_yearly": 3.27,
            "eps_latest_yearly": 3.36,
            "eps_growth_yearly": 17.36
        },
        "20204": {
            "year_quarter": 20204,
            "year": 2020,
            "quarter": 4,
            "eps": 0.78,
            "eps_growth_year": 10.42,
            "eps_4q": 3.07,
            "eps_4q_growth_year": -6.67,
            "roe": 3.65,
            "roe_4q": 14.459999999999997,
            "gross_profit": 376944,
            "gross_margin": 14.3,
            "gross_margin_4q_avg": 14.16,
            "net_income": 199708,
            "revenue": 2635907,
            "common_shares": 2485404,
            "book_valuer_per_share": 21.62,
            "book_valuer_per_share_4q_avg": 20.81,
            "equity": 5584540,
            "current_ratio": 99.53,
            "debt_ratio": 57.79,
            "inventory_turnover_ratio": 7.13,
            "account_receivable_turnover_ratio": 2.68,
            "reinvestment_rate": 103.43,
            "research_to_sale_ratio": 0.24,
            "price_fair": 63.47,
            "eps_avg_yearly": 3.29,
            "eps_latest_yearly": 3.12,
            "eps_growth_yearly": 9.32
        },
        "20211": {
            "year_quarter": 20211,
            "year": 2021,
            "quarter": 1,
            "eps": 0.79,
            "eps_growth_year": 27.42,
            "eps_4q": 3.24,
            "eps_4q_growth_year": 8.42,
            "roe": 3.5,
            "roe_4q": 15.080000000000002,
            "gross_profit": 368442,
            "gross_margin": 14.21,
            "gross_margin_4q_avg": 14.65,
            "net_income": 199226,
            "revenue": 2592134,
            "common_shares": 2485404,
            "book_valuer_per_share": 22.5,
            "book_valuer_per_share_4q_avg": 21.18,
            "equity": 5805743,
            "current_ratio": 102.89,
            "debt_ratio": 56.61,
            "inventory_turnover_ratio": 7.17,
            "account_receivable_turnover_ratio": 2.22,
            "reinvestment_rate": 103.43,
            "research_to_sale_ratio": 0.2,
            "price_fair": 56.39,
            "eps_avg_yearly": 3.29,
            "eps_latest_yearly": 3.16,
            "eps_growth_yearly": 7.14
        },
        "20212": {
            "year_quarter": 20212,
            "year": 2021,
            "quarter": 2,
            "eps": 0.69,
            "eps_growth_year": -15.85,
            "eps_4q": 3.11,
            "eps_4q_growth_year": 2.73,
            "roe": 3.02,
            "roe_4q": 14.23,
            "gross_profit": 324594,
            "gross_margin": 12.04,
            "gross_margin_4q_avg": 14.01,
            "net_income": 173519,
            "revenue": 2695550,
            "common_shares": 2485404,
            "book_valuer_per_share": 22.05,
            "book_valuer_per_share_4q_avg": 21.72,
            "equity": 5694223,
            "current_ratio": 94.99,
            "debt_ratio": 57.73,
            "inventory_turnover_ratio": 6.69,
            "account_receivable_turnover_ratio": 2.36,
            "reinvestment_rate": 102.76,
            "research_to_sale_ratio": 0.31,
            "price_fair": 57.86,
            "eps_avg_yearly": 3.3,
            "eps_latest_yearly": 2.76,
            "eps_growth_yearly": 7.55
        },
        "20213": {
            "year_quarter": 20213,
            "year": 2021,
            "quarter": 3,
            "eps": 0.65,
            "eps_growth_year": -22.62,
            "eps_4q": 2.92,
            "eps_4q_growth_year": -2.48,
            "roe": 2.87,
            "roe_4q": 13.040000000000001,
            "gross_profit": 313290,
            "gross_margin": 11.52,
            "gross_margin_4q_avg": 13.02,
            "net_income": 165065,
            "revenue": 2719517,
            "common_shares": 2485404,
            "book_valuer_per_share": 22.55,
            "book_valuer_per_share_4q_avg": 22.18,
            "equity": 5823584,
            "current_ratio": 99.3,
            "debt_ratio": 56.64,
            "inventory_turnover_ratio": 5.66,
            "account_receivable_turnover_ratio": 2.38,
            "reinvestment_rate": 98.24,
            "research_to_sale_ratio": 0.22,
            "price_fair": 9.65,
            "eps_avg_yearly": 3.22,
            "eps_latest_yearly": 2.6,
            "eps_growth_yearly": -6.02
        },
        "20214": {
            "year_quarter": 20214,
            "year": 2021,
            "quarter": 4,
            "eps": 0.72,
            "eps_growth_year": -7.67,
            "eps_4q": 2.86,
            "eps_4q_growth_year": -6.8,
            "roe": 3.16,
            "roe_4q": 12.55,
            "gross_profit": 354502,
            "gross_margin": 12.83,
            "gross_margin_4q_avg": 12.65,
            "net_income": 186315,
            "revenue": 2763573,
            "common_shares": 2485404,
            "book_valuer_per_share": 23.18,
            "book_valuer_per_share_4q_avg": 22.57,
            "equity": 5984846,
            "current_ratio": 101.3,
            "debt_ratio": 54.41,
            "inventory_turnover_ratio": 5.66,
            "account_receivable_turnover_ratio": 2.42,
            "reinvestment_rate": 98.05,
            "research_to_sale_ratio": 0.19,
            "price_fair": 9.47,
            "eps_avg_yearly": 3.16,
            "eps_latest_yearly": 2.88,
            "eps_growth_yearly": -2.82
        },
        "20221": {
            "year_quarter": 20221,
            "year": 2022,
            "quarter": 1,
            "eps": 0.75,
            "eps_growth_year": -5.06,
            "eps_4q": 2.81,
            "eps_4q_growth_year": -13.06,
            "roe": 3.06,
            "roe_4q": 12.11,
            "gross_profit": 350978,
            "gross_margin": 12.73,
            "gross_margin_4q_avg": 12.28,
            "net_income": 187366,
            "revenue": 2756677,
            "common_shares": 2485404,
            "book_valuer_per_share": 24.2,
            "book_valuer_per_share_4q_avg": 23,
            "equity": 6244041,
            "current_ratio": 96.41,
            "debt_ratio": 52.71,
            "inventory_turnover_ratio": 6.12,
            "account_receivable_turnover_ratio": 2.55,
            "reinvestment_rate": 100.09,
            "research_to_sale_ratio": 0.19,
            "price_fair": 44.05,
            "eps_avg_yearly": 3.16,
            "eps_latest_yearly": 3,
            "eps_growth_yearly": 3.95
        },
        "20222": {
            "year_quarter": 20222,
            "year": 2022,
            "quarter": 2,
            "eps": 0.86,
            "eps_growth_year": 24.64,
            "eps_4q": 2.99,
            "eps_4q_growth_year": -3.96,
            "roe": 3.59,
            "roe_4q": 12.68,
            "gross_profit": 382883,
            "gross_margin": 12.62,
            "gross_margin_4q_avg": 12.43,
            "net_income": 214325,
            "revenue": 3034894,
            "common_shares": 2485404,
            "book_valuer_per_share": 22.07,
            "book_valuer_per_share_4q_avg": 23,
            "equity": 5702448,
            "current_ratio": 84.81,
            "debt_ratio": 55.75,
            "inventory_turnover_ratio": 6.85,
            "account_receivable_turnover_ratio": 2.64,
            "reinvestment_rate": 52.91,
            "research_to_sale_ratio": 0.21,
            "price_fair": 55.04,
            "eps_avg_yearly": 3.19,
            "eps_latest_yearly": 3.44,
            "eps_growth_yearly": 7.28
        },
        "20223": {
            "year_quarter": 20223,
            "year": 2022,
            "quarter": 3,
            "eps": 0.86,
            "eps_growth_year": 32.31,
            "eps_4q": 3.2,
            "eps_4q_growth_year": 9.54,
            "roe": 3.67,
            "roe_4q": 13.48,
            "gross_profit": 330265,
            "gross_margin": 11.87,
            "gross_margin_4q_avg": 12.51,
            "net_income": 213602,
            "revenue": 2781829,
            "common_shares": 2485404,
            "book_valuer_per_share": 22.96,
            "book_valuer_per_share_4q_avg": 23.1,
            "equity": 5928699,
            "current_ratio": 105.87,
            "debt_ratio": 52.12,
            "inventory_turnover_ratio": 6.31,
            "account_receivable_turnover_ratio": 2.69,
            "reinvestment_rate": 14.04,
            "research_to_sale_ratio": 0.18,
            "price_fair": 35.73,
            "eps_avg_yearly": 3.17,
            "eps_latest_yearly": 3.44,
            "eps_growth_yearly": 1.28
        },
        "20224": {
            "year_quarter": 20224,
            "year": 2022,
            "quarter": 4,
            "eps": 0.57,
            "eps_growth_year": -21.66,
            "eps_4q": 3.04,
            "eps_4q_growth_year": 6.36,
            "roe": 2.32,
            "roe_4q": 12.64,
            "gross_profit": 307014,
            "gross_margin": 10.93,
            "gross_margin_4q_avg": 12.04,
            "net_income": 139690,
            "revenue": 2809229,
            "common_shares": 2485404,
            "book_valuer_per_share": 23.74,
            "book_valuer_per_share_4q_avg": 23.24,
            "equity": 6118309,
            "current_ratio": 85.29,
            "debt_ratio": 50.12,
            "inventory_turnover_ratio": 6.59,
            "account_receivable_turnover_ratio": 3.06,
            "reinvestment_rate": 6.04,
            "research_to_sale_ratio": 0.2,
            "price_fair": 9.18,
            "eps_avg_yearly": 3.06,
            "eps_latest_yearly": 2.28,
            "eps_growth_yearly": -9.03
        },
        "20231": {
            "year_quarter": 20231,
            "year": 2023,
            "quarter": 1,
            "eps": 0.74,
            "eps_growth_year": -1.33,
            "eps_4q": 3.03,
            "eps_4q_growth_year": 7.62,
            "roe": 2.98,
            "roe_4q": 12.559999999999999,
            "gross_profit": 356342,
            "gross_margin": 11.74,
            "gross_margin_4q_avg": 11.79,
            "net_income": 185533,
            "revenue": 3034361,
            "common_shares": 2485404,
            "book_valuer_per_share": 24.53,
            "book_valuer_per_share_4q_avg": 23.33,
            "equity": 6316183,
            "current_ratio": 105.93,
            "debt_ratio": 49.82,
            "inventory_turnover_ratio": 7.16,
            "account_receivable_turnover_ratio": 2.66,
            "reinvestment_rate": 10.84,
            "research_to_sale_ratio": 0.17,
            "price_fair": 30.15,
            "eps_avg_yearly": 3.02,
            "eps_latest_yearly": 2.96,
            "eps_growth_yearly": 0.42
        }
    },
    "months": {
        "2001-06": {
            "month": "2001-06",
            "price": "11.45",
            "revenue": 149772
        },
        "2001-07": {
            "month": "2001-07",
            "price": "10.11",
            "revenue": 168306
        },
        "2001-08": {
            "month": "2001-08",
            "price": "8.92",
            "revenue": 182647
        },
        "2001-09": {
            "month": "2001-09",
            "price": "8.49",
            "revenue": 142447
        },
        "2001-10": {
            "month": "2001-10",
            "price": "8.35",
            "revenue": 182617
        },
        "2001-11": {
            "month": "2001-11",
            "price": "8.22",
            "revenue": 211599
        },
        "2001-12": {
            "month": "2001-12",
            "price": "8.90",
            "revenue": 223019
        },
        "2002-01": {
            "month": "2002-01",
            "price": "9.47",
            "revenue": 223454
        },
        "2002-02": {
            "month": "2002-02",
            "price": "9.83",
            "revenue": 159130
        },
        "2002-03": {
            "month": "2002-03",
            "price": "11.13",
            "revenue": 234898
        },
        "2002-04": {
            "month": "2002-04",
            "price": "12.67",
            "revenue": 232300
        },
        "2002-05": {
            "month": "2002-05",
            "price": "12.84",
            "revenue": 195352
        },
        "2002-06": {
            "month": "2002-06",
            "price": "13.45",
            "revenue": 193477
        },
        "2002-07": {
            "month": "2002-07",
            "price": "13.21",
            "revenue": 222150
        },
        "2002-08": {
            "month": "2002-08",
            "price": "12.81",
            "revenue": 218782
        },
        "2002-09": {
            "month": "2002-09",
            "price": "12.14",
            "revenue": 230748
        },
        "2002-10": {
            "month": "2002-10",
            "price": "11.95",
            "revenue": 249887
        },
        "2002-11": {
            "month": "2002-11",
            "price": "12.85",
            "revenue": 230955
        },
        "2002-12": {
            "month": "2002-12",
            "price": "13.34",
            "revenue": 212760
        },
        "2003-01": {
            "month": "2003-01",
            "price": "13.84",
            "revenue": 233684
        },
        "2003-02": {
            "month": "2003-02",
            "price": "13.33",
            "revenue": 180734
        },
        "2003-03": {
            "month": "2003-03",
            "price": "12.81",
            "revenue": 264003
        },
        "2003-04": {
            "month": "2003-04",
            "price": "13.10",
            "revenue": 233823
        },
        "2003-05": {
            "month": "2003-05",
            "price": "12.42",
            "revenue": 261496
        },
        "2003-06": {
            "month": "2003-06",
            "price": "12.95",
            "revenue": 225529
        },
        "2003-07": {
            "month": "2003-07",
            "price": "12.32",
            "revenue": 259130
        },
        "2003-08": {
            "month": "2003-08",
            "price": "12.62",
            "revenue": 248214
        },
        "2003-09": {
            "month": "2003-09",
            "price": "12.64",
            "revenue": 249245
        },
        "2003-10": {
            "month": "2003-10",
            "price": "12.94",
            "revenue": 290879
        },
        "2003-11": {
            "month": "2003-11",
            "price": "13.47",
            "revenue": 274798
        },
        "2003-12": {
            "month": "2003-12",
            "price": "13.92",
            "revenue": 288396
        },
        "2004-01": {
            "month": "2004-01",
            "price": "18.14",
            "revenue": 250726
        },
        "2004-02": {
            "month": "2004-02",
            "price": "17.80",
            "revenue": 253456
        },
        "2004-03": {
            "month": "2004-03",
            "price": "18.43",
            "revenue": 287653
        },
        "2004-04": {
            "month": "2004-04",
            "price": "17.50",
            "revenue": 273613
        },
        "2004-05": {
            "month": "2004-05",
            "price": "15.86",
            "revenue": 292028
        },
        "2004-06": {
            "month": "2004-06",
            "price": "16.19",
            "revenue": 276034
        },
        "2004-07": {
            "month": "2004-07",
            "price": "15.96",
            "revenue": 249742
        },
        "2004-08": {
            "month": "2004-08",
            "price": "16.63",
            "revenue": 267982
        },
        "2004-09": {
            "month": "2004-09",
            "price": "18.85",
            "revenue": 265407
        },
        "2004-10": {
            "month": "2004-10",
            "price": "19.99",
            "revenue": 295733
        },
        "2004-11": {
            "month": "2004-11",
            "price": "20.08",
            "revenue": 301110
        },
        "2004-12": {
            "month": "2004-12",
            "price": "20.81",
            "revenue": 303859
        },
        "2005-01": {
            "month": "2005-01",
            "price": "21.93",
            "revenue": 362053
        },
        "2005-02": {
            "month": "2005-02",
            "price": "23.36",
            "revenue": 228209
        },
        "2005-03": {
            "month": "2005-03",
            "price": "24.35",
            "revenue": 351974
        },
        "2005-04": {
            "month": "2005-04",
            "price": "24.67",
            "revenue": 337932
        },
        "2005-05": {
            "month": "2005-05",
            "price": "25.18",
            "revenue": 357726
        },
        "2005-06": {
            "month": "2005-06",
            "price": "25.25",
            "revenue": 324539
        },
        "2005-07": {
            "month": "2005-07",
            "price": "25.69",
            "revenue": 326164
        },
        "2005-08": {
            "month": "2005-08",
            "price": "25.44",
            "revenue": 368228
        },
        "2005-09": {
            "month": "2005-09",
            "price": "28.46",
            "revenue": 349458
        },
        "2005-10": {
            "month": "2005-10",
            "price": "26.61",
            "revenue": 358185
        },
        "2005-11": {
            "month": "2005-11",
            "price": "25.75",
            "revenue": 342638
        },
        "2005-12": {
            "month": "2005-12",
            "price": "25.34",
            "revenue": 347913
        },
        "2006-01": {
            "month": "2006-01",
            "price": "25.71",
            "revenue": 319482
        },
        "2006-02": {
            "month": "2006-02",
            "price": "25.35",
            "revenue": 284406
        },
        "2006-03": {
            "month": "2006-03",
            "price": "25.06",
            "revenue": 374674
        },
        "2006-04": {
            "month": "2006-04",
            "price": "26.77",
            "revenue": 355195
        },
        "2006-05": {
            "month": "2006-05",
            "price": "28.14",
            "revenue": 333068
        },
        "2006-06": {
            "month": "2006-06",
            "price": "27.53",
            "revenue": 301317
        },
        "2006-07": {
            "month": "2006-07",
            "price": "27.92",
            "revenue": 316780
        },
        "2006-08": {
            "month": "2006-08",
            "price": "26.43",
            "revenue": 404294
        },
        "2006-09": {
            "month": "2006-09",
            "price": "25.55",
            "revenue": 357749
        },
        "2006-10": {
            "month": "2006-10",
            "price": "26.71",
            "revenue": 358930
        },
        "2006-11": {
            "month": "2006-11",
            "price": "27.28",
            "revenue": 355978
        },
        "2006-12": {
            "month": "2006-12",
            "price": "28.37",
            "revenue": 363963
        },
        "2007-01": {
            "month": "2007-01",
            "price": "29.47",
            "revenue": 346477
        },
        "2007-02": {
            "month": "2007-02",
            "price": "30.14",
            "revenue": 250603
        },
        "2007-03": {
            "month": "2007-03",
            "price": "30.33",
            "revenue": 371344
        },
        "2007-04": {
            "month": "2007-04",
            "price": "35.22",
            "revenue": 327935
        },
        "2007-05": {
            "month": "2007-05",
            "price": "37.76",
            "revenue": 351907
        },
        "2007-06": {
            "month": "2007-06",
            "price": "37.32",
            "revenue": 281659
        },
        "2007-07": {
            "month": "2007-07",
            "price": "39.62",
            "revenue": 340960
        },
        "2007-08": {
            "month": "2007-08",
            "price": "34.78",
            "revenue": 279443
        },
        "2007-09": {
            "month": "2007-09",
            "price": "36.14",
            "revenue": 339151
        },
        "2007-10": {
            "month": "2007-10",
            "price": "35.59",
            "revenue": 364929
        },
        "2007-11": {
            "month": "2007-11",
            "price": "32.58",
            "revenue": 353681
        },
        "2007-12": {
            "month": "2007-12",
            "price": "30.91",
            "revenue": 378401
        },
        "2008-01": {
            "month": "2008-01",
            "price": "31.77",
            "revenue": 392344
        },
        "2008-02": {
            "month": "2008-02",
            "price": "33.25",
            "revenue": 271608
        },
        "2008-03": {
            "month": "2008-03",
            "price": "36.42",
            "revenue": 383051
        },
        "2008-04": {
            "month": "2008-04",
            "price": "40.31",
            "revenue": 379594
        },
        "2008-05": {
            "month": "2008-05",
            "price": "45.64",
            "revenue": 402938
        },
        "2008-06": {
            "month": "2008-06",
            "price": "49.58",
            "revenue": 351103
        },
        "2008-07": {
            "month": "2008-07",
            "price": "49.90",
            "revenue": 345869
        },
        "2008-08": {
            "month": "2008-08",
            "price": "40.53",
            "revenue": 416539
        },
        "2008-09": {
            "month": "2008-09",
            "price": "39.76",
            "revenue": 385035
        },
        "2008-10": {
            "month": "2008-10",
            "price": "33.19",
            "revenue": 466510
        },
        "2008-11": {
            "month": "2008-11",
            "price": "30.75",
            "revenue": 411382
        },
        "2008-12": {
            "month": "2008-12",
            "price": "29.70",
            "revenue": 428913
        },
        "2009-01": {
            "month": "2009-01",
            "price": "33.11",
            "revenue": 363218
        },
        "2009-02": {
            "month": "2009-02",
            "price": "34.58",
            "revenue": 307281
        },
        "2009-03": {
            "month": "2009-03",
            "price": "35.79",
            "revenue": 509838
        },
        "2009-04": {
            "month": "2009-04",
            "price": "39.37",
            "revenue": 435535
        },
        "2009-05": {
            "month": "2009-05",
            "price": "41.30",
            "revenue": 452370
        },
        "2009-06": {
            "month": "2009-06",
            "price": "42.69",
            "revenue": 372339
        },
        "2009-07": {
            "month": "2009-07",
            "price": "40.72",
            "revenue": 398928
        },
        "2009-08": {
            "month": "2009-08",
            "price": "42.15",
            "revenue": 333686
        },
        "2009-09": {
            "month": "2009-09",
            "price": "42.42",
            "revenue": 411434
        },
        "2009-10": {
            "month": "2009-10",
            "price": "42.51",
            "revenue": 375178
        },
        "2009-11": {
            "month": "2009-11",
            "price": "41.05",
            "revenue": 387559
        },
        "2009-12": {
            "month": "2009-12",
            "price": "41.67",
            "revenue": 404036
        },
        "2010-01": {
            "month": "2010-01",
            "price": "41.71",
            "revenue": 397069
        },
        "2010-02": {
            "month": "2010-02",
            "price": "40.37",
            "revenue": 283318
        },
        "2010-03": {
            "month": "2010-03",
            "price": "40.62",
            "revenue": 391579
        },
        "2010-04": {
            "month": "2010-04",
            "price": "41.55",
            "revenue": 358697
        },
        "2010-05": {
            "month": "2010-05",
            "price": "39.28",
            "revenue": 356079
        },
        "2010-06": {
            "month": "2010-06",
            "price": "37.77",
            "revenue": 366255
        },
        "2010-07": {
            "month": "2010-07",
            "price": "36.25",
            "revenue": 379191
        },
        "2010-08": {
            "month": "2010-08",
            "price": "35.80",
            "revenue": 398757
        },
        "2010-09": {
            "month": "2010-09",
            "price": "35.66",
            "revenue": 348090
        },
        "2010-10": {
            "month": "2010-10",
            "price": "35.59",
            "revenue": 404642
        },
        "2010-11": {
            "month": "2010-11",
            "price": "35.62",
            "revenue": 466806
        },
        "2010-12": {
            "month": "2010-12",
            "price": "35.72",
            "revenue": 550105
        },
        "2011-01": {
            "month": "2011-01",
            "price": "37.37",
            "revenue": 480903
        },
        "2011-02": {
            "month": "2011-02",
            "price": "38.66",
            "revenue": 309166
        },
        "2011-03": {
            "month": "2011-03",
            "price": "38.25",
            "revenue": 484566
        },
        "2011-04": {
            "month": "2011-04",
            "price": "41.13",
            "revenue": 448377
        },
        "2011-05": {
            "month": "2011-05",
            "price": "42.70",
            "revenue": 406529
        },
        "2011-06": {
            "month": "2011-06",
            "price": "41.85",
            "revenue": 423410
        },
        "2011-07": {
            "month": "2011-07",
            "price": "41.79",
            "revenue": 414587
        },
        "2011-08": {
            "month": "2011-08",
            "price": "40.67",
            "revenue": 454591
        },
        "2011-09": {
            "month": "2011-09",
            "price": "39.70",
            "revenue": 449302
        },
        "2011-10": {
            "month": "2011-10",
            "price": "39.90",
            "revenue": 436137
        },
        "2011-11": {
            "month": "2011-11",
            "price": "40.11",
            "revenue": 434600
        },
        "2011-12": {
            "month": "2011-12",
            "price": "39.35",
            "revenue": 461797
        },
        "2012-01": {
            "month": "2012-01",
            "price": "39.60",
            "revenue": 360508
        },
        "2012-02": {
            "month": "2012-02",
            "price": "40.57",
            "revenue": 390303
        },
        "2012-03": {
            "month": "2012-03",
            "price": "42.75",
            "revenue": 472134
        },
        "2012-04": {
            "month": "2012-04",
            "price": "45.60",
            "revenue": 429567
        },
        "2012-05": {
            "month": "2012-05",
            "price": "46.30",
            "revenue": 463884
        },
        "2012-06": {
            "month": "2012-06",
            "price": "46.95",
            "revenue": 446123
        },
        "2012-07": {
            "month": "2012-07",
            "price": "46.63",
            "revenue": 473061
        },
        "2012-08": {
            "month": "2012-08",
            "price": "47.38",
            "revenue": 388933
        },
        "2012-09": {
            "month": "2012-09",
            "price": "47.41",
            "revenue": 433260
        },
        "2012-10": {
            "month": "2012-10",
            "price": "47.03",
            "revenue": 440973
        },
        "2012-11": {
            "month": "2012-11",
            "price": "47.44",
            "revenue": 409912
        },
        "2012-12": {
            "month": "2012-12",
            "price": "47.90",
            "revenue": 434336
        },
        "2013-01": {
            "month": "2013-01",
            "price": "49.93",
            "revenue": 538633
        },
        "2013-02": {
            "month": "2013-02",
            "price": "52.23",
            "revenue": 364588
        },
        "2013-03": {
            "month": "2013-03",
            "price": "54.49",
            "revenue": 511123
        },
        "2013-04": {
            "month": "2013-04",
            "price": "55.20",
            "revenue": 483451
        },
        "2013-05": {
            "month": "2013-05",
            "price": "54.32",
            "revenue": 573442
        },
        "2013-06": {
            "month": "2013-06",
            "price": "52.55",
            "revenue": 559150
        },
        "2013-07": {
            "month": "2013-07",
            "price": "52.79",
            "revenue": 515843
        },
        "2013-08": {
            "month": "2013-08",
            "price": "53.43",
            "revenue": 518562
        },
        "2013-09": {
            "month": "2013-09",
            "price": "53.56",
            "revenue": 486755
        },
        "2013-10": {
            "month": "2013-10",
            "price": "57.75",
            "revenue": 589692
        },
        "2013-11": {
            "month": "2013-11",
            "price": "60.57",
            "revenue": 530763
        },
        "2013-12": {
            "month": "2013-12",
            "price": "60.55",
            "revenue": 575621
        },
        "2014-01": {
            "month": "2014-01",
            "price": "65.49",
            "revenue": 619598
        },
        "2014-02": {
            "month": "2014-02",
            "price": "68.18",
            "revenue": 443374
        },
        "2014-03": {
            "month": "2014-03",
            "price": "68.44",
            "revenue": 592720
        },
        "2014-04": {
            "month": "2014-04",
            "price": "71.10",
            "revenue": 583173
        },
        "2014-05": {
            "month": "2014-05",
            "price": "72.15",
            "revenue": 592942
        },
        "2014-06": {
            "month": "2014-06",
            "price": "73.06",
            "revenue": 554775
        },
        "2014-07": {
            "month": "2014-07",
            "price": "72.99",
            "revenue": 548256
        },
        "2014-08": {
            "month": "2014-08",
            "price": "71.04",
            "revenue": 562518
        },
        "2014-09": {
            "month": "2014-09",
            "price": "71.61",
            "revenue": 557948
        },
        "2014-10": {
            "month": "2014-10",
            "price": "69.15",
            "revenue": 650695
        },
        "2014-11": {
            "month": "2014-11",
            "price": "67.64",
            "revenue": 613081
        },
        "2014-12": {
            "month": "2014-12",
            "price": "69.70",
            "revenue": 709320
        },
        "2015-01": {
            "month": "2015-01",
            "price": "71.20",
            "revenue": 700907
        },
        "2015-02": {
            "month": "2015-02",
            "price": "71.82",
            "revenue": 470756
        },
        "2015-03": {
            "month": "2015-03",
            "price": "74.39",
            "revenue": 756164
        },
        "2015-04": {
            "month": "2015-04",
            "price": "80.72",
            "revenue": 740255
        },
        "2015-05": {
            "month": "2015-05",
            "price": "80.91",
            "revenue": 580472
        },
        "2015-06": {
            "month": "2015-06",
            "price": "76.05",
            "revenue": 642504
        },
        "2015-07": {
            "month": "2015-07",
            "price": "68.68",
            "revenue": 657570
        },
        "2015-08": {
            "month": "2015-08",
            "price": "62.42",
            "revenue": 525531
        },
        "2015-09": {
            "month": "2015-09",
            "price": "60.68",
            "revenue": 600996
        },
        "2015-10": {
            "month": "2015-10",
            "price": "62.78",
            "revenue": 648948
        },
        "2015-11": {
            "month": "2015-11",
            "price": "62.45",
            "revenue": 658378
        },
        "2015-12": {
            "month": "2015-12",
            "price": "60.17",
            "revenue": 733908
        },
        "2016-01": {
            "month": "2016-01",
            "price": "58.35",
            "revenue": 599261
        },
        "2016-02": {
            "month": "2016-02",
            "price": "60.48",
            "revenue": 517224
        },
        "2016-03": {
            "month": "2016-03",
            "price": "62.28",
            "revenue": 603397
        },
        "2016-04": {
            "month": "2016-04",
            "price": "61.62",
            "revenue": 617345
        },
        "2016-05": {
            "month": "2016-05",
            "price": "58.12",
            "revenue": 625065
        },
        "2016-06": {
            "month": "2016-06",
            "price": "58.00",
            "revenue": 590167
        },
        "2016-07": {
            "month": "2016-07",
            "price": "58.56",
            "revenue": 488912
        },
        "2016-08": {
            "month": "2016-08",
            "price": "54.66",
            "revenue": 610097
        },
        "2016-09": {
            "month": "2016-09",
            "price": "54.16",
            "revenue": 435923
        },
        "2016-10": {
            "month": "2016-10",
            "price": "54.11",
            "revenue": 553402
        },
        "2016-11": {
            "month": "2016-11",
            "price": "52.39",
            "revenue": 597816
        },
        "2016-12": {
            "month": "2016-12",
            "price": "52.39",
            "revenue": 612615
        },
        "2017-01": {
            "month": "2017-01",
            "price": "53.00",
            "revenue": 627338
        },
        "2017-02": {
            "month": "2017-02",
            "price": "54.48",
            "revenue": 485391
        },
        "2017-03": {
            "month": "2017-03",
            "price": "55.58",
            "revenue": 539737
        },
        "2017-04": {
            "month": "2017-04",
            "price": "54.11",
            "revenue": 524272
        },
        "2017-05": {
            "month": "2017-05",
            "price": "54.06",
            "revenue": 555825
        },
        "2017-06": {
            "month": "2017-06",
            "price": "54.88",
            "revenue": 569613
        },
        "2017-07": {
            "month": "2017-07",
            "price": "52.91",
            "revenue": 583158
        },
        "2017-08": {
            "month": "2017-08",
            "price": "51.96",
            "revenue": 623499
        },
        "2017-09": {
            "month": "2017-09",
            "price": "52.98",
            "revenue": 628153
        },
        "2017-10": {
            "month": "2017-10",
            "price": "54.16",
            "revenue": 650341
        },
        "2017-11": {
            "month": "2017-11",
            "price": "55.09",
            "revenue": 737259
        },
        "2017-12": {
            "month": "2017-12",
            "price": "56.68",
            "revenue": 741513
        },
        "2018-01": {
            "month": "2018-01",
            "price": "60.01",
            "revenue": 730405
        },
        "2018-02": {
            "month": "2018-02",
            "price": "58.05",
            "revenue": 583808
        },
        "2018-03": {
            "month": "2018-03",
            "price": "58.52",
            "revenue": 804122
        },
        "2018-04": {
            "month": "2018-04",
            "price": "59.93",
            "revenue": 773191
        },
        "2018-05": {
            "month": "2018-05",
            "price": "59.69",
            "revenue": 789379
        },
        "2018-06": {
            "month": "2018-06",
            "price": "59.43",
            "revenue": 772582
        },
        "2018-07": {
            "month": "2018-07",
            "price": "59.16",
            "revenue": 818110
        },
        "2018-08": {
            "month": "2018-08",
            "price": "56.81",
            "revenue": 740555
        },
        "2018-09": {
            "month": "2018-09",
            "price": "56.31",
            "revenue": 775282
        },
        "2018-10": {
            "month": "2018-10",
            "price": "53.32",
            "revenue": 825905
        },
        "2018-11": {
            "month": "2018-11",
            "price": "51.98",
            "revenue": 781916
        },
        "2018-12": {
            "month": "2018-12",
            "price": "50.73",
            "revenue": 834133
        },
        "2019-01": {
            "month": "2019-01",
            "price": "51.51",
            "revenue": 1021051
        },
        "2019-02": {
            "month": "2019-02",
            "price": "54.02",
            "revenue": 592171
        },
        "2019-03": {
            "month": "2019-03",
            "price": "54.10",
            "revenue": 789969
        },
        "2019-04": {
            "month": "2019-04",
            "price": "52.26",
            "revenue": 777131
        },
        "2019-05": {
            "month": "2019-05",
            "price": "52.40",
            "revenue": 761902
        },
        "2019-06": {
            "month": "2019-06",
            "price": "52.53",
            "revenue": 710154
        },
        "2019-07": {
            "month": "2019-07",
            "price": "51.84",
            "revenue": 779831
        },
        "2019-08": {
            "month": "2019-08",
            "price": "50.80",
            "revenue": 798315
        },
        "2019-09": {
            "month": "2019-09",
            "price": "51.48",
            "revenue": 777808
        },
        "2019-10": {
            "month": "2019-10",
            "price": "51.17",
            "revenue": 812116
        },
        "2019-11": {
            "month": "2019-11",
            "price": "50.64",
            "revenue": 799381
        },
        "2019-12": {
            "month": "2019-12",
            "price": "50.19",
            "revenue": 886332
        },
        "2020-01": {
            "month": "2020-01",
            "price": "50.03",
            "revenue": 695196
        },
        "2020-02": {
            "month": "2020-02",
            "price": "49.14",
            "revenue": 897914
        },
        "2020-03": {
            "month": "2020-03",
            "price": "43.07",
            "revenue": 865602
        },
        "2020-04": {
            "month": "2020-04",
            "price": "43.20",
            "revenue": 837761
        },
        "2020-05": {
            "month": "2020-05",
            "price": "43.87",
            "revenue": 840498
        },
        "2020-06": {
            "month": "2020-06",
            "price": "45.22",
            "revenue": 798309
        },
        "2020-07": {
            "month": "2020-07",
            "price": "45.31",
            "revenue": 834788
        },
        "2020-08": {
            "month": "2020-08",
            "price": "44.79",
            "revenue": 763522
        },
        "2020-09": {
            "month": "2020-09",
            "price": "45.01",
            "revenue": 801136
        },
        "2020-10": {
            "month": "2020-10",
            "price": "44.90",
            "revenue": 812257
        },
        "2020-11": {
            "month": "2020-11",
            "price": "44.69",
            "revenue": 891680
        },
        "2020-12": {
            "month": "2020-12",
            "price": "45.97",
            "revenue": 931970
        },
        "2021-01": {
            "month": "2021-01",
            "price": "46.02",
            "revenue": 1007802
        },
        "2021-02": {
            "month": "2021-02",
            "price": "45.56",
            "revenue": 729449
        },
        "2021-03": {
            "month": "2021-03",
            "price": "46.23",
            "revenue": 854882
        },
        "2021-04": {
            "month": "2021-04",
            "price": "47.59",
            "revenue": 903766
        },
        "2021-05": {
            "month": "2021-05",
            "price": "46.39",
            "revenue": 924494
        },
        "2021-06": {
            "month": "2021-06",
            "price": "46.76",
            "revenue": 867290
        },
        "2021-07": {
            "month": "2021-07",
            "price": "47.25",
            "revenue": 897124
        },
        "2021-08": {
            "month": "2021-08",
            "price": "46.29",
            "revenue": 848078
        },
        "2021-09": {
            "month": "2021-09",
            "price": "44.96",
            "revenue": 974316
        },
        "2021-10": {
            "month": "2021-10",
            "price": "45.14",
            "revenue": 881900
        },
        "2021-11": {
            "month": "2021-11",
            "price": "44.89",
            "revenue": 907723
        },
        "2021-12": {
            "month": "2021-12",
            "price": "44.82",
            "revenue": 973950
        },
        "2022-01": {
            "month": "2022-01",
            "price": "45.09",
            "revenue": 1019768
        },
        "2022-02": {
            "month": "2022-02",
            "price": "45.19",
            "revenue": 718239
        },
        "2022-03": {
            "month": "2022-03",
            "price": "47.19",
            "revenue": 1018671
        },
        "2022-04": {
            "month": "2022-04",
            "price": "47.85",
            "revenue": 1053165
        },
        "2022-05": {
            "month": "2022-05",
            "price": "47.33",
            "revenue": 999242
        },
        "2022-06": {
            "month": "2022-06",
            "price": "47.55",
            "revenue": 982486
        },
        "2022-07": {
            "month": "2022-07",
            "price": "46.31",
            "revenue": 980550
        },
        "2022-08": {
            "month": "2022-08",
            "price": "46.79",
            "revenue": 953660
        },
        "2022-09": {
            "month": "2022-09",
            "price": "46.82",
            "revenue": 847619
        },
        "2022-10": {
            "month": "2022-10",
            "price": "44.89",
            "revenue": 908306
        },
        "2022-11": {
            "month": "2022-11",
            "price": "45.39",
            "revenue": 901581
        },
        "2022-12": {
            "month": "2022-12",
            "price": "46.10",
            "revenue": 999342
        },
        "2023-01": {
            "month": "2023-01",
            "price": "46.29",
            "revenue": 876912
        },
        "2023-02": {
            "month": "2023-02",
            "price": "46.82",
            "revenue": 1036052
        },
        "2023-03": {
            "month": "2023-03",
            "price": "47.99",
            "revenue": 1121398
        },
        "2023-04": {
            "month": "2023-04",
            "price": "49.29",
            "revenue": 1092022
        }
    }
}
