{
    "summary": {
        "stock_name": "欣高",
        "stock_id": "9931",
        "category": "油電燃氣",
        "main_business": "以導管輸送天然氣<br>氣體導管裝置<br>石油氣(天然氣)具及器材製造及代銷",
        "website_url": "http://www.hkgas.com.tw",
        "ceo": "王繼開",
        "pe_ratio": 26,
        "report_year_from": 2001,
        "report_year_to": 2023,
        "age": 23,
        "eps_negative_percentage": 0,
        "eps_growth_avg": {
            "last_all": 9.98,
            "last_2y": -3.91,
            "last_4y": -4.93,
            "last_8y": 0.18,
            "last_12y": 0.65,
            "last_16y": 7.55,
            "last_20y": 13.01,
            "at_2006_last_3y": 36.24,
            "at_2007_last_3y": 18.71,
            "at_2008_last_3y": 7.82,
            "at_2009_last_3y": 3.46,
            "at_2010_last_3y": 29.98,
            "at_2011_last_3y": 18.28,
            "at_2012_last_3y": 24.03,
            "at_2013_last_3y": 33.93,
            "at_2014_last_3y": 1.69,
            "at_2015_last_3y": 4.87,
            "at_2016_last_3y": 0.16,
            "at_2017_last_3y": -6.57,
            "at_2018_last_3y": 6.57,
            "at_2019_last_3y": 5.46,
            "at_2020_last_3y": 0.6,
            "at_2021_last_3y": 6.95,
            "at_2022_last_3y": -5.22,
            "at_2023_last_3y": -3.99,
            "at_2024_last_3y": -3.99,
            "at_2006_last_all": 18.26,
            "at_2007_last_all": 20.2,
            "at_2008_last_all": 18.88,
            "at_2009_last_all": 14.04,
            "at_2010_last_all": 23.47,
            "at_2011_last_all": 19.43,
            "at_2012_last_all": 20.75,
            "at_2013_last_all": 20.67,
            "at_2014_last_all": 16.77,
            "at_2015_last_all": 15.27,
            "at_2016_last_all": 15.26,
            "at_2017_last_all": 13.86,
            "at_2018_last_all": 14.37,
            "at_2019_last_all": 13.09,
            "at_2020_last_all": 12.18,
            "at_2021_last_all": 12.48,
            "at_2022_last_all": 10.64,
            "at_2023_last_all": 9.98,
            "at_2024_last_all": 9.98
        },
        "latest_eps": 1.44,
        "latest_price": 38,
        "latest_roe": 6.85,
        "latest_gross_margin": 18.87,
        "latest_equity": 2688302,
        "latest_revenue": 307207,
        "latest_gross_profit": 57971,
        "latest_net_income": 39309,
        "latest_debt_ratio": 55.9,
        "latest_current_ratio": 84.72,
        "latest_account_receivable_turnover_ratio": 2.54,
        "latest_inventory_turnover_ratio": 0.31,
        "latest_reinvestment_rate": 24.05,
        "latest_research_to_sale_ratio": null
    },
    "eps_dividends": {
        "1997": {
            "cash": 1,
            "stock": 0,
            "eps": 0
        },
        "1998": {
            "cash": 1,
            "stock": 0.5,
            "eps": 0
        },
        "1999": {
            "cash": 1.5,
            "stock": 0,
            "eps": 0
        },
        "2000": {
            "cash": 0.8,
            "stock": 0.8,
            "eps": 0
        },
        "2001": {
            "cash": 0.3,
            "stock": 0.2,
            "eps": 0.41
        },
        "2002": {
            "cash": 0.3,
            "stock": 0,
            "eps": 0.19
        },
        "2003": {
            "cash": 0.3,
            "stock": 0,
            "eps": 0.55
        },
        "2004": {
            "cash": 0.45,
            "stock": 0,
            "eps": 0.85
        },
        "2005": {
            "cash": 0.7,
            "stock": 0,
            "eps": 0.83
        },
        "2006": {
            "cash": 0.7,
            "stock": 0,
            "eps": 0.77
        },
        "2007": {
            "cash": 0.8,
            "stock": 0,
            "eps": 1
        },
        "2008": {
            "cash": 0.9,
            "stock": 0,
            "eps": 1.11
        },
        "2009": {
            "cash": 0.3,
            "stock": 0,
            "eps": 0.89
        },
        "2010": {
            "cash": 1.6,
            "stock": 0,
            "eps": 1.77
        },
        "2011": {
            "cash": 2.1,
            "stock": 0,
            "eps": 1.47
        },
        "2012": {
            "cash": 0,
            "stock": 0,
            "eps": 1.97
        },
        "2013": {
            "cash": 1.7,
            "stock": 0,
            "eps": 2.36
        },
        "2014": {
            "cash": 0.8,
            "stock": 0.8,
            "eps": 1.65
        },
        "2015": {
            "cash": 1.3,
            "stock": 0,
            "eps": 1.58
        },
        "2016": {
            "cash": 1,
            "stock": 0,
            "eps": 1.82
        },
        "2017": {
            "cash": 1.2,
            "stock": 0,
            "eps": 1.69
        },
        "2018": {
            "cash": 1.2,
            "stock": 0,
            "eps": 2.07
        },
        "2019": {
            "cash": 1.3,
            "stock": 0,
            "eps": 1.89
        },
        "2020": {
            "cash": 0.5,
            "stock": 0.8,
            "eps": 1.81
        },
        "2021": {
            "cash": 1.3,
            "stock": 0,
            "eps": 2.14
        },
        "2022": {
            "cash": 1.4,
            "stock": 0,
            "eps": 1.58
        },
        "2023": {
            "cash": 0.3,
            "stock": 0.9,
            "eps": 1.52
        },
        "2024": {
            "cash": 1,
            "stock": 0,
            "eps": 0
        }
    },
    "dividends": {
        "1997-06-03": {
            "cash": 1,
            "stock": 0
        },
        "1998-05-22": {
            "cash": 1,
            "stock": 0.5
        },
        "1999-05-21": {
            "cash": 1.5,
            "stock": 0
        },
        "2000-06-19": {
            "cash": 0.8,
            "stock": 0.8
        },
        "2001-06-04": {
            "cash": 0.3,
            "stock": 0.2
        },
        "2002-06-24": {
            "cash": 0.3,
            "stock": 0
        },
        "2003-06-16": {
            "cash": 0.3,
            "stock": 0
        },
        "2004-03-08": {
            "cash": 0.45,
            "stock": 0
        },
        "2005-03-14": {
            "cash": 0.7,
            "stock": 0
        },
        "2006-03-06": {
            "cash": 0.7,
            "stock": 0
        },
        "2007-03-19": {
            "cash": 0.8,
            "stock": 0
        },
        "2008-03-21": {
            "cash": 0.9,
            "stock": 0
        },
        "2009-03-23": {
            "cash": 0.3,
            "stock": 0
        },
        "2010-03-22": {
            "cash": 1.6,
            "stock": 0
        },
        "2011-01-01": {
            "cash": 0.5,
            "stock": 0
        },
        "2011-03-14": {
            "cash": 1.6,
            "stock": 0
        },
        "2013-03-25": {
            "cash": 1.7,
            "stock": 0
        },
        "2014-06-09": {
            "cash": 0.8,
            "stock": 0.8
        },
        "2015-08-03": {
            "cash": 1.3,
            "stock": 0
        },
        "2016-08-01": {
            "cash": 1,
            "stock": 0
        },
        "2017-08-04": {
            "cash": 1.2,
            "stock": 0
        },
        "2018-08-07": {
            "cash": 1.2,
            "stock": 0
        },
        "2019-08-02": {
            "cash": 1.3,
            "stock": 0
        },
        "2020-07-31": {
            "cash": 0.5,
            "stock": 0.8
        },
        "2021-08-30": {
            "cash": 1.3,
            "stock": 0
        },
        "2022-08-04": {
            "cash": 1.4,
            "stock": 0
        },
        "2023-07-17": {
            "cash": 0.3,
            "stock": 0.9
        },
        "2024-03-11": {
            "cash": 1,
            "stock": 0
        }
    },
    "prices": {
        "200101": "7.45",
        "200102": "8.07",
        "200103": "8.00",
        "200104": "7.42",
        "200105": "7.31",
        "200106": "7.06",
        "200107": "6.79",
        "200108": "7.08",
        "200109": "7.22",
        "200110": "6.41",
        "200111": "6.24",
        "200112": "6.56",
        "200201": "7.18",
        "200202": "7.40",
        "200203": "7.80",
        "200204": "8.66",
        "200205": "8.41",
        "200206": "8.12",
        "200207": "7.69",
        "200208": "7.09",
        "200209": "6.46",
        "200210": "6.38",
        "200211": "6.76",
        "200212": "6.70",
        "200301": "7.13",
        "200302": "6.96",
        "200303": "7.78",
        "200304": "7.36",
        "200305": "7.68",
        "200306": "7.94",
        "200307": "8.02",
        "200308": "7.78",
        "200309": "7.70",
        "200310": "7.88",
        "200311": "7.98",
        "200312": "8.08",
        "200401": "8.61",
        "200402": "10.58",
        "200403": "10.73",
        "200404": "10.20",
        "200405": "10.55",
        "200406": "10.55",
        "200407": "10.55",
        "200408": "10.61",
        "200409": "10.87",
        "200410": "10.80",
        "200411": "10.82",
        "200412": "10.91",
        "200501": "10.91",
        "200502": "10.97",
        "200503": "11.21",
        "200504": "11.21",
        "200505": "11.28",
        "200506": "11.44",
        "200507": "11.38",
        "200508": "11.32",
        "200509": "11.06",
        "200510": "11.16",
        "200511": "11.30",
        "200512": "11.91",
        "200601": "12.11",
        "200602": "12.35",
        "200603": "12.97",
        "200604": "13.72",
        "200605": "13.57",
        "200606": "12.55",
        "200607": "12.42",
        "200608": "12.25",
        "200609": "12.32",
        "200610": "12.55",
        "200611": "12.64",
        "200612": "13.14",
        "200701": "13.51",
        "200702": "13.81",
        "200703": "14.13",
        "200704": "15.40",
        "200705": "15.44",
        "200706": "16.04",
        "200707": "16.92",
        "200708": "16.50",
        "200709": "16.41",
        "200710": "16.62",
        "200711": "16.57",
        "200712": "16.63",
        "200801": "15.97",
        "200802": "15.99",
        "200803": "16.88",
        "200804": "17.83",
        "200805": "18.67",
        "200806": "17.94",
        "200807": "16.41",
        "200808": "16.46",
        "200809": "15.57",
        "200810": "14.56",
        "200811": "14.98",
        "200812": "14.78",
        "200901": "15.27",
        "200902": "15.58",
        "200903": "16.54",
        "200904": "16.52",
        "200905": "16.60",
        "200906": "16.71",
        "200907": "16.85",
        "200908": "16.98",
        "200909": "17.57",
        "200910": "17.34",
        "200911": "17.45",
        "200912": "17.55",
        "201001": "18.05",
        "201002": "17.80",
        "201003": "19.23",
        "201004": "21.58",
        "201005": "21.08",
        "201006": "21.15",
        "201007": "21.18",
        "201008": "19.00",
        "201009": "19.14",
        "201010": "18.91",
        "201011": "19.20",
        "201012": "19.57",
        "201101": "19.72",
        "201102": "19.81",
        "201103": "20.77",
        "201104": "22.71",
        "201105": "22.85",
        "201106": "22.80",
        "201107": "22.32",
        "201108": "23.06",
        "201109": "23.37",
        "201110": "23.81",
        "201111": "25.17",
        "201112": "24.51",
        "201201": "24.10",
        "201202": "24.67",
        "201203": "25.98",
        "201204": "23.22",
        "201205": "21.97",
        "201206": "22.38",
        "201207": "22.71",
        "201208": "23.58",
        "201209": "25.23",
        "201210": "25.53",
        "201211": "25.18",
        "201212": "25.56",
        "201301": "25.94",
        "201302": "25.95",
        "201303": "26.66",
        "201304": "31.49",
        "201305": "33.26",
        "201306": "33.84",
        "201307": "32.75",
        "201308": "36.45",
        "201309": "39.96",
        "201310": "39.54",
        "201311": "39.19",
        "201312": "39.62",
        "201401": "40.02",
        "201402": "40.16",
        "201403": "40.12",
        "201404": "40.72",
        "201405": "40.44",
        "201406": "41.14",
        "201407": "41.57",
        "201408": "40.97",
        "201409": "41.40",
        "201410": "40.21",
        "201411": "39.50",
        "201412": "38.22",
        "201501": "37.42",
        "201502": "37.84",
        "201503": "36.92",
        "201504": "35.78",
        "201505": "36.82",
        "201506": "32.85",
        "201507": "32.06",
        "201508": "31.06",
        "201509": "30.91",
        "201510": "31.14",
        "201511": "31.29",
        "201512": "31.14",
        "201601": "31.15",
        "201602": "31.59",
        "201603": "31.18",
        "201604": "31.16",
        "201605": "32.05",
        "201606": "31.79",
        "201607": "30.98",
        "201608": "31.10",
        "201609": "31.30",
        "201610": "31.46",
        "201611": "31.41",
        "201612": "31.47",
        "201701": "31.36",
        "201702": "31.28",
        "201703": "31.05",
        "201704": "30.93",
        "201705": "31.20",
        "201706": "31.58",
        "201707": "30.96",
        "201708": "30.78",
        "201709": "30.63",
        "201710": "30.99",
        "201711": "30.90",
        "201712": "30.96",
        "201801": "31.51",
        "201802": "31.29",
        "201803": "31.54",
        "201804": "31.78",
        "201805": "32.15",
        "201806": "32.46",
        "201807": "31.72",
        "201808": "31.69",
        "201809": "32.01",
        "201810": "31.32",
        "201811": "32.13",
        "201812": "32.22",
        "201901": "31.67",
        "201902": "32.43",
        "201903": "32.46",
        "201904": "32.43",
        "201905": "32.49",
        "201906": "33.13",
        "201907": "33.24",
        "201908": "34.03",
        "201909": "35.54",
        "201910": "35.78",
        "201911": "36.14",
        "201912": "35.87",
        "202001": "35.76",
        "202002": "35.06",
        "202003": "34.44",
        "202004": "37.21",
        "202005": "40.40",
        "202006": "41.32",
        "202007": "41.24",
        "202008": "40.32",
        "202009": "40.77",
        "202010": "40.88",
        "202011": "40.92",
        "202012": "42.41",
        "202101": "42.85",
        "202102": "43.06",
        "202103": "41.77",
        "202104": "41.41",
        "202105": "40.39",
        "202106": "39.82",
        "202107": "39.63",
        "202108": "38.70",
        "202109": "38.82",
        "202110": "39.26",
        "202111": "39.58",
        "202112": "40.00",
        "202201": "39.75",
        "202202": "39.55",
        "202203": "39.66",
        "202204": "39.95",
        "202205": "40.51",
        "202206": "40.73",
        "202207": "40.08",
        "202208": "39.64",
        "202209": "38.88",
        "202210": "38.80",
        "202211": "39.26",
        "202212": "39.24",
        "202301": "39.46",
        "202302": "39.37",
        "202303": "39.55",
        "202304": "39.95",
        "202305": "40.60",
        "202306": "41.22",
        "202307": "41.07",
        "202308": "40.66",
        "202309": "39.65",
        "202310": "39.01",
        "202311": "38.86",
        "202312": "39.24"
    },
    "quarters": {
        "20011": {
            "year_quarter": 20011,
            "year": 2001,
            "quarter": 1,
            "eps": 0.38,
            "eps_growth_year": -22.45,
            "eps_4q": 0.63,
            "eps_4q_growth_year": -55.85,
            "roe": 3.01,
            "roe_4q": 3.01,
            "gross_profit": 77096,
            "gross_margin": 40.4,
            "gross_margin_4q_avg": 40.4,
            "net_income": 35436,
            "net_income_4q": null,
            "revenue": 190841,
            "revenue_4q": null,
            "common_shares": 928200,
            "book_valuer_per_share": 12.85,
            "book_valuer_per_share_4q_avg": 12.85,
            "equity": 1193164,
            "current_ratio": 55.94,
            "debt_ratio": 49.74,
            "inventory_turnover_ratio": 1.48,
            "account_receivable_turnover_ratio": null,
            "reinvestment_rate": null,
            "research_to_sale_ratio": null,
            "price_fair": 0,
            "eps_avg_yearly": 0,
            "eps_latest_yearly": 0,
            "eps_growth_yearly": 0
        },
        "20012": {
            "year_quarter": 20012,
            "year": 2001,
            "quarter": 2,
            "eps": -0.02,
            "eps_growth_year": -150,
            "eps_4q": 0.57,
            "eps_4q_growth_year": -51.8,
            "roe": -0.19,
            "roe_4q": 2.82,
            "gross_profit": 30619,
            "gross_margin": 24,
            "gross_margin_4q_avg": 32.2,
            "net_income": -2269,
            "net_income_4q": null,
            "revenue": 127595,
            "revenue_4q": null,
            "common_shares": 928200,
            "book_valuer_per_share": 12.47,
            "book_valuer_per_share_4q_avg": 12.66,
            "equity": 1157892,
            "current_ratio": 52.54,
            "debt_ratio": 51.48,
            "inventory_turnover_ratio": 1.27,
            "account_receivable_turnover_ratio": null,
            "reinvestment_rate": null,
            "research_to_sale_ratio": null,
            "price_fair": 0,
            "eps_avg_yearly": 0,
            "eps_latest_yearly": 0,
            "eps_growth_yearly": 0
        },
        "20013": {
            "year_quarter": 20013,
            "year": 2001,
            "quarter": 3,
            "eps": -0.01,
            "eps_growth_year": null,
            "eps_4q": 0.58,
            "eps_4q_growth_year": -28.96,
            "roe": -0.07,
            "roe_4q": 2.75,
            "gross_profit": 25959,
            "gross_margin": 21.47,
            "gross_margin_4q_avg": 28.62,
            "net_income": -826,
            "net_income_4q": null,
            "revenue": 120904,
            "revenue_4q": null,
            "common_shares": 946764,
            "book_valuer_per_share": 12.22,
            "book_valuer_per_share_4q_avg": 12.51,
            "equity": 1157066,
            "current_ratio": 50.67,
            "debt_ratio": 51.35,
            "inventory_turnover_ratio": 1.2,
            "account_receivable_turnover_ratio": null,
            "reinvestment_rate": null,
            "research_to_sale_ratio": null,
            "price_fair": 0,
            "eps_avg_yearly": 0,
            "eps_latest_yearly": 0,
            "eps_growth_yearly": 0
        },
        "20014": {
            "year_quarter": 20014,
            "year": 2001,
            "quarter": 4,
            "eps": 0.06,
            "eps_growth_year": -75,
            "eps_4q": 0.42,
            "eps_4q_growth_year": -41.55,
            "roe": 0.46,
            "roe_4q": 3.21,
            "gross_profit": 31437,
            "gross_margin": 22.75,
            "gross_margin_4q_avg": 27.16,
            "net_income": 5357,
            "net_income_4q": null,
            "revenue": 138193,
            "revenue_4q": null,
            "common_shares": 946764,
            "book_valuer_per_share": 12.28,
            "book_valuer_per_share_4q_avg": 12.46,
            "equity": 1162423,
            "current_ratio": 46.86,
            "debt_ratio": 51.03,
            "inventory_turnover_ratio": 1.33,
            "account_receivable_turnover_ratio": null,
            "reinvestment_rate": null,
            "research_to_sale_ratio": null,
            "price_fair": 0,
            "eps_avg_yearly": 0,
            "eps_latest_yearly": 0,
            "eps_growth_yearly": 0
        },
        "20021": {
            "year_quarter": 20021,
            "year": 2002,
            "quarter": 1,
            "eps": 0.1,
            "eps_growth_year": -73.68,
            "eps_4q": 0.12,
            "eps_4q_growth_year": -80.38,
            "roe": 0.83,
            "roe_4q": 1.03,
            "gross_profit": 33512,
            "gross_margin": 23.49,
            "gross_margin_4q_avg": 22.93,
            "net_income": 9688,
            "net_income_4q": null,
            "revenue": 142656,
            "revenue_4q": null,
            "common_shares": 946764,
            "book_valuer_per_share": 12.38,
            "book_valuer_per_share_4q_avg": 12.34,
            "equity": 1172111,
            "current_ratio": 49.64,
            "debt_ratio": 50.85,
            "inventory_turnover_ratio": 1.39,
            "account_receivable_turnover_ratio": null,
            "reinvestment_rate": null,
            "research_to_sale_ratio": null,
            "price_fair": 14,
            "eps_avg_yearly": 0.4,
            "eps_latest_yearly": 0.4,
            "eps_growth_yearly": 266.67
        },
        "20022": {
            "year_quarter": 20022,
            "year": 2002,
            "quarter": 2,
            "eps": 0.04,
            "eps_growth_year": null,
            "eps_4q": 0.19,
            "eps_4q_growth_year": -67,
            "roe": 0.33,
            "roe_4q": 1.5499999999999998,
            "gross_profit": 26740,
            "gross_margin": 23.25,
            "gross_margin_4q_avg": 22.74,
            "net_income": 3839,
            "net_income_4q": null,
            "revenue": 115027,
            "revenue_4q": null,
            "common_shares": 946764,
            "book_valuer_per_share": 12.11,
            "book_valuer_per_share_4q_avg": 12.25,
            "equity": 1146119,
            "current_ratio": 56.25,
            "debt_ratio": 52.43,
            "inventory_turnover_ratio": 1.14,
            "account_receivable_turnover_ratio": null,
            "reinvestment_rate": null,
            "research_to_sale_ratio": null,
            "price_fair": 6.53,
            "eps_avg_yearly": 0.28,
            "eps_latest_yearly": 0.16,
            "eps_growth_yearly": 13.33
        },
        "20023": {
            "year_quarter": 20023,
            "year": 2002,
            "quarter": 3,
            "eps": 0,
            "eps_growth_year": null,
            "eps_4q": 0.19,
            "eps_4q_growth_year": -66.25,
            "roe": -0.04,
            "roe_4q": 1.58,
            "gross_profit": 41903,
            "gross_margin": 32.37,
            "gross_margin_4q_avg": 25.47,
            "net_income": -455,
            "net_income_4q": null,
            "revenue": 129453,
            "revenue_4q": null,
            "common_shares": 946764,
            "book_valuer_per_share": 12.1,
            "book_valuer_per_share_4q_avg": 12.22,
            "equity": 1145664,
            "current_ratio": 57.44,
            "debt_ratio": 51.91,
            "inventory_turnover_ratio": 1.11,
            "account_receivable_turnover_ratio": null,
            "reinvestment_rate": null,
            "research_to_sale_ratio": null,
            "price_fair": 6.53,
            "eps_avg_yearly": 0.28,
            "eps_latest_yearly": 0.16,
            "eps_growth_yearly": 13.33
        },
        "20024": {
            "year_quarter": 20024,
            "year": 2002,
            "quarter": 4,
            "eps": 0.05,
            "eps_growth_year": -16.67,
            "eps_4q": 0.18,
            "eps_4q_growth_year": -57.89,
            "roe": 0.45,
            "roe_4q": 1.5699999999999998,
            "gross_profit": 25970,
            "gross_margin": 19.83,
            "gross_margin_4q_avg": 24.74,
            "net_income": 5115,
            "net_income_4q": null,
            "revenue": 130980,
            "revenue_4q": null,
            "common_shares": 946764,
            "book_valuer_per_share": 12.15,
            "book_valuer_per_share_4q_avg": 12.19,
            "equity": 1150779,
            "current_ratio": 44.81,
            "debt_ratio": 50.87,
            "inventory_turnover_ratio": 1.32,
            "account_receivable_turnover_ratio": null,
            "reinvestment_rate": 95.17,
            "research_to_sale_ratio": null,
            "price_fair": 6.53,
            "eps_avg_yearly": 0.28,
            "eps_latest_yearly": 0.16,
            "eps_growth_yearly": 13.33
        },
        "20031": {
            "year_quarter": 20031,
            "year": 2003,
            "quarter": 1,
            "eps": 0.19,
            "eps_growth_year": 90,
            "eps_4q": 0.28,
            "eps_4q_growth_year": 126.01,
            "roe": 1.57,
            "roe_4q": 2.31,
            "gross_profit": 45239,
            "gross_margin": 27.29,
            "gross_margin_4q_avg": 25.69,
            "net_income": 18189,
            "net_income_4q": null,
            "revenue": 165748,
            "revenue_4q": null,
            "common_shares": 946764,
            "book_valuer_per_share": 12.35,
            "book_valuer_per_share_4q_avg": 12.18,
            "equity": 1168968,
            "current_ratio": 34.08,
            "debt_ratio": 50.51,
            "inventory_turnover_ratio": 1.49,
            "account_receivable_turnover_ratio": null,
            "reinvestment_rate": 105.49,
            "research_to_sale_ratio": null,
            "price_fair": 15.4,
            "eps_avg_yearly": 0.44,
            "eps_latest_yearly": 0.76,
            "eps_growth_yearly": 382.22
        },
        "20032": {
            "year_quarter": 20032,
            "year": 2003,
            "quarter": 2,
            "eps": 0.06,
            "eps_growth_year": 50,
            "eps_4q": 0.31,
            "eps_4q_growth_year": 62.49,
            "roe": 0.48,
            "roe_4q": 2.46,
            "gross_profit": 24205,
            "gross_margin": 19.46,
            "gross_margin_4q_avg": 24.74,
            "net_income": 5579,
            "net_income_4q": null,
            "revenue": 124382,
            "revenue_4q": null,
            "common_shares": 946764,
            "book_valuer_per_share": 12.09,
            "book_valuer_per_share_4q_avg": 12.17,
            "equity": 1144474,
            "current_ratio": 38.67,
            "debt_ratio": 52.68,
            "inventory_turnover_ratio": 1.18,
            "account_receivable_turnover_ratio": null,
            "reinvestment_rate": 70.46,
            "research_to_sale_ratio": null,
            "price_fair": 13.65,
            "eps_avg_yearly": 0.39,
            "eps_latest_yearly": 0.24,
            "eps_growth_yearly": 218.25
        },
        "20033": {
            "year_quarter": 20033,
            "year": 2003,
            "quarter": 3,
            "eps": 0.13,
            "eps_growth_year": null,
            "eps_4q": 0.44,
            "eps_4q_growth_year": 125.73,
            "roe": 1.05,
            "roe_4q": 3.5500000000000003,
            "gross_profit": 34271,
            "gross_margin": 25.66,
            "gross_margin_4q_avg": 23.06,
            "net_income": 12136,
            "net_income_4q": null,
            "revenue": 133576,
            "revenue_4q": null,
            "common_shares": 946764,
            "book_valuer_per_share": 12.22,
            "book_valuer_per_share_4q_avg": 12.2,
            "equity": 1156610,
            "current_ratio": 39.58,
            "debt_ratio": 53.69,
            "inventory_turnover_ratio": 1.12,
            "account_receivable_turnover_ratio": null,
            "reinvestment_rate": 65.49,
            "research_to_sale_ratio": null,
            "price_fair": 14.56,
            "eps_avg_yearly": 0.42,
            "eps_latest_yearly": 0.52,
            "eps_growth_yearly": 267.93
        },
        "20034": {
            "year_quarter": 20034,
            "year": 2003,
            "quarter": 4,
            "eps": 0.17,
            "eps_growth_year": 240,
            "eps_4q": 0.55,
            "eps_4q_growth_year": 210.23,
            "roe": 1.37,
            "roe_4q": 4.47,
            "gross_profit": 31465,
            "gross_margin": 19.95,
            "gross_margin_4q_avg": 23.09,
            "net_income": 15998,
            "net_income_4q": null,
            "revenue": 157700,
            "revenue_4q": null,
            "common_shares": 946764,
            "book_valuer_per_share": 12.39,
            "book_valuer_per_share_4q_avg": 12.26,
            "equity": 1172607,
            "current_ratio": 47.54,
            "debt_ratio": 54.61,
            "inventory_turnover_ratio": 1.41,
            "account_receivable_turnover_ratio": null,
            "reinvestment_rate": 64.28,
            "research_to_sale_ratio": null,
            "price_fair": 16.1,
            "eps_avg_yearly": 0.46,
            "eps_latest_yearly": 0.68,
            "eps_growth_yearly": 243.79
        },
        "20041": {
            "year_quarter": 20041,
            "year": 2004,
            "quarter": 1,
            "eps": 0.63,
            "eps_growth_year": 231.58,
            "eps_4q": 0.99,
            "eps_4q_growth_year": 254.56,
            "roe": 4.93,
            "roe_4q": 7.83,
            "gross_profit": 64950,
            "gross_margin": 31.5,
            "gross_margin_4q_avg": 24.14,
            "net_income": 59257,
            "net_income_4q": null,
            "revenue": 206222,
            "revenue_4q": null,
            "common_shares": 946764,
            "book_valuer_per_share": 13.01,
            "book_valuer_per_share_4q_avg": 12.43,
            "equity": 1231864,
            "current_ratio": 61.86,
            "debt_ratio": 53.85,
            "inventory_turnover_ratio": 1.51,
            "account_receivable_turnover_ratio": null,
            "reinvestment_rate": 82.16,
            "research_to_sale_ratio": null,
            "price_fair": 26.4,
            "eps_avg_yearly": 0.75,
            "eps_latest_yearly": 2.52,
            "eps_growth_yearly": 363.58
        },
        "20042": {
            "year_quarter": 20042,
            "year": 2004,
            "quarter": 2,
            "eps": 0.03,
            "eps_growth_year": -50,
            "eps_4q": 1.05,
            "eps_4q_growth_year": 244.91,
            "roe": 0.21,
            "roe_4q": 7.56,
            "gross_profit": 33442,
            "gross_margin": 22.49,
            "gross_margin_4q_avg": 24.9,
            "net_income": 2559,
            "net_income_4q": null,
            "revenue": 148720,
            "revenue_4q": null,
            "common_shares": 946764,
            "book_valuer_per_share": 12.57,
            "book_valuer_per_share_4q_avg": 12.55,
            "equity": 1190147,
            "current_ratio": 54.12,
            "debt_ratio": 55.4,
            "inventory_turnover_ratio": 1.13,
            "account_receivable_turnover_ratio": null,
            "reinvestment_rate": 58.29,
            "research_to_sale_ratio": null,
            "price_fair": 23.63,
            "eps_avg_yearly": 0.68,
            "eps_latest_yearly": 0.12,
            "eps_growth_yearly": 270.52
        },
        "20043": {
            "year_quarter": 20043,
            "year": 2004,
            "quarter": 3,
            "eps": 0.05,
            "eps_growth_year": -61.54,
            "eps_4q": 0.96,
            "eps_4q_growth_year": 118.9,
            "roe": 0.36,
            "roe_4q": 6.87,
            "gross_profit": 19005,
            "gross_margin": 14.38,
            "gross_margin_4q_avg": 22.08,
            "net_income": 4267,
            "net_income_4q": null,
            "revenue": 132186,
            "revenue_4q": null,
            "common_shares": 946764,
            "book_valuer_per_share": 12.62,
            "book_valuer_per_share_4q_avg": 12.65,
            "equity": 1194414,
            "current_ratio": 52.89,
            "debt_ratio": 54.82,
            "inventory_turnover_ratio": 1,
            "account_receivable_turnover_ratio": null,
            "reinvestment_rate": 49.38,
            "research_to_sale_ratio": null,
            "price_fair": 21.78,
            "eps_avg_yearly": 0.62,
            "eps_latest_yearly": 0.2,
            "eps_growth_yearly": 270.09
        },
        "20044": {
            "year_quarter": 20044,
            "year": 2004,
            "quarter": 4,
            "eps": 0.14,
            "eps_growth_year": -17.65,
            "eps_4q": 0.82,
            "eps_4q_growth_year": 48.43,
            "roe": 1.14,
            "roe_4q": 6.64,
            "gross_profit": 32984,
            "gross_margin": 19.46,
            "gross_margin_4q_avg": 21.96,
            "net_income": 13633,
            "net_income_4q": null,
            "revenue": 169498,
            "revenue_4q": null,
            "common_shares": 946764,
            "book_valuer_per_share": 12.65,
            "book_valuer_per_share_4q_avg": 12.71,
            "equity": 1197890,
            "current_ratio": 54.51,
            "debt_ratio": 55.76,
            "inventory_turnover_ratio": 1.05,
            "account_receivable_turnover_ratio": null,
            "reinvestment_rate": 61.28,
            "research_to_sale_ratio": null,
            "price_fair": 21.56,
            "eps_avg_yearly": 0.62,
            "eps_latest_yearly": 0.56,
            "eps_growth_yearly": 315.08
        },
        "20051": {
            "year_quarter": 20051,
            "year": 2005,
            "quarter": 1,
            "eps": 0.18,
            "eps_growth_year": -71.43,
            "eps_4q": 0.4,
            "eps_4q_growth_year": -59.8,
            "roe": 1.4,
            "roe_4q": 3.11,
            "gross_profit": 48955,
            "gross_margin": 22.31,
            "gross_margin_4q_avg": 19.66,
            "net_income": 16941,
            "net_income_4q": null,
            "revenue": 219433,
            "revenue_4q": null,
            "common_shares": 946764,
            "book_valuer_per_share": 12.83,
            "book_valuer_per_share_4q_avg": 12.67,
            "equity": 1214831,
            "current_ratio": 58.36,
            "debt_ratio": 56.62,
            "inventory_turnover_ratio": 1.14,
            "account_receivable_turnover_ratio": null,
            "reinvestment_rate": 73.33,
            "research_to_sale_ratio": null,
            "price_fair": 21.89,
            "eps_avg_yearly": 0.63,
            "eps_latest_yearly": 0.72,
            "eps_growth_yearly": 296.83
        },
        "20052": {
            "year_quarter": 20052,
            "year": 2005,
            "quarter": 2,
            "eps": 0.27,
            "eps_growth_year": 800,
            "eps_4q": 0.64,
            "eps_4q_growth_year": -38.97,
            "roe": 2.11,
            "roe_4q": 5.01,
            "gross_profit": 63756,
            "gross_margin": 31.27,
            "gross_margin_4q_avg": 21.86,
            "net_income": 25182,
            "net_income_4q": null,
            "revenue": 203897,
            "revenue_4q": null,
            "common_shares": 946764,
            "book_valuer_per_share": 12.38,
            "book_valuer_per_share_4q_avg": 12.62,
            "equity": 1172022,
            "current_ratio": 55.67,
            "debt_ratio": 58.68,
            "inventory_turnover_ratio": 0.81,
            "account_receivable_turnover_ratio": null,
            "reinvestment_rate": 67.08,
            "research_to_sale_ratio": null,
            "price_fair": 23.22,
            "eps_avg_yearly": 0.66,
            "eps_latest_yearly": 1.08,
            "eps_growth_yearly": 288.76
        },
        "20053": {
            "year_quarter": 20053,
            "year": 2005,
            "quarter": 3,
            "eps": 0.14,
            "eps_growth_year": 180,
            "eps_4q": 0.73,
            "eps_4q_growth_year": -23.64,
            "roe": 1.11,
            "roe_4q": 5.759999999999999,
            "gross_profit": 45106,
            "gross_margin": 25.3,
            "gross_margin_4q_avg": 24.59,
            "net_income": 13131,
            "net_income_4q": null,
            "revenue": 178258,
            "revenue_4q": null,
            "common_shares": 946764,
            "book_valuer_per_share": 12.52,
            "book_valuer_per_share_4q_avg": 12.6,
            "equity": 1185153,
            "current_ratio": 54.9,
            "debt_ratio": 57.94,
            "inventory_turnover_ratio": 0.71,
            "account_receivable_turnover_ratio": null,
            "reinvestment_rate": 70.02,
            "research_to_sale_ratio": null,
            "price_fair": 22.94,
            "eps_avg_yearly": 0.66,
            "eps_latest_yearly": 0.56,
            "eps_growth_yearly": 251.73
        },
        "20054": {
            "year_quarter": 20054,
            "year": 2005,
            "quarter": 4,
            "eps": 0.24,
            "eps_growth_year": 71.43,
            "eps_4q": 0.83,
            "eps_4q_growth_year": 1.07,
            "roe": 1.88,
            "roe_4q": 6.5,
            "gross_profit": 45933,
            "gross_margin": 21.77,
            "gross_margin_4q_avg": 25.16,
            "net_income": 22576,
            "net_income_4q": null,
            "revenue": 211004,
            "revenue_4q": null,
            "common_shares": 946764,
            "book_valuer_per_share": 12.76,
            "book_valuer_per_share_4q_avg": 12.62,
            "equity": 1218050,
            "current_ratio": 44.22,
            "debt_ratio": 58.1,
            "inventory_turnover_ratio": 0.85,
            "account_receivable_turnover_ratio": null,
            "reinvestment_rate": 71.36,
            "research_to_sale_ratio": null,
            "price_fair": 23.7,
            "eps_avg_yearly": 0.68,
            "eps_latest_yearly": 0.96,
            "eps_growth_yearly": 254.16
        },
        "20061": {
            "year_quarter": 20061,
            "year": 2006,
            "quarter": 1,
            "eps": 0.21,
            "eps_growth_year": 16.67,
            "eps_4q": 0.85,
            "eps_4q_growth_year": 114.45,
            "roe": 1.65,
            "roe_4q": 6.75,
            "gross_profit": 48034,
            "gross_margin": 21.58,
            "gross_margin_4q_avg": 24.98,
            "net_income": 19911,
            "net_income_4q": null,
            "revenue": 222606,
            "revenue_4q": null,
            "common_shares": 946764,
            "book_valuer_per_share": 12.6,
            "book_valuer_per_share_4q_avg": 12.57,
            "equity": 1192805,
            "current_ratio": 41.46,
            "debt_ratio": 59.02,
            "inventory_turnover_ratio": 0.84,
            "account_receivable_turnover_ratio": null,
            "reinvestment_rate": 80.43,
            "research_to_sale_ratio": null,
            "price_fair": 24.8,
            "eps_avg_yearly": 0.71,
            "eps_latest_yearly": 0.84,
            "eps_growth_yearly": 231.54
        },
        "20062": {
            "year_quarter": 20062,
            "year": 2006,
            "quarter": 2,
            "eps": 0.18,
            "eps_growth_year": -33.33,
            "eps_4q": 0.78,
            "eps_4q_growth_year": 20.6,
            "roe": 1.42,
            "roe_4q": 6.06,
            "gross_profit": 44221,
            "gross_margin": 23.97,
            "gross_margin_4q_avg": 23.16,
            "net_income": 16794,
            "net_income_4q": null,
            "revenue": 184450,
            "revenue_4q": null,
            "common_shares": 946764,
            "book_valuer_per_share": 12.34,
            "book_valuer_per_share_4q_avg": 12.56,
            "equity": 1168552,
            "current_ratio": 38.74,
            "debt_ratio": 60.63,
            "inventory_turnover_ratio": 0.61,
            "account_receivable_turnover_ratio": null,
            "reinvestment_rate": 90.09,
            "research_to_sale_ratio": null,
            "price_fair": 26.2,
            "eps_avg_yearly": 0.75,
            "eps_latest_yearly": 0.72,
            "eps_growth_yearly": 244.6
        },
        "20063": {
            "year_quarter": 20063,
            "year": 2006,
            "quarter": 3,
            "eps": 0.39,
            "eps_growth_year": 178.57,
            "eps_4q": 1.02,
            "eps_4q_growth_year": 39.34,
            "roe": 3.06,
            "roe_4q": 8.010000000000002,
            "gross_profit": 53974,
            "gross_margin": 27.22,
            "gross_margin_4q_avg": 23.64,
            "net_income": 36503,
            "net_income_4q": null,
            "revenue": 198315,
            "revenue_4q": null,
            "common_shares": 946764,
            "book_valuer_per_share": 12.85,
            "book_valuer_per_share_4q_avg": 12.64,
            "equity": 1216888,
            "current_ratio": 40.83,
            "debt_ratio": 60.12,
            "inventory_turnover_ratio": 0.54,
            "account_receivable_turnover_ratio": null,
            "reinvestment_rate": 82.05,
            "research_to_sale_ratio": null,
            "price_fair": 28.09,
            "eps_avg_yearly": 0.8,
            "eps_latest_yearly": 1.56,
            "eps_growth_yearly": 259.4
        },
        "20064": {
            "year_quarter": 20064,
            "year": 2006,
            "quarter": 4,
            "eps": -0.01,
            "eps_growth_year": -104.17,
            "eps_4q": 0.78,
            "eps_4q_growth_year": -6.24,
            "roe": -0.05,
            "roe_4q": 6.08,
            "gross_profit": 28509,
            "gross_margin": 13.8,
            "gross_margin_4q_avg": 21.64,
            "net_income": -614,
            "net_income_4q": null,
            "revenue": 206578,
            "revenue_4q": null,
            "common_shares": 946764,
            "book_valuer_per_share": 13.17,
            "book_valuer_per_share_4q_avg": 12.74,
            "equity": 1258533,
            "current_ratio": 44.96,
            "debt_ratio": 61.42,
            "inventory_turnover_ratio": 0.59,
            "account_receivable_turnover_ratio": null,
            "reinvestment_rate": 84.83,
            "research_to_sale_ratio": null,
            "price_fair": 28.09,
            "eps_avg_yearly": 0.8,
            "eps_latest_yearly": 1.56,
            "eps_growth_yearly": 259.4
        },
        "20071": {
            "year_quarter": 20071,
            "year": 2007,
            "quarter": 1,
            "eps": 0.26,
            "eps_growth_year": 23.81,
            "eps_4q": 0.82,
            "eps_4q_growth_year": -3.86,
            "roe": 1.94,
            "roe_4q": 6.37,
            "gross_profit": 53748,
            "gross_margin": 21.12,
            "gross_margin_4q_avg": 21.53,
            "net_income": 24489,
            "net_income_4q": null,
            "revenue": 254477,
            "revenue_4q": null,
            "common_shares": 946764,
            "book_valuer_per_share": 13.34,
            "book_valuer_per_share_4q_avg": 12.93,
            "equity": 1263145,
            "current_ratio": 44.73,
            "debt_ratio": 61.12,
            "inventory_turnover_ratio": 0.63,
            "account_receivable_turnover_ratio": null,
            "reinvestment_rate": 96.08,
            "research_to_sale_ratio": null,
            "price_fair": 28.2,
            "eps_avg_yearly": 0.81,
            "eps_latest_yearly": 1.56,
            "eps_growth_yearly": 197.93
        },
        "20072": {
            "year_quarter": 20072,
            "year": 2007,
            "quarter": 2,
            "eps": 0.17,
            "eps_growth_year": -5.56,
            "eps_4q": 0.81,
            "eps_4q_growth_year": 3.98,
            "roe": 1.3,
            "roe_4q": 6.25,
            "gross_profit": 46222,
            "gross_margin": 21.85,
            "gross_margin_4q_avg": 21,
            "net_income": 16113,
            "net_income_4q": null,
            "revenue": 211548,
            "revenue_4q": null,
            "common_shares": 946764,
            "book_valuer_per_share": 12.84,
            "book_valuer_per_share_4q_avg": 13.05,
            "equity": 1215537,
            "current_ratio": 42.41,
            "debt_ratio": 62.28,
            "inventory_turnover_ratio": 0.49,
            "account_receivable_turnover_ratio": null,
            "reinvestment_rate": 93.76,
            "research_to_sale_ratio": null,
            "price_fair": 29.3,
            "eps_avg_yearly": 0.84,
            "eps_latest_yearly": 0.68,
            "eps_growth_yearly": 207.59
        },
        "20073": {
            "year_quarter": 20073,
            "year": 2007,
            "quarter": 3,
            "eps": 0.14,
            "eps_growth_year": -64.1,
            "eps_4q": 0.57,
            "eps_4q_growth_year": -44.65,
            "roe": 1.06,
            "roe_4q": 4.250000000000001,
            "gross_profit": 13159,
            "gross_margin": 7.04,
            "gross_margin_4q_avg": 15.95,
            "net_income": 13128,
            "net_income_4q": null,
            "revenue": 186794,
            "revenue_4q": null,
            "common_shares": 946764,
            "book_valuer_per_share": 13.2,
            "book_valuer_per_share_4q_avg": 13.14,
            "equity": 1250029,
            "current_ratio": 42.15,
            "debt_ratio": 61.47,
            "inventory_turnover_ratio": 0.49,
            "account_receivable_turnover_ratio": null,
            "reinvestment_rate": 89.87,
            "research_to_sale_ratio": null,
            "price_fair": 29.4,
            "eps_avg_yearly": 0.84,
            "eps_latest_yearly": 0.56,
            "eps_growth_yearly": 169.22
        },
        "20074": {
            "year_quarter": 20074,
            "year": 2007,
            "quarter": 4,
            "eps": 0.43,
            "eps_growth_year": null,
            "eps_4q": 1,
            "eps_4q_growth_year": 29.13,
            "roe": 3.23,
            "roe_4q": 7.529999999999999,
            "gross_profit": 83715,
            "gross_margin": 27.88,
            "gross_margin_4q_avg": 19.47,
            "net_income": 40409,
            "net_income_4q": null,
            "revenue": 300276,
            "revenue_4q": null,
            "common_shares": 946764,
            "book_valuer_per_share": 13.1,
            "book_valuer_per_share_4q_avg": 13.12,
            "equity": 1252830,
            "current_ratio": 43.12,
            "debt_ratio": 62.11,
            "inventory_turnover_ratio": 0.6,
            "account_receivable_turnover_ratio": null,
            "reinvestment_rate": 77.12,
            "research_to_sale_ratio": null,
            "price_fair": 32,
            "eps_avg_yearly": 0.91,
            "eps_latest_yearly": 1.72,
            "eps_growth_yearly": 219.61
        },
        "20081": {
            "year_quarter": 20081,
            "year": 2008,
            "quarter": 1,
            "eps": 0.2,
            "eps_growth_year": -23.08,
            "eps_4q": 0.92,
            "eps_4q_growth_year": 12.16,
            "roe": 1.52,
            "roe_4q": 7.11,
            "gross_profit": 45591,
            "gross_margin": 16.93,
            "gross_margin_4q_avg": 18.43,
            "net_income": 19246,
            "net_income_4q": null,
            "revenue": 269286,
            "revenue_4q": null,
            "common_shares": 946764,
            "book_valuer_per_share": 13.44,
            "book_valuer_per_share_4q_avg": 13.15,
            "equity": 1285774,
            "current_ratio": 46.23,
            "debt_ratio": 62.43,
            "inventory_turnover_ratio": 0.62,
            "account_receivable_turnover_ratio": null,
            "reinvestment_rate": 85.76,
            "research_to_sale_ratio": null,
            "price_fair": 27.7,
            "eps_avg_yearly": 0.79,
            "eps_latest_yearly": 0.8,
            "eps_growth_yearly": 127.02
        },
        "20082": {
            "year_quarter": 20082,
            "year": 2008,
            "quarter": 2,
            "eps": 0.18,
            "eps_growth_year": 5.88,
            "eps_4q": 0.97,
            "eps_4q_growth_year": 20.28,
            "roe": 1.34,
            "roe_4q": 7.15,
            "gross_profit": 62552,
            "gross_margin": 23.39,
            "gross_margin_4q_avg": 18.81,
            "net_income": 16646,
            "net_income_4q": null,
            "revenue": 267444,
            "revenue_4q": null,
            "common_shares": 946764,
            "book_valuer_per_share": 12.57,
            "book_valuer_per_share_4q_avg": 13.08,
            "equity": 1201643,
            "current_ratio": 44.91,
            "debt_ratio": 64.85,
            "inventory_turnover_ratio": 0.55,
            "account_receivable_turnover_ratio": null,
            "reinvestment_rate": 77.56,
            "research_to_sale_ratio": null,
            "price_fair": 29.2,
            "eps_avg_yearly": 0.83,
            "eps_latest_yearly": 0.72,
            "eps_growth_yearly": 151.37
        },
        "20083": {
            "year_quarter": 20083,
            "year": 2008,
            "quarter": 3,
            "eps": 0.42,
            "eps_growth_year": 200,
            "eps_4q": 1.24,
            "eps_4q_growth_year": 119.74,
            "roe": 3.31,
            "roe_4q": 9.4,
            "gross_profit": 76492,
            "gross_margin": 25.72,
            "gross_margin_4q_avg": 23.48,
            "net_income": 39179,
            "net_income_4q": null,
            "revenue": 297358,
            "revenue_4q": null,
            "common_shares": 946764,
            "book_valuer_per_share": 12.18,
            "book_valuer_per_share_4q_avg": 12.82,
            "equity": 1162839,
            "current_ratio": 41.67,
            "debt_ratio": 64.78,
            "inventory_turnover_ratio": 0.58,
            "account_receivable_turnover_ratio": null,
            "reinvestment_rate": 66.74,
            "research_to_sale_ratio": null,
            "price_fair": 32.9,
            "eps_avg_yearly": 0.94,
            "eps_latest_yearly": 1.68,
            "eps_growth_yearly": 170.42
        },
        "20084": {
            "year_quarter": 20084,
            "year": 2008,
            "quarter": 4,
            "eps": 0.31,
            "eps_growth_year": -27.91,
            "eps_4q": 1.11,
            "eps_4q_growth_year": 11.25,
            "roe": 2.54,
            "roe_4q": 8.709999999999999,
            "gross_profit": 66234,
            "gross_margin": 20.32,
            "gross_margin_4q_avg": 21.59,
            "net_income": 29177,
            "net_income_4q": null,
            "revenue": 325996,
            "revenue_4q": null,
            "common_shares": 946764,
            "book_valuer_per_share": 11.88,
            "book_valuer_per_share_4q_avg": 12.52,
            "equity": 1131591,
            "current_ratio": 40.43,
            "debt_ratio": 65.34,
            "inventory_turnover_ratio": 0.68,
            "account_receivable_turnover_ratio": 4.07,
            "reinvestment_rate": 59.41,
            "research_to_sale_ratio": null,
            "price_fair": 34.6,
            "eps_avg_yearly": 0.99,
            "eps_latest_yearly": 1.24,
            "eps_growth_yearly": 111.51
        },
        "20091": {
            "year_quarter": 20091,
            "year": 2009,
            "quarter": 1,
            "eps": 0.36,
            "eps_growth_year": 80,
            "eps_4q": 1.28,
            "eps_4q_growth_year": 39.48,
            "roe": 2.93,
            "roe_4q": 10.120000000000001,
            "gross_profit": 72785,
            "gross_margin": 23.02,
            "gross_margin_4q_avg": 23.11,
            "net_income": 33670,
            "net_income_4q": null,
            "revenue": 316138,
            "revenue_4q": null,
            "common_shares": 946764,
            "book_valuer_per_share": 12.26,
            "book_valuer_per_share_4q_avg": 12.22,
            "equity": 1167778,
            "current_ratio": 42.38,
            "debt_ratio": 64.12,
            "inventory_turnover_ratio": 0.66,
            "account_receivable_turnover_ratio": 1.88,
            "reinvestment_rate": 51.29,
            "research_to_sale_ratio": null,
            "price_fair": 36.4,
            "eps_avg_yearly": 1.04,
            "eps_latest_yearly": 1.44,
            "eps_growth_yearly": 107.95
        },
        "20092": {
            "year_quarter": 20092,
            "year": 2009,
            "quarter": 2,
            "eps": 0.22,
            "eps_growth_year": 22.22,
            "eps_4q": 1.24,
            "eps_4q_growth_year": 27.34,
            "roe": 1.84,
            "roe_4q": 10.620000000000001,
            "gross_profit": 42900,
            "gross_margin": 18.86,
            "gross_margin_4q_avg": 21.98,
            "net_income": 21894,
            "net_income_4q": null,
            "revenue": 227447,
            "revenue_4q": null,
            "common_shares": 946764,
            "book_valuer_per_share": 12.7,
            "book_valuer_per_share_4q_avg": 12.26,
            "equity": 1212666,
            "current_ratio": 47.7,
            "debt_ratio": 63.01,
            "inventory_turnover_ratio": 0.52,
            "account_receivable_turnover_ratio": 1.42,
            "reinvestment_rate": 45.11,
            "research_to_sale_ratio": null,
            "price_fair": 35.9,
            "eps_avg_yearly": 1.03,
            "eps_latest_yearly": 0.88,
            "eps_growth_yearly": 82.55
        },
        "20093": {
            "year_quarter": 20093,
            "year": 2009,
            "quarter": 3,
            "eps": 0.14,
            "eps_growth_year": -66.67,
            "eps_4q": 1.09,
            "eps_4q_growth_year": -12.25,
            "roe": 1.02,
            "roe_4q": 8.330000000000002,
            "gross_profit": 46668,
            "gross_margin": 20.94,
            "gross_margin_4q_avg": 20.79,
            "net_income": 12463,
            "net_income_4q": null,
            "revenue": 222822,
            "revenue_4q": null,
            "common_shares": 946764,
            "book_valuer_per_share": 12.91,
            "book_valuer_per_share_4q_avg": 12.44,
            "equity": 1232002,
            "current_ratio": 47.92,
            "debt_ratio": 62.02,
            "inventory_turnover_ratio": 0.49,
            "account_receivable_turnover_ratio": 1.65,
            "reinvestment_rate": 39.92,
            "research_to_sale_ratio": null,
            "price_fair": 35.9,
            "eps_avg_yearly": 1.03,
            "eps_latest_yearly": 0.56,
            "eps_growth_yearly": 85.92
        },
        "20094": {
            "year_quarter": 20094,
            "year": 2009,
            "quarter": 4,
            "eps": 0.17,
            "eps_growth_year": -45.16,
            "eps_4q": 0.89,
            "eps_4q_growth_year": -19.97,
            "roe": 1.33,
            "roe_4q": 7.120000000000001,
            "gross_profit": 38250,
            "gross_margin": 13.93,
            "gross_margin_4q_avg": 19.19,
            "net_income": 16710,
            "net_income_4q": null,
            "revenue": 274582,
            "revenue_4q": null,
            "common_shares": 946764,
            "book_valuer_per_share": 13.33,
            "book_valuer_per_share_4q_avg": 12.8,
            "equity": 1273122,
            "current_ratio": 50.3,
            "debt_ratio": 61.48,
            "inventory_turnover_ratio": 0.69,
            "account_receivable_turnover_ratio": 4.19,
            "reinvestment_rate": 51.52,
            "research_to_sale_ratio": null,
            "price_fair": 35.2,
            "eps_avg_yearly": 1.01,
            "eps_latest_yearly": 0.68,
            "eps_growth_yearly": 71.63
        },
        "20101": {
            "year_quarter": 20101,
            "year": 2010,
            "quarter": 1,
            "eps": 0.55,
            "eps_growth_year": 52.78,
            "eps_4q": 1.08,
            "eps_4q_growth_year": -15.59,
            "roe": 4.04,
            "roe_4q": 8.23,
            "gross_profit": 86702,
            "gross_margin": 26.11,
            "gross_margin_4q_avg": 19.96,
            "net_income": 52319,
            "net_income_4q": null,
            "revenue": 332060,
            "revenue_4q": null,
            "common_shares": 946764,
            "book_valuer_per_share": 13.77,
            "book_valuer_per_share_4q_avg": 13.18,
            "equity": 1314043,
            "current_ratio": 51.6,
            "debt_ratio": 60.7,
            "inventory_turnover_ratio": 0.75,
            "account_receivable_turnover_ratio": 2.01,
            "reinvestment_rate": 37.68,
            "research_to_sale_ratio": null,
            "price_fair": 38.6,
            "eps_avg_yearly": 1.1,
            "eps_latest_yearly": 2.2,
            "eps_growth_yearly": 139.07
        },
        "20102": {
            "year_quarter": 20102,
            "year": 2010,
            "quarter": 2,
            "eps": 0.23,
            "eps_growth_year": 3.47,
            "eps_4q": 1.09,
            "eps_4q_growth_year": -11.64,
            "roe": 1.71,
            "roe_4q": 8.1,
            "gross_profit": 46819,
            "gross_margin": 18.19,
            "gross_margin_4q_avg": 19.79,
            "net_income": 21209,
            "net_income_4q": null,
            "revenue": 257417,
            "revenue_4q": null,
            "common_shares": 946764,
            "book_valuer_per_share": 12.29,
            "book_valuer_per_share_4q_avg": 13.08,
            "equity": 1173727,
            "current_ratio": 46.74,
            "debt_ratio": 65.18,
            "inventory_turnover_ratio": 0.64,
            "account_receivable_turnover_ratio": 1.41,
            "reinvestment_rate": 25.75,
            "research_to_sale_ratio": null,
            "price_fair": 39.1,
            "eps_avg_yearly": 1.12,
            "eps_latest_yearly": 0.92,
            "eps_growth_yearly": 126.53
        },
        "20103": {
            "year_quarter": 20103,
            "year": 2010,
            "quarter": 3,
            "eps": 0.46,
            "eps_growth_year": 225.97,
            "eps_4q": 1.4,
            "eps_4q_growth_year": 28.54,
            "roe": 3.84,
            "roe_4q": 10.92,
            "gross_profit": 50977,
            "gross_margin": 20.36,
            "gross_margin_4q_avg": 19.65,
            "net_income": 46432,
            "net_income_4q": null,
            "revenue": 250381,
            "revenue_4q": null,
            "common_shares": 946764,
            "book_valuer_per_share": 13.02,
            "book_valuer_per_share_4q_avg": 13.1,
            "equity": 1247382,
            "current_ratio": 44.5,
            "debt_ratio": 62.04,
            "inventory_turnover_ratio": 0.61,
            "account_receivable_turnover_ratio": 1.65,
            "reinvestment_rate": 20.81,
            "research_to_sale_ratio": null,
            "price_fair": 39.8,
            "eps_avg_yearly": 1.14,
            "eps_latest_yearly": 1.84,
            "eps_growth_yearly": 121.77
        },
        "20104": {
            "year_quarter": 20104,
            "year": 2010,
            "quarter": 4,
            "eps": 0.53,
            "eps_growth_year": 209.25,
            "eps_4q": 1.76,
            "eps_4q_growth_year": 96.91,
            "roe": 3.9,
            "roe_4q": 13.489999999999998,
            "gross_profit": 36810,
            "gross_margin": 12.37,
            "gross_margin_4q_avg": 19.26,
            "net_income": 50631,
            "net_income_4q": null,
            "revenue": 297536,
            "revenue_4q": null,
            "common_shares": 946764,
            "book_valuer_per_share": 14.07,
            "book_valuer_per_share_4q_avg": 13.29,
            "equity": 1347455,
            "current_ratio": 49.34,
            "debt_ratio": 59.92,
            "inventory_turnover_ratio": 0.8,
            "account_receivable_turnover_ratio": 2.11,
            "reinvestment_rate": 12.46,
            "research_to_sale_ratio": null,
            "price_fair": 42.09,
            "eps_avg_yearly": 1.2,
            "eps_latest_yearly": 2.12,
            "eps_growth_yearly": 117.71
        },
        "20111": {
            "year_quarter": 20111,
            "year": 2011,
            "quarter": 1,
            "eps": 0.36,
            "eps_growth_year": -34.55,
            "eps_4q": 1.57,
            "eps_4q_growth_year": 45.21,
            "roe": 2.56,
            "roe_4q": 12.010000000000002,
            "gross_profit": 59606,
            "gross_margin": 17.3,
            "gross_margin_4q_avg": 17.06,
            "net_income": 34546,
            "net_income_4q": null,
            "revenue": 344478,
            "revenue_4q": null,
            "common_shares": 946764,
            "book_valuer_per_share": 14.11,
            "book_valuer_per_share_4q_avg": 13.37,
            "equity": 1350625,
            "current_ratio": 52.3,
            "debt_ratio": 60.56,
            "inventory_turnover_ratio": 0.89,
            "account_receivable_turnover_ratio": 2.24,
            "reinvestment_rate": 4.06,
            "research_to_sale_ratio": null,
            "price_fair": 42.61,
            "eps_avg_yearly": 1.22,
            "eps_latest_yearly": 1.44,
            "eps_growth_yearly": 102.33
        },
        "20112": {
            "year_quarter": 20112,
            "year": 2011,
            "quarter": 2,
            "eps": 0.39,
            "eps_growth_year": 71.16,
            "eps_4q": 1.73,
            "eps_4q_growth_year": 58.67,
            "roe": 2.81,
            "roe_4q": 13.11,
            "gross_profit": 60929,
            "gross_margin": 21.11,
            "gross_margin_4q_avg": 17.79,
            "net_income": 36369,
            "net_income_4q": null,
            "revenue": 288562,
            "revenue_4q": null,
            "common_shares": 946764,
            "book_valuer_per_share": 12.98,
            "book_valuer_per_share_4q_avg": 13.55,
            "equity": 1241390,
            "current_ratio": 51.05,
            "debt_ratio": 63.1,
            "inventory_turnover_ratio": 0.72,
            "account_receivable_turnover_ratio": 1.95,
            "reinvestment_rate": 2.05,
            "research_to_sale_ratio": null,
            "price_fair": 44.54,
            "eps_avg_yearly": 1.27,
            "eps_latest_yearly": 1.56,
            "eps_growth_yearly": 113.07
        },
        "20113": {
            "year_quarter": 20113,
            "year": 2011,
            "quarter": 3,
            "eps": 0.29,
            "eps_growth_year": -35.64,
            "eps_4q": 1.57,
            "eps_4q_growth_year": 11.85,
            "roe": 2.27,
            "roe_4q": 11.540000000000001,
            "gross_profit": 45759,
            "gross_margin": 16.61,
            "gross_margin_4q_avg": 16.85,
            "net_income": 27801,
            "net_income_4q": null,
            "revenue": 275517,
            "revenue_4q": null,
            "common_shares": 946764,
            "book_valuer_per_share": 12.67,
            "book_valuer_per_share_4q_avg": 13.46,
            "equity": 1210817,
            "current_ratio": 45.74,
            "debt_ratio": 62.46,
            "inventory_turnover_ratio": 0.73,
            "account_receivable_turnover_ratio": 2.18,
            "reinvestment_rate": -1.09,
            "research_to_sale_ratio": null,
            "price_fair": 45.85,
            "eps_avg_yearly": 1.31,
            "eps_latest_yearly": 1.16,
            "eps_growth_yearly": 111.07
        },
        "20114": {
            "year_quarter": 20114,
            "year": 2011,
            "quarter": 4,
            "eps": 0.43,
            "eps_growth_year": -17.75,
            "eps_4q": 1.48,
            "eps_4q_growth_year": -15.91,
            "roe": 3.35,
            "roe_4q": 10.99,
            "gross_profit": 64566,
            "gross_margin": 18.28,
            "gross_margin_4q_avg": 18.33,
            "net_income": 40809,
            "net_income_4q": null,
            "revenue": 353166,
            "revenue_4q": null,
            "common_shares": 946764,
            "book_valuer_per_share": 12.86,
            "book_valuer_per_share_4q_avg": 13.16,
            "equity": 1229086,
            "current_ratio": 47.26,
            "debt_ratio": 61.91,
            "inventory_turnover_ratio": 0.94,
            "account_receivable_turnover_ratio": 2.91,
            "reinvestment_rate": -2,
            "research_to_sale_ratio": null,
            "price_fair": 45.85,
            "eps_avg_yearly": 1.31,
            "eps_latest_yearly": 1.72,
            "eps_growth_yearly": 71.35
        },
        "20121": {
            "year_quarter": 20121,
            "year": 2012,
            "quarter": 1,
            "eps": 0.32,
            "eps_growth_year": -11.11,
            "eps_4q": 1.44,
            "eps_4q_growth_year": -8.6,
            "roe": 2.35,
            "roe_4q": 10.780000000000001,
            "gross_profit": 58334,
            "gross_margin": 15.2,
            "gross_margin_4q_avg": 17.8,
            "net_income": 30150,
            "net_income_4q": null,
            "revenue": 383884,
            "revenue_4q": null,
            "common_shares": 946764,
            "book_valuer_per_share": 14.04,
            "book_valuer_per_share_4q_avg": 13.14,
            "equity": 1341232,
            "current_ratio": 54.59,
            "debt_ratio": 59.51,
            "inventory_turnover_ratio": 1.1,
            "account_receivable_turnover_ratio": 2.74,
            "reinvestment_rate": -8.63,
            "research_to_sale_ratio": null,
            "price_fair": 46.9,
            "eps_avg_yearly": 1.34,
            "eps_latest_yearly": 1.28,
            "eps_growth_yearly": 78.33
        },
        "20122": {
            "year_quarter": 20122,
            "year": 2012,
            "quarter": 2,
            "eps": 0.61,
            "eps_growth_year": 57.72,
            "eps_4q": 1.66,
            "eps_4q_growth_year": -4.17,
            "roe": 4.36,
            "roe_4q": 12.33,
            "gross_profit": 94250,
            "gross_margin": 27.83,
            "gross_margin_4q_avg": 19.48,
            "net_income": 57902,
            "net_income_4q": null,
            "revenue": 338709,
            "revenue_4q": null,
            "common_shares": 946764,
            "book_valuer_per_share": 13.77,
            "book_valuer_per_share_4q_avg": 13.34,
            "equity": 1315419,
            "current_ratio": 50.38,
            "debt_ratio": 59.85,
            "inventory_turnover_ratio": 0.83,
            "account_receivable_turnover_ratio": 2.18,
            "reinvestment_rate": -10.22,
            "research_to_sale_ratio": null,
            "price_fair": 50.66,
            "eps_avg_yearly": 1.45,
            "eps_latest_yearly": 2.44,
            "eps_growth_yearly": 103.49
        },
        "20123": {
            "year_quarter": 20123,
            "year": 2012,
            "quarter": 3,
            "eps": 0.21,
            "eps_growth_year": -29.66,
            "eps_4q": 1.57,
            "eps_4q_growth_year": 0.21,
            "roe": 1.44,
            "roe_4q": 11.5,
            "gross_profit": 36846,
            "gross_margin": 12.37,
            "gross_margin_4q_avg": 18.42,
            "net_income": 19310,
            "net_income_4q": null,
            "revenue": 297800,
            "revenue_4q": null,
            "common_shares": 946764,
            "book_valuer_per_share": 14.23,
            "book_valuer_per_share_4q_avg": 13.73,
            "equity": 1358782,
            "current_ratio": 54.51,
            "debt_ratio": 57.78,
            "inventory_turnover_ratio": 0.87,
            "account_receivable_turnover_ratio": 1.99,
            "reinvestment_rate": -11.56,
            "research_to_sale_ratio": null,
            "price_fair": 48.83,
            "eps_avg_yearly": 1.4,
            "eps_latest_yearly": 0.84,
            "eps_growth_yearly": 53.76
        },
        "20124": {
            "year_quarter": 20124,
            "year": 2012,
            "quarter": 4,
            "eps": 0.83,
            "eps_growth_year": 91.86,
            "eps_4q": 1.97,
            "eps_4q_growth_year": 33.44,
            "roe": 5.85,
            "roe_4q": 13.999999999999998,
            "gross_profit": 15574,
            "gross_margin": 4.52,
            "gross_margin_4q_avg": 14.98,
            "net_income": 81706,
            "net_income_4q": null,
            "revenue": 344539,
            "revenue_4q": null,
            "common_shares": 946764,
            "book_valuer_per_share": 14.99,
            "book_valuer_per_share_4q_avg": 14.26,
            "equity": 1433599,
            "current_ratio": 61.93,
            "debt_ratio": 56.72,
            "inventory_turnover_ratio": 1.1,
            "account_receivable_turnover_ratio": 2.07,
            "reinvestment_rate": -14.04,
            "research_to_sale_ratio": null,
            "price_fair": 53.38,
            "eps_avg_yearly": 1.53,
            "eps_latest_yearly": 3.32,
            "eps_growth_yearly": 134.12
        },
        "20131": {
            "year_quarter": 20131,
            "year": 2013,
            "quarter": 1,
            "eps": 1.03,
            "eps_growth_year": 221.88,
            "eps_4q": 2.68,
            "eps_4q_growth_year": 86.74,
            "roe": 6.82,
            "roe_4q": 18.47,
            "gross_profit": 43833,
            "gross_margin": 11.03,
            "gross_margin_4q_avg": 13.94,
            "net_income": 101128,
            "net_income_4q": null,
            "revenue": 397547,
            "revenue_4q": null,
            "common_shares": 946764,
            "book_valuer_per_share": 16.01,
            "book_valuer_per_share_4q_avg": 14.75,
            "equity": 1533978,
            "current_ratio": 68.33,
            "debt_ratio": 55.74,
            "inventory_turnover_ratio": 1.19,
            "account_receivable_turnover_ratio": 2.05,
            "reinvestment_rate": -15.47,
            "research_to_sale_ratio": null,
            "price_fair": 59.24,
            "eps_avg_yearly": 1.69,
            "eps_latest_yearly": 4.12,
            "eps_growth_yearly": 136.11
        },
        "20132": {
            "year_quarter": 20132,
            "year": 2013,
            "quarter": 2,
            "eps": 0.9,
            "eps_growth_year": 46.46,
            "eps_4q": 2.97,
            "eps_4q_growth_year": 78.64,
            "roe": 5.85,
            "roe_4q": 19.96,
            "gross_profit": 49023,
            "gross_margin": 13.14,
            "gross_margin_4q_avg": 10.27,
            "net_income": 86995,
            "net_income_4q": null,
            "revenue": 373127,
            "revenue_4q": null,
            "common_shares": 946764,
            "book_valuer_per_share": 14.99,
            "book_valuer_per_share_4q_avg": 15.06,
            "equity": 1439150,
            "current_ratio": 66.82,
            "debt_ratio": 58.94,
            "inventory_turnover_ratio": 1.11,
            "account_receivable_turnover_ratio": 1.92,
            "reinvestment_rate": -13.48,
            "research_to_sale_ratio": null,
            "price_fair": 65.19,
            "eps_avg_yearly": 1.86,
            "eps_latest_yearly": 3.6,
            "eps_growth_yearly": 142.68
        },
        "20133": {
            "year_quarter": 20133,
            "year": 2013,
            "quarter": 3,
            "eps": 0.24,
            "eps_growth_year": 16.17,
            "eps_4q": 3,
            "eps_4q_growth_year": 90.48,
            "roe": 1.57,
            "roe_4q": 20.09,
            "gross_profit": 24125,
            "gross_margin": 8.1,
            "gross_margin_4q_avg": 9.2,
            "net_income": 22931,
            "net_income_4q": null,
            "revenue": 297879,
            "revenue_4q": null,
            "common_shares": 946764,
            "book_valuer_per_share": 15.38,
            "book_valuer_per_share_4q_avg": 15.34,
            "equity": 1477051,
            "current_ratio": 65.7,
            "debt_ratio": 56.39,
            "inventory_turnover_ratio": 0.92,
            "account_receivable_turnover_ratio": 1.61,
            "reinvestment_rate": -13.22,
            "research_to_sale_ratio": null,
            "price_fair": 66.06,
            "eps_avg_yearly": 1.89,
            "eps_latest_yearly": 0.96,
            "eps_growth_yearly": 133.43
        },
        "20134": {
            "year_quarter": 20134,
            "year": 2013,
            "quarter": 4,
            "eps": 0.19,
            "eps_growth_year": -76.53,
            "eps_4q": 2.36,
            "eps_4q_growth_year": 19.87,
            "roe": 1.26,
            "roe_4q": 15.5,
            "gross_profit": 18744,
            "gross_margin": 5.12,
            "gross_margin_4q_avg": 9.35,
            "net_income": 18825,
            "net_income_4q": null,
            "revenue": 366166,
            "revenue_4q": null,
            "common_shares": 946764,
            "book_valuer_per_share": 15.82,
            "book_valuer_per_share_4q_avg": 15.55,
            "equity": 1518967,
            "current_ratio": 68.42,
            "debt_ratio": 55.52,
            "inventory_turnover_ratio": 1.15,
            "account_receivable_turnover_ratio": 1.95,
            "reinvestment_rate": -20.33,
            "research_to_sale_ratio": null,
            "price_fair": 66.24,
            "eps_avg_yearly": 1.89,
            "eps_latest_yearly": 0.76,
            "eps_growth_yearly": 122.87
        },
        "20141": {
            "year_quarter": 20141,
            "year": 2014,
            "quarter": 1,
            "eps": 0.37,
            "eps_growth_year": -64.08,
            "eps_4q": 1.7,
            "eps_4q_growth_year": -36.41,
            "roe": 2.33,
            "roe_4q": 11.01,
            "gross_profit": 55869,
            "gross_margin": 12.24,
            "gross_margin_4q_avg": 9.65,
            "net_income": 35680,
            "net_income_4q": null,
            "revenue": 456493,
            "revenue_4q": null,
            "common_shares": 946764,
            "book_valuer_per_share": 16.13,
            "book_valuer_per_share_4q_avg": 15.58,
            "equity": 1549281,
            "current_ratio": 68.33,
            "debt_ratio": 54.98,
            "inventory_turnover_ratio": 1.35,
            "account_receivable_turnover_ratio": 2.35,
            "reinvestment_rate": -16.33,
            "research_to_sale_ratio": null,
            "price_fair": 64.66,
            "eps_avg_yearly": 1.85,
            "eps_latest_yearly": 1.48,
            "eps_growth_yearly": 90.67
        },
        "20142": {
            "year_quarter": 20142,
            "year": 2014,
            "quarter": 2,
            "eps": 0.69,
            "eps_growth_year": -23.33,
            "eps_4q": 1.39,
            "eps_4q_growth_year": -53.31,
            "roe": 4.25,
            "roe_4q": 9.41,
            "gross_profit": 90506,
            "gross_margin": 22.39,
            "gross_margin_4q_avg": 11.96,
            "net_income": 65582,
            "net_income_4q": null,
            "revenue": 404276,
            "revenue_4q": null,
            "common_shares": 946764,
            "book_valuer_per_share": 16.02,
            "book_valuer_per_share_4q_avg": 15.84,
            "equity": 1538745,
            "current_ratio": 68.21,
            "debt_ratio": 55.65,
            "inventory_turnover_ratio": 1.05,
            "account_receivable_turnover_ratio": 1.96,
            "reinvestment_rate": -11.7,
            "research_to_sale_ratio": null,
            "price_fair": 68.69,
            "eps_avg_yearly": 1.96,
            "eps_latest_yearly": 2.76,
            "eps_growth_yearly": 126.84
        },
        "20143": {
            "year_quarter": 20143,
            "year": 2014,
            "quarter": 3,
            "eps": 0.13,
            "eps_growth_year": -45.83,
            "eps_4q": 1.3,
            "eps_4q_growth_year": -56.78,
            "roe": 0.88,
            "roe_4q": 8.72,
            "gross_profit": 36512,
            "gross_margin": 11.03,
            "gross_margin_4q_avg": 12.7,
            "net_income": 13670,
            "net_income_4q": null,
            "revenue": 331013,
            "revenue_4q": null,
            "common_shares": 1022505,
            "book_valuer_per_share": 15,
            "book_valuer_per_share_4q_avg": 15.74,
            "equity": 1556494,
            "current_ratio": 66.81,
            "debt_ratio": 54.15,
            "inventory_turnover_ratio": 1.16,
            "account_receivable_turnover_ratio": 1.76,
            "reinvestment_rate": -0.69,
            "research_to_sale_ratio": null,
            "price_fair": 65.8,
            "eps_avg_yearly": 1.88,
            "eps_latest_yearly": 0.52,
            "eps_growth_yearly": 81.55
        },
        "20144": {
            "year_quarter": 20144,
            "year": 2014,
            "quarter": 4,
            "eps": 0.46,
            "eps_growth_year": 134.8,
            "eps_4q": 1.57,
            "eps_4q_growth_year": -33.45,
            "roe": 3.01,
            "roe_4q": 10.47,
            "gross_profit": 36610,
            "gross_margin": 9.5,
            "gross_margin_4q_avg": 13.79,
            "net_income": 47750,
            "net_income_4q": null,
            "revenue": 385422,
            "revenue_4q": null,
            "common_shares": 1022505,
            "book_valuer_per_share": 15.61,
            "book_valuer_per_share_4q_avg": 15.69,
            "equity": 1619949,
            "current_ratio": 72.55,
            "debt_ratio": 52.7,
            "inventory_turnover_ratio": 1.72,
            "account_receivable_turnover_ratio": 2.56,
            "reinvestment_rate": -1.12,
            "research_to_sale_ratio": null,
            "price_fair": 65.19,
            "eps_avg_yearly": 1.86,
            "eps_latest_yearly": 1.84,
            "eps_growth_yearly": 141.2
        },
        "20151": {
            "year_quarter": 20151,
            "year": 2015,
            "quarter": 1,
            "eps": 0.39,
            "eps_growth_year": 5.41,
            "eps_4q": 1.62,
            "eps_4q_growth_year": -5.17,
            "roe": 2.42,
            "roe_4q": 10.559999999999999,
            "gross_profit": 64347,
            "gross_margin": 16.27,
            "gross_margin_4q_avg": 14.8,
            "net_income": 39779,
            "net_income_4q": null,
            "revenue": 395580,
            "revenue_4q": null,
            "common_shares": 1022505,
            "book_valuer_per_share": 16.05,
            "book_valuer_per_share_4q_avg": 15.67,
            "equity": 1665363,
            "current_ratio": 78.58,
            "debt_ratio": 52.19,
            "inventory_turnover_ratio": 1.87,
            "account_receivable_turnover_ratio": 2.83,
            "reinvestment_rate": 1.35,
            "research_to_sale_ratio": null,
            "price_fair": 65.45,
            "eps_avg_yearly": 1.87,
            "eps_latest_yearly": 1.56,
            "eps_growth_yearly": 145.42
        },
        "20152": {
            "year_quarter": 20152,
            "year": 2015,
            "quarter": 2,
            "eps": 0.69,
            "eps_growth_year": 0,
            "eps_4q": 1.67,
            "eps_4q_growth_year": 20.39,
            "roe": 4.34,
            "roe_4q": 10.65,
            "gross_profit": 90908,
            "gross_margin": 26.6,
            "gross_margin_4q_avg": 15.85,
            "net_income": 70731,
            "net_income_4q": null,
            "revenue": 341806,
            "revenue_4q": null,
            "common_shares": 1022505,
            "book_valuer_per_share": 15.35,
            "book_valuer_per_share_4q_avg": 15.5,
            "equity": 1593532,
            "current_ratio": 76.56,
            "debt_ratio": 54.15,
            "inventory_turnover_ratio": 1.57,
            "account_receivable_turnover_ratio": 2.61,
            "reinvestment_rate": 4.37,
            "research_to_sale_ratio": null,
            "price_fair": 68.08,
            "eps_avg_yearly": 1.95,
            "eps_latest_yearly": 2.76,
            "eps_growth_yearly": 162.57
        },
        "20153": {
            "year_quarter": 20153,
            "year": 2015,
            "quarter": 3,
            "eps": 0.12,
            "eps_growth_year": -7.69,
            "eps_4q": 1.66,
            "eps_4q_growth_year": 27.82,
            "roe": 0.73,
            "roe_4q": 10.5,
            "gross_profit": 34023,
            "gross_margin": 13.73,
            "gross_margin_4q_avg": 16.53,
            "net_income": 11849,
            "net_income_4q": null,
            "revenue": 247769,
            "revenue_4q": null,
            "common_shares": 1022505,
            "book_valuer_per_share": 15.98,
            "book_valuer_per_share_4q_avg": 15.75,
            "equity": 1658274,
            "current_ratio": 83.08,
            "debt_ratio": 51.98,
            "inventory_turnover_ratio": 1.25,
            "account_receivable_turnover_ratio": 2.21,
            "reinvestment_rate": 3.86,
            "research_to_sale_ratio": null,
            "price_fair": 66.59,
            "eps_avg_yearly": 1.9,
            "eps_latest_yearly": 0.48,
            "eps_growth_yearly": 148.32
        },
        "20154": {
            "year_quarter": 20154,
            "year": 2015,
            "quarter": 4,
            "eps": 0.38,
            "eps_growth_year": -16.15,
            "eps_4q": 1.58,
            "eps_4q_growth_year": 0.62,
            "roe": 2.36,
            "roe_4q": 9.85,
            "gross_profit": 32553,
            "gross_margin": 11.74,
            "gross_margin_4q_avg": 17.09,
            "net_income": 39623,
            "net_income_4q": null,
            "revenue": 277271,
            "revenue_4q": null,
            "common_shares": 1022505,
            "book_valuer_per_share": 16.37,
            "book_valuer_per_share_4q_avg": 15.94,
            "equity": 1698406,
            "current_ratio": 85.46,
            "debt_ratio": 51.67,
            "inventory_turnover_ratio": 1.35,
            "account_receivable_turnover_ratio": 2.51,
            "reinvestment_rate": 4.33,
            "research_to_sale_ratio": null,
            "price_fair": 66.15,
            "eps_avg_yearly": 1.89,
            "eps_latest_yearly": 1.52,
            "eps_growth_yearly": 190.42
        },
        "20161": {
            "year_quarter": 20161,
            "year": 2016,
            "quarter": 1,
            "eps": 0.91,
            "eps_growth_year": 133.33,
            "eps_4q": 2.1,
            "eps_4q_growth_year": 29.73,
            "roe": 5.5,
            "roe_4q": 12.93,
            "gross_profit": 41118,
            "gross_margin": 12.53,
            "gross_margin_4q_avg": 16.15,
            "net_income": 93973,
            "net_income_4q": null,
            "revenue": 328137,
            "revenue_4q": null,
            "common_shares": 1022505,
            "book_valuer_per_share": 16.57,
            "book_valuer_per_share_4q_avg": 16.07,
            "equity": 1718936,
            "current_ratio": 83.66,
            "debt_ratio": 51.49,
            "inventory_turnover_ratio": 1.55,
            "account_receivable_turnover_ratio": 2.56,
            "reinvestment_rate": 7.76,
            "research_to_sale_ratio": null,
            "price_fair": 71.31,
            "eps_avg_yearly": 2.04,
            "eps_latest_yearly": 3.64,
            "eps_growth_yearly": 231.69
        },
        "20162": {
            "year_quarter": 20162,
            "year": 2016,
            "quarter": 2,
            "eps": 0.39,
            "eps_growth_year": -43.48,
            "eps_4q": 1.8,
            "eps_4q_growth_year": 7.92,
            "roe": 2.37,
            "roe_4q": 10.96,
            "gross_profit": 67805,
            "gross_margin": 25.46,
            "gross_margin_4q_avg": 15.87,
            "net_income": 39894,
            "net_income_4q": null,
            "revenue": 266336,
            "revenue_4q": null,
            "common_shares": 1022505,
            "book_valuer_per_share": 15.84,
            "book_valuer_per_share_4q_avg": 16.19,
            "equity": 1644598,
            "current_ratio": 80.25,
            "debt_ratio": 54.66,
            "inventory_turnover_ratio": 1.01,
            "account_receivable_turnover_ratio": 1.72,
            "reinvestment_rate": 7.93,
            "research_to_sale_ratio": null,
            "price_fair": 69.39,
            "eps_avg_yearly": 1.98,
            "eps_latest_yearly": 1.56,
            "eps_growth_yearly": 194.74
        },
        "20163": {
            "year_quarter": 20163,
            "year": 2016,
            "quarter": 3,
            "eps": 0.16,
            "eps_growth_year": 33.33,
            "eps_4q": 1.84,
            "eps_4q_growth_year": 11.05,
            "roe": 0.96,
            "roe_4q": 11.19,
            "gross_profit": 30461,
            "gross_margin": 13.27,
            "gross_margin_4q_avg": 15.75,
            "net_income": 15929,
            "net_income_4q": null,
            "revenue": 229620,
            "revenue_4q": null,
            "common_shares": 1022505,
            "book_valuer_per_share": 16.08,
            "book_valuer_per_share_4q_avg": 16.22,
            "equity": 1668902,
            "current_ratio": 76.51,
            "debt_ratio": 52.79,
            "inventory_turnover_ratio": 0.94,
            "account_receivable_turnover_ratio": 1.51,
            "reinvestment_rate": 11.48,
            "research_to_sale_ratio": null,
            "price_fair": 68.95,
            "eps_avg_yearly": 1.97,
            "eps_latest_yearly": 0.64,
            "eps_growth_yearly": 196.39
        },
        "20164": {
            "year_quarter": 20164,
            "year": 2016,
            "quarter": 4,
            "eps": 0.36,
            "eps_growth_year": -6.25,
            "eps_4q": 1.81,
            "eps_4q_growth_year": 14.72,
            "roe": 2.17,
            "roe_4q": 11,
            "gross_profit": 52127,
            "gross_margin": 19.3,
            "gross_margin_4q_avg": 17.64,
            "net_income": 36676,
            "net_income_4q": null,
            "revenue": 270023,
            "revenue_4q": null,
            "common_shares": 1022505,
            "book_valuer_per_share": 16.47,
            "book_valuer_per_share_4q_avg": 16.24,
            "equity": 1708661,
            "current_ratio": 80.24,
            "debt_ratio": 52.53,
            "inventory_turnover_ratio": 0.97,
            "account_receivable_turnover_ratio": 2.03,
            "reinvestment_rate": 20.96,
            "research_to_sale_ratio": null,
            "price_fair": 64.84,
            "eps_avg_yearly": 1.85,
            "eps_latest_yearly": 1.44,
            "eps_growth_yearly": 153.83
        },
        "20171": {
            "year_quarter": 20171,
            "year": 2017,
            "quarter": 1,
            "eps": 0.42,
            "eps_growth_year": -53.85,
            "eps_4q": 1.33,
            "eps_4q_growth_year": -36.56,
            "roe": 2.55,
            "roe_4q": 8.05,
            "gross_profit": 43073,
            "gross_margin": 14.35,
            "gross_margin_4q_avg": 18.1,
            "net_income": 44313,
            "net_income_4q": null,
            "revenue": 300062,
            "revenue_4q": null,
            "common_shares": 1022505,
            "book_valuer_per_share": 17.03,
            "book_valuer_per_share_4q_avg": 16.36,
            "equity": 1767293,
            "current_ratio": 84.89,
            "debt_ratio": 51.99,
            "inventory_turnover_ratio": 1.12,
            "account_receivable_turnover_ratio": 2.12,
            "reinvestment_rate": 26.46,
            "research_to_sale_ratio": null,
            "price_fair": 59.5,
            "eps_avg_yearly": 1.7,
            "eps_latest_yearly": 1.68,
            "eps_growth_yearly": 151.98
        },
        "20172": {
            "year_quarter": 20172,
            "year": 2017,
            "quarter": 2,
            "eps": 0.5,
            "eps_growth_year": 28.21,
            "eps_4q": 1.43,
            "eps_4q_growth_year": -20.4,
            "roe": 2.95,
            "roe_4q": 8.629999999999999,
            "gross_profit": 62132,
            "gross_margin": 20.83,
            "gross_margin_4q_avg": 16.94,
            "net_income": 51275,
            "net_income_4q": null,
            "revenue": 298308,
            "revenue_4q": null,
            "common_shares": 1022505,
            "book_valuer_per_share": 16.43,
            "book_valuer_per_share_4q_avg": 16.5,
            "equity": 1706612,
            "current_ratio": 81.15,
            "debt_ratio": 54.87,
            "inventory_turnover_ratio": 1,
            "account_receivable_turnover_ratio": 2.11,
            "reinvestment_rate": 33.46,
            "research_to_sale_ratio": null,
            "price_fair": 56,
            "eps_avg_yearly": 1.6,
            "eps_latest_yearly": 2,
            "eps_growth_yearly": 159.89
        },
        "20173": {
            "year_quarter": 20173,
            "year": 2017,
            "quarter": 3,
            "eps": 0.41,
            "eps_growth_year": 156.25,
            "eps_4q": 1.69,
            "eps_4q_growth_year": -8.32,
            "roe": 2.44,
            "roe_4q": 10.11,
            "gross_profit": 45675,
            "gross_margin": 16.91,
            "gross_margin_4q_avg": 17.85,
            "net_income": 42244,
            "net_income_4q": null,
            "revenue": 270099,
            "revenue_4q": null,
            "common_shares": 1022505,
            "book_valuer_per_share": 16.86,
            "book_valuer_per_share_4q_avg": 16.7,
            "equity": 1751501,
            "current_ratio": 84,
            "debt_ratio": 52.69,
            "inventory_turnover_ratio": 0.91,
            "account_receivable_turnover_ratio": 2.2,
            "reinvestment_rate": 32.53,
            "research_to_sale_ratio": null,
            "price_fair": 57.49,
            "eps_avg_yearly": 1.64,
            "eps_latest_yearly": 1.64,
            "eps_growth_yearly": 173.73
        },
        "20174": {
            "year_quarter": 20174,
            "year": 2017,
            "quarter": 4,
            "eps": 0.36,
            "eps_growth_year": 1.19,
            "eps_4q": 1.69,
            "eps_4q_growth_year": -6.87,
            "roe": 2.13,
            "roe_4q": 10.07,
            "gross_profit": 64435,
            "gross_margin": 17.74,
            "gross_margin_4q_avg": 17.46,
            "net_income": 37879,
            "net_income_4q": null,
            "revenue": 363223,
            "revenue_4q": null,
            "common_shares": 1022505,
            "book_valuer_per_share": 17.32,
            "book_valuer_per_share_4q_avg": 16.91,
            "equity": 1799669,
            "current_ratio": 91.08,
            "debt_ratio": 53.77,
            "inventory_turnover_ratio": 1.12,
            "account_receivable_turnover_ratio": 2.32,
            "reinvestment_rate": 32.15,
            "research_to_sale_ratio": null,
            "price_fair": 58.98,
            "eps_avg_yearly": 1.69,
            "eps_latest_yearly": 1.44,
            "eps_growth_yearly": 175.89
        },
        "20181": {
            "year_quarter": 20181,
            "year": 2018,
            "quarter": 1,
            "eps": 0.61,
            "eps_growth_year": 45.24,
            "eps_4q": 1.88,
            "eps_4q_growth_year": 41.42,
            "roe": 3.52,
            "roe_4q": 11.04,
            "gross_profit": 86096,
            "gross_margin": 18.66,
            "gross_margin_4q_avg": 18.54,
            "net_income": 64528,
            "net_income_4q": null,
            "revenue": 461409,
            "revenue_4q": null,
            "common_shares": 1022505,
            "book_valuer_per_share": 17.93,
            "book_valuer_per_share_4q_avg": 17.14,
            "equity": 1864204,
            "current_ratio": 92.07,
            "debt_ratio": 52.03,
            "inventory_turnover_ratio": 1.52,
            "account_receivable_turnover_ratio": 2.19,
            "reinvestment_rate": 26.67,
            "research_to_sale_ratio": null,
            "price_fair": 61.08,
            "eps_avg_yearly": 1.75,
            "eps_latest_yearly": 2.44,
            "eps_growth_yearly": 169.56
        },
        "20182": {
            "year_quarter": 20182,
            "year": 2018,
            "quarter": 2,
            "eps": 0.67,
            "eps_growth_year": 34,
            "eps_4q": 2.06,
            "eps_4q_growth_year": 43.79,
            "roe": 3.78,
            "roe_4q": 11.87,
            "gross_profit": 89708,
            "gross_margin": 24.56,
            "gross_margin_4q_avg": 19.47,
            "net_income": 69556,
            "net_income_4q": null,
            "revenue": 365236,
            "revenue_4q": null,
            "common_shares": 1022505,
            "book_valuer_per_share": 17.47,
            "book_valuer_per_share_4q_avg": 17.4,
            "equity": 1817184,
            "current_ratio": 89.26,
            "debt_ratio": 54.52,
            "inventory_turnover_ratio": 1.33,
            "account_receivable_turnover_ratio": 1.75,
            "reinvestment_rate": 24.56,
            "research_to_sale_ratio": null,
            "price_fair": 60.9,
            "eps_avg_yearly": 1.74,
            "eps_latest_yearly": 2.68,
            "eps_growth_yearly": 150.4
        },
        "20183": {
            "year_quarter": 20183,
            "year": 2018,
            "quarter": 3,
            "eps": 0.49,
            "eps_growth_year": 19.51,
            "eps_4q": 2.14,
            "eps_4q_growth_year": 26.88,
            "roe": 2.74,
            "roe_4q": 12.169999999999998,
            "gross_profit": 46992,
            "gross_margin": 14.64,
            "gross_margin_4q_avg": 18.9,
            "net_income": 50905,
            "net_income_4q": null,
            "revenue": 320876,
            "revenue_4q": null,
            "common_shares": 1022505,
            "book_valuer_per_share": 18.23,
            "book_valuer_per_share_4q_avg": 17.74,
            "equity": 1895719,
            "current_ratio": 89.61,
            "debt_ratio": 52.72,
            "inventory_turnover_ratio": 1.4,
            "account_receivable_turnover_ratio": 1.58,
            "reinvestment_rate": 22.06,
            "research_to_sale_ratio": null,
            "price_fair": 64.05,
            "eps_avg_yearly": 1.83,
            "eps_latest_yearly": 1.96,
            "eps_growth_yearly": 163.98
        },
        "20184": {
            "year_quarter": 20184,
            "year": 2018,
            "quarter": 4,
            "eps": 0.3,
            "eps_growth_year": -18.83,
            "eps_4q": 2.07,
            "eps_4q_growth_year": 22.51,
            "roe": 1.59,
            "roe_4q": 11.629999999999999,
            "gross_profit": 49913,
            "gross_margin": 14.78,
            "gross_margin_4q_avg": 18.16,
            "net_income": 30263,
            "net_income_4q": null,
            "revenue": 337719,
            "revenue_4q": null,
            "common_shares": 1022505,
            "book_valuer_per_share": 18.48,
            "book_valuer_per_share_4q_avg": 18.03,
            "equity": 1921167,
            "current_ratio": 88.84,
            "debt_ratio": 53.32,
            "inventory_turnover_ratio": 1.49,
            "account_receivable_turnover_ratio": 1.76,
            "reinvestment_rate": 27.51,
            "research_to_sale_ratio": null,
            "price_fair": 62.65,
            "eps_avg_yearly": 1.79,
            "eps_latest_yearly": 1.2,
            "eps_growth_yearly": 90.82
        },
        "20191": {
            "year_quarter": 20191,
            "year": 2019,
            "quarter": 1,
            "eps": 0.5,
            "eps_growth_year": -18.03,
            "eps_4q": 1.96,
            "eps_4q_growth_year": 4.14,
            "roe": 2.61,
            "roe_4q": 10.72,
            "gross_profit": 80774,
            "gross_margin": 19.73,
            "gross_margin_4q_avg": 18.43,
            "net_income": 51239,
            "net_income_4q": null,
            "revenue": 409347,
            "revenue_4q": null,
            "common_shares": 1022505,
            "book_valuer_per_share": 19.33,
            "book_valuer_per_share_4q_avg": 18.38,
            "equity": 2009544,
            "current_ratio": 87.67,
            "debt_ratio": 53.27,
            "inventory_turnover_ratio": 1.7,
            "account_receivable_turnover_ratio": 2.09,
            "reinvestment_rate": 27.13,
            "research_to_sale_ratio": null,
            "price_fair": 63.61,
            "eps_avg_yearly": 1.82,
            "eps_latest_yearly": 2,
            "eps_growth_yearly": 111.29
        },
        "20192": {
            "year_quarter": 20192,
            "year": 2019,
            "quarter": 2,
            "eps": 0.48,
            "eps_growth_year": -28.36,
            "eps_4q": 1.76,
            "eps_4q_growth_year": -14.32,
            "roe": 2.49,
            "roe_4q": 9.43,
            "gross_profit": 68334,
            "gross_margin": 18.53,
            "gross_margin_4q_avg": 16.92,
            "net_income": 49194,
            "net_income_4q": null,
            "revenue": 368697,
            "revenue_4q": null,
            "common_shares": 1022505,
            "book_valuer_per_share": 18.66,
            "book_valuer_per_share_4q_avg": 18.68,
            "equity": 1940408,
            "current_ratio": 83.38,
            "debt_ratio": 55.44,
            "inventory_turnover_ratio": 1.42,
            "account_receivable_turnover_ratio": 1.78,
            "reinvestment_rate": 30.68,
            "research_to_sale_ratio": null,
            "price_fair": 61.78,
            "eps_avg_yearly": 1.77,
            "eps_latest_yearly": 1.92,
            "eps_growth_yearly": 91.06
        },
        "20193": {
            "year_quarter": 20193,
            "year": 2019,
            "quarter": 3,
            "eps": 0.6,
            "eps_growth_year": 22.45,
            "eps_4q": 1.87,
            "eps_4q_growth_year": -12.41,
            "roe": 3.13,
            "roe_4q": 9.82,
            "gross_profit": 60669,
            "gross_margin": 18.2,
            "gross_margin_4q_avg": 17.81,
            "net_income": 61627,
            "net_income_4q": null,
            "revenue": 333427,
            "revenue_4q": null,
            "common_shares": 1022505,
            "book_valuer_per_share": 19.2,
            "book_valuer_per_share_4q_avg": 18.92,
            "equity": 1996955,
            "current_ratio": 83.48,
            "debt_ratio": 53.55,
            "inventory_turnover_ratio": 1.11,
            "account_receivable_turnover_ratio": 1.72,
            "reinvestment_rate": 35.85,
            "research_to_sale_ratio": null,
            "price_fair": 65.98,
            "eps_avg_yearly": 1.89,
            "eps_latest_yearly": 2.4,
            "eps_growth_yearly": 117.96
        },
        "20194": {
            "year_quarter": 20194,
            "year": 2019,
            "quarter": 4,
            "eps": 0.31,
            "eps_growth_year": 4.6,
            "eps_4q": 1.89,
            "eps_4q_growth_year": -8.86,
            "roe": 1.55,
            "roe_4q": 9.78,
            "gross_profit": 47210,
            "gross_margin": 13.72,
            "gross_margin_4q_avg": 17.55,
            "net_income": 31595,
            "net_income_4q": null,
            "revenue": 344085,
            "revenue_4q": null,
            "common_shares": 1022505,
            "book_valuer_per_share": 19.9,
            "book_valuer_per_share_4q_avg": 19.27,
            "equity": 2068608,
            "current_ratio": 85.49,
            "debt_ratio": 53.47,
            "inventory_turnover_ratio": 1.09,
            "account_receivable_turnover_ratio": 1.85,
            "reinvestment_rate": 41.27,
            "research_to_sale_ratio": null,
            "price_fair": 65.36,
            "eps_avg_yearly": 1.87,
            "eps_latest_yearly": 1.24,
            "eps_growth_yearly": 51.71
        },
        "20201": {
            "year_quarter": 20201,
            "year": 2020,
            "quarter": 1,
            "eps": 0.59,
            "eps_growth_year": 18,
            "eps_4q": 1.97,
            "eps_4q_growth_year": 0.64,
            "roe": 2.98,
            "roe_4q": 10.15,
            "gross_profit": 71848,
            "gross_margin": 18.53,
            "gross_margin_4q_avg": 17.25,
            "net_income": 61086,
            "net_income_4q": null,
            "revenue": 387839,
            "revenue_4q": null,
            "common_shares": 1022505,
            "book_valuer_per_share": 19.51,
            "book_valuer_per_share_4q_avg": 19.32,
            "equity": 2027939,
            "current_ratio": 76.3,
            "debt_ratio": 54.6,
            "inventory_turnover_ratio": 1.1,
            "account_receivable_turnover_ratio": 2.06,
            "reinvestment_rate": 47.71,
            "research_to_sale_ratio": null,
            "price_fair": 62.56,
            "eps_avg_yearly": 1.79,
            "eps_latest_yearly": 2.36,
            "eps_growth_yearly": 39.42
        },
        "20202": {
            "year_quarter": 20202,
            "year": 2020,
            "quarter": 2,
            "eps": 0.42,
            "eps_growth_year": -12.5,
            "eps_4q": 1.77,
            "eps_4q_growth_year": 0.12,
            "roe": 2.08,
            "roe_4q": 9.74,
            "gross_profit": 59840,
            "gross_margin": 19.85,
            "gross_margin_4q_avg": 17.58,
            "net_income": 42643,
            "net_income_4q": null,
            "revenue": 301455,
            "revenue_4q": null,
            "common_shares": 1022505,
            "book_valuer_per_share": 19.85,
            "book_valuer_per_share_4q_avg": 19.62,
            "equity": 2063429,
            "current_ratio": 78.41,
            "debt_ratio": 54.61,
            "inventory_turnover_ratio": 0.81,
            "account_receivable_turnover_ratio": 1.52,
            "reinvestment_rate": 49.29,
            "research_to_sale_ratio": null,
            "price_fair": 62.83,
            "eps_avg_yearly": 1.8,
            "eps_latest_yearly": 1.68,
            "eps_growth_yearly": 46.51
        },
        "20203": {
            "year_quarter": 20203,
            "year": 2020,
            "quarter": 3,
            "eps": 0.45,
            "eps_growth_year": -25,
            "eps_4q": 1.67,
            "eps_4q_growth_year": -11.09,
            "roe": 2.42,
            "roe_4q": 9.030000000000001,
            "gross_profit": 44928,
            "gross_margin": 17.38,
            "gross_margin_4q_avg": 17.37,
            "net_income": 50646,
            "net_income_4q": null,
            "revenue": 258475,
            "revenue_4q": null,
            "common_shares": 1104306,
            "book_valuer_per_share": 18.92,
            "book_valuer_per_share_4q_avg": 19.55,
            "equity": 2124076,
            "current_ratio": 83.53,
            "debt_ratio": 54.07,
            "inventory_turnover_ratio": 0.65,
            "account_receivable_turnover_ratio": 1.51,
            "reinvestment_rate": 46.75,
            "research_to_sale_ratio": null,
            "price_fair": 65.36,
            "eps_avg_yearly": 1.87,
            "eps_latest_yearly": 1.8,
            "eps_growth_yearly": 63.04
        },
        "20204": {
            "year_quarter": 20204,
            "year": 2020,
            "quarter": 4,
            "eps": 0.35,
            "eps_growth_year": 12.63,
            "eps_4q": 1.73,
            "eps_4q_growth_year": -8.45,
            "roe": 1.79,
            "roe_4q": 9.27,
            "gross_profit": 44693,
            "gross_margin": 15.7,
            "gross_margin_4q_avg": 17.87,
            "net_income": 38927,
            "net_income_4q": null,
            "revenue": 284735,
            "revenue_4q": null,
            "common_shares": 1104306,
            "book_valuer_per_share": 19.83,
            "book_valuer_per_share_4q_avg": 19.53,
            "equity": 2226123,
            "current_ratio": 88.61,
            "debt_ratio": 53.53,
            "inventory_turnover_ratio": 0.66,
            "account_receivable_turnover_ratio": 1.92,
            "reinvestment_rate": 40.51,
            "research_to_sale_ratio": null,
            "price_fair": 65.28,
            "eps_avg_yearly": 1.87,
            "eps_latest_yearly": 1.4,
            "eps_growth_yearly": 26.23
        },
        "20211": {
            "year_quarter": 20211,
            "year": 2021,
            "quarter": 1,
            "eps": 0.67,
            "eps_growth_year": 13.56,
            "eps_4q": 1.86,
            "eps_4q_growth_year": -5.72,
            "roe": 3.34,
            "roe_4q": 9.629999999999999,
            "gross_profit": 73531,
            "gross_margin": 21.64,
            "gross_margin_4q_avg": 18.64,
            "net_income": 76512,
            "net_income_4q": null,
            "revenue": 339804,
            "revenue_4q": null,
            "common_shares": 1104306,
            "book_valuer_per_share": 20.93,
            "book_valuer_per_share_4q_avg": 19.88,
            "equity": 2351481,
            "current_ratio": 96.38,
            "debt_ratio": 52.92,
            "inventory_turnover_ratio": 0.69,
            "account_receivable_turnover_ratio": 2.1,
            "reinvestment_rate": 43.68,
            "research_to_sale_ratio": null,
            "price_fair": 67.46,
            "eps_avg_yearly": 1.93,
            "eps_latest_yearly": 2.68,
            "eps_growth_yearly": 44.92
        },
        "20212": {
            "year_quarter": 20212,
            "year": 2021,
            "quarter": 2,
            "eps": 0.3,
            "eps_growth_year": -28.57,
            "eps_4q": 1.77,
            "eps_4q_growth_year": 0.45,
            "roe": 1.37,
            "roe_4q": 8.92,
            "gross_profit": 57782,
            "gross_margin": 20.12,
            "gross_margin_4q_avg": 18.71,
            "net_income": 33027,
            "net_income_4q": null,
            "revenue": 287181,
            "revenue_4q": null,
            "common_shares": 1104306,
            "book_valuer_per_share": 22.05,
            "book_valuer_per_share_4q_avg": 20.43,
            "equity": 2477205,
            "current_ratio": 97.01,
            "debt_ratio": 51.38,
            "inventory_turnover_ratio": 0.56,
            "account_receivable_turnover_ratio": 1.81,
            "reinvestment_rate": 39.83,
            "research_to_sale_ratio": null,
            "price_fair": 65.71,
            "eps_avg_yearly": 1.88,
            "eps_latest_yearly": 1.2,
            "eps_growth_yearly": 26.35
        },
        "20213": {
            "year_quarter": 20213,
            "year": 2021,
            "quarter": 3,
            "eps": 0.5,
            "eps_growth_year": 11.11,
            "eps_4q": 1.83,
            "eps_4q_growth_year": 9.63,
            "roe": 2.33,
            "roe_4q": 8.83,
            "gross_profit": 49295,
            "gross_margin": 18.68,
            "gross_margin_4q_avg": 19.04,
            "net_income": 56278,
            "net_income_4q": null,
            "revenue": 263931,
            "revenue_4q": null,
            "common_shares": 1104306,
            "book_valuer_per_share": 20.92,
            "book_valuer_per_share_4q_avg": 20.93,
            "equity": 2352077,
            "current_ratio": 88.83,
            "debt_ratio": 53.6,
            "inventory_turnover_ratio": 0.48,
            "account_receivable_turnover_ratio": 1.75,
            "reinvestment_rate": 43.91,
            "research_to_sale_ratio": null,
            "price_fair": 66.5,
            "eps_avg_yearly": 1.9,
            "eps_latest_yearly": 2,
            "eps_growth_yearly": 47.52
        },
        "20214": {
            "year_quarter": 20214,
            "year": 2021,
            "quarter": 4,
            "eps": 0.67,
            "eps_growth_year": 92.98,
            "eps_4q": 2.15,
            "eps_4q_growth_year": 24.41,
            "roe": 3.19,
            "roe_4q": 10.23,
            "gross_profit": 51732,
            "gross_margin": 17.12,
            "gross_margin_4q_avg": 19.39,
            "net_income": 76821,
            "net_income_4q": null,
            "revenue": 302256,
            "revenue_4q": null,
            "common_shares": 1104306,
            "book_valuer_per_share": 21.85,
            "book_valuer_per_share_4q_avg": 21.44,
            "equity": 2458719,
            "current_ratio": 90.99,
            "debt_ratio": 52.81,
            "inventory_turnover_ratio": 0.53,
            "account_receivable_turnover_ratio": 2.13,
            "reinvestment_rate": 48.16,
            "research_to_sale_ratio": null,
            "price_fair": 69.21,
            "eps_avg_yearly": 1.98,
            "eps_latest_yearly": 2.68,
            "eps_growth_yearly": 59.07
        },
        "20221": {
            "year_quarter": 20221,
            "year": 2022,
            "quarter": 1,
            "eps": 0.44,
            "eps_growth_year": -34.33,
            "eps_4q": 1.91,
            "eps_4q_growth_year": 2.98,
            "roe": 1.96,
            "roe_4q": 8.850000000000001,
            "gross_profit": 70147,
            "gross_margin": 19.99,
            "gross_margin_4q_avg": 18.98,
            "net_income": 48831,
            "net_income_4q": null,
            "revenue": 350988,
            "revenue_4q": null,
            "common_shares": 1104306,
            "book_valuer_per_share": 22.53,
            "book_valuer_per_share_4q_avg": 21.84,
            "equity": 2534924,
            "current_ratio": 89.49,
            "debt_ratio": 53.68,
            "inventory_turnover_ratio": 0.59,
            "account_receivable_turnover_ratio": 2.03,
            "reinvestment_rate": 54.12,
            "research_to_sale_ratio": null,
            "price_fair": 67.73,
            "eps_avg_yearly": 1.94,
            "eps_latest_yearly": 1.76,
            "eps_growth_yearly": 33.13
        },
        "20222": {
            "year_quarter": 20222,
            "year": 2022,
            "quarter": 2,
            "eps": 0.43,
            "eps_growth_year": 43.33,
            "eps_4q": 2.04,
            "eps_4q_growth_year": 14.99,
            "roe": 1.96,
            "roe_4q": 9.44,
            "gross_profit": 70630,
            "gross_margin": 22.33,
            "gross_margin_4q_avg": 19.53,
            "net_income": 47176,
            "net_income_4q": null,
            "revenue": 316265,
            "revenue_4q": null,
            "common_shares": 1104306,
            "book_valuer_per_share": 20.27,
            "book_valuer_per_share_4q_avg": 21.39,
            "equity": 2280569,
            "current_ratio": 77.42,
            "debt_ratio": 57.63,
            "inventory_turnover_ratio": 0.5,
            "account_receivable_turnover_ratio": 1.62,
            "reinvestment_rate": 54.4,
            "research_to_sale_ratio": null,
            "price_fair": 65.63,
            "eps_avg_yearly": 1.88,
            "eps_latest_yearly": 1.72,
            "eps_growth_yearly": 30.1
        },
        "20223": {
            "year_quarter": 20223,
            "year": 2022,
            "quarter": 3,
            "eps": 0.51,
            "eps_growth_year": 2,
            "eps_4q": 2.04,
            "eps_4q_growth_year": 11.95,
            "roe": 2.47,
            "roe_4q": 9.58,
            "gross_profit": 42803,
            "gross_margin": 15.44,
            "gross_margin_4q_avg": 18.72,
            "net_income": 56820,
            "net_income_4q": null,
            "revenue": 277256,
            "revenue_4q": null,
            "common_shares": 1104306,
            "book_valuer_per_share": 20.6,
            "book_valuer_per_share_4q_avg": 21.31,
            "equity": 2316573,
            "current_ratio": 76.54,
            "debt_ratio": 56.97,
            "inventory_turnover_ratio": 0.43,
            "account_receivable_turnover_ratio": 1.7,
            "reinvestment_rate": 46.3,
            "research_to_sale_ratio": null,
            "price_fair": 65.8,
            "eps_avg_yearly": 1.88,
            "eps_latest_yearly": 2.04,
            "eps_growth_yearly": 41.47
        },
        "20224": {
            "year_quarter": 20224,
            "year": 2022,
            "quarter": 4,
            "eps": 0.2,
            "eps_growth_year": -70.81,
            "eps_4q": 1.57,
            "eps_4q_growth_year": -27,
            "roe": 0.91,
            "roe_4q": 7.3,
            "gross_profit": 42758,
            "gross_margin": 14.11,
            "gross_margin_4q_avg": 17.97,
            "net_income": 21530,
            "net_income_4q": null,
            "revenue": 302971,
            "revenue_4q": null,
            "common_shares": 1104306,
            "book_valuer_per_share": 21.33,
            "book_valuer_per_share_4q_avg": 21.18,
            "equity": 2398668,
            "current_ratio": 80.6,
            "debt_ratio": 56.36,
            "inventory_turnover_ratio": 0.45,
            "account_receivable_turnover_ratio": 1.94,
            "reinvestment_rate": 41.96,
            "research_to_sale_ratio": null,
            "price_fair": 64.93,
            "eps_avg_yearly": 1.86,
            "eps_latest_yearly": 0.8,
            "eps_growth_yearly": 35.96
        },
        "20231": {
            "year_quarter": 20231,
            "year": 2023,
            "quarter": 1,
            "eps": 0.35,
            "eps_growth_year": -20.45,
            "eps_4q": 1.48,
            "eps_4q_growth_year": -22.82,
            "roe": 1.57,
            "roe_4q": 6.91,
            "gross_profit": 72180,
            "gross_margin": 20.75,
            "gross_margin_4q_avg": 18.16,
            "net_income": 38017,
            "net_income_4q": null,
            "revenue": 347796,
            "revenue_4q": null,
            "common_shares": 1104306,
            "book_valuer_per_share": 21.83,
            "book_valuer_per_share_4q_avg": 21.01,
            "equity": 2453720,
            "current_ratio": 85.19,
            "debt_ratio": 57.09,
            "inventory_turnover_ratio": 0.45,
            "account_receivable_turnover_ratio": 1.86,
            "reinvestment_rate": 38.49,
            "research_to_sale_ratio": null,
            "price_fair": 63.61,
            "eps_avg_yearly": 1.82,
            "eps_latest_yearly": 1.4,
            "eps_growth_yearly": 38.05
        },
        "20232": {
            "year_quarter": 20232,
            "year": 2023,
            "quarter": 2,
            "eps": 0.5,
            "eps_growth_year": 16.28,
            "eps_4q": 1.42,
            "eps_4q_growth_year": -30.34,
            "roe": 2.27,
            "roe_4q": 7.220000000000001,
            "gross_profit": 63364,
            "gross_margin": 21.08,
            "gross_margin_4q_avg": 17.85,
            "net_income": 56185,
            "net_income_4q": null,
            "revenue": 300523,
            "revenue_4q": null,
            "common_shares": 1104306,
            "book_valuer_per_share": 22.27,
            "book_valuer_per_share_4q_avg": 21.51,
            "equity": 2504566,
            "current_ratio": 88.94,
            "debt_ratio": 57.47,
            "inventory_turnover_ratio": 0.35,
            "account_receivable_turnover_ratio": 1.55,
            "reinvestment_rate": 31.75,
            "research_to_sale_ratio": null,
            "price_fair": 63.79,
            "eps_avg_yearly": 1.82,
            "eps_latest_yearly": 2,
            "eps_growth_yearly": 49.76
        },
        "20233": {
            "year_quarter": 20233,
            "year": 2023,
            "quarter": 3,
            "eps": 0.34,
            "eps_growth_year": -33.33,
            "eps_4q": 1.29,
            "eps_4q_growth_year": -36.74,
            "roe": 1.61,
            "roe_4q": 6.36,
            "gross_profit": 39175,
            "gross_margin": 14.37,
            "gross_margin_4q_avg": 17.58,
            "net_income": 40817,
            "net_income_4q": null,
            "revenue": 272572,
            "revenue_4q": null,
            "common_shares": 1203693,
            "book_valuer_per_share": 21.04,
            "book_valuer_per_share_4q_avg": 21.62,
            "equity": 2578759,
            "current_ratio": 95.22,
            "debt_ratio": 56.68,
            "inventory_turnover_ratio": 0.31,
            "account_receivable_turnover_ratio": 1.87,
            "reinvestment_rate": 27.25,
            "research_to_sale_ratio": null,
            "price_fair": 61.51,
            "eps_avg_yearly": 1.76,
            "eps_latest_yearly": 1.36,
            "eps_growth_yearly": 35.51
        },
        "20234": {
            "year_quarter": 20234,
            "year": 2023,
            "quarter": 4,
            "eps": 0.33,
            "eps_growth_year": 66.19,
            "eps_4q": 1.44,
            "eps_4q_growth_year": -8.29,
            "roe": 1.49,
            "roe_4q": 6.94,
            "gross_profit": 57971,
            "gross_margin": 18.87,
            "gross_margin_4q_avg": 18.77,
            "net_income": 39309,
            "net_income_4q": null,
            "revenue": 307207,
            "revenue_4q": null,
            "common_shares": 1203693,
            "book_valuer_per_share": 21.93,
            "book_valuer_per_share_4q_avg": 21.77,
            "equity": 2688302,
            "current_ratio": 84.72,
            "debt_ratio": 55.9,
            "inventory_turnover_ratio": 0.31,
            "account_receivable_turnover_ratio": 2.54,
            "reinvestment_rate": 24.05,
            "research_to_sale_ratio": null,
            "price_fair": 61.69,
            "eps_avg_yearly": 1.76,
            "eps_latest_yearly": 1.32,
            "eps_growth_yearly": 46.86
        }
    },
    "months": {
        "2001-06": {
            "month": "2001-06",
            "price": "7.06",
            "revenue": 39465
        },
        "2001-07": {
            "month": "2001-07",
            "price": "6.79",
            "revenue": 40477
        },
        "2001-08": {
            "month": "2001-08",
            "price": "7.08",
            "revenue": 41986
        },
        "2001-09": {
            "month": "2001-09",
            "price": "7.22",
            "revenue": 38441
        },
        "2001-10": {
            "month": "2001-10",
            "price": "6.41",
            "revenue": 47505
        },
        "2001-11": {
            "month": "2001-11",
            "price": "6.24",
            "revenue": 43707
        },
        "2001-12": {
            "month": "2001-12",
            "price": "6.56",
            "revenue": 46980
        },
        "2002-01": {
            "month": "2002-01",
            "price": "7.18",
            "revenue": 42940
        },
        "2002-02": {
            "month": "2002-02",
            "price": "7.40",
            "revenue": 56311
        },
        "2002-03": {
            "month": "2002-03",
            "price": "7.80",
            "revenue": 43405
        },
        "2002-04": {
            "month": "2002-04",
            "price": "8.66",
            "revenue": 42188
        },
        "2002-05": {
            "month": "2002-05",
            "price": "8.41",
            "revenue": 37092
        },
        "2002-06": {
            "month": "2002-06",
            "price": "8.12",
            "revenue": 35747
        },
        "2002-07": {
            "month": "2002-07",
            "price": "7.69",
            "revenue": 43785
        },
        "2002-08": {
            "month": "2002-08",
            "price": "7.09",
            "revenue": 43244
        },
        "2002-09": {
            "month": "2002-09",
            "price": "6.46",
            "revenue": 42424
        },
        "2002-10": {
            "month": "2002-10",
            "price": "6.38",
            "revenue": 37783
        },
        "2002-11": {
            "month": "2002-11",
            "price": "6.76",
            "revenue": 42016
        },
        "2002-12": {
            "month": "2002-12",
            "price": "6.70",
            "revenue": 51181
        },
        "2003-01": {
            "month": "2003-01",
            "price": "7.13",
            "revenue": 61121
        },
        "2003-02": {
            "month": "2003-02",
            "price": "6.96",
            "revenue": 54313
        },
        "2003-03": {
            "month": "2003-03",
            "price": "7.78",
            "revenue": 50314
        },
        "2003-04": {
            "month": "2003-04",
            "price": "7.36",
            "revenue": 48578
        },
        "2003-05": {
            "month": "2003-05",
            "price": "7.68",
            "revenue": 38677
        },
        "2003-06": {
            "month": "2003-06",
            "price": "7.94",
            "revenue": 37127
        },
        "2003-07": {
            "month": "2003-07",
            "price": "8.02",
            "revenue": 36121
        },
        "2003-08": {
            "month": "2003-08",
            "price": "7.78",
            "revenue": 40602
        },
        "2003-09": {
            "month": "2003-09",
            "price": "7.70",
            "revenue": 56852
        },
        "2003-10": {
            "month": "2003-10",
            "price": "7.88",
            "revenue": 55308
        },
        "2003-11": {
            "month": "2003-11",
            "price": "7.98",
            "revenue": 57137
        },
        "2003-12": {
            "month": "2003-12",
            "price": "8.08",
            "revenue": 45255
        },
        "2004-01": {
            "month": "2004-01",
            "price": "8.61",
            "revenue": 77591
        },
        "2004-02": {
            "month": "2004-02",
            "price": "10.58",
            "revenue": 66128
        },
        "2004-03": {
            "month": "2004-03",
            "price": "10.73",
            "revenue": 62503
        },
        "2004-04": {
            "month": "2004-04",
            "price": "10.20",
            "revenue": 50251
        },
        "2004-05": {
            "month": "2004-05",
            "price": "10.55",
            "revenue": 43354
        },
        "2004-06": {
            "month": "2004-06",
            "price": "10.55",
            "revenue": 57572
        },
        "2004-07": {
            "month": "2004-07",
            "price": "10.55",
            "revenue": 36923
        },
        "2004-08": {
            "month": "2004-08",
            "price": "10.61",
            "revenue": 47221
        },
        "2004-09": {
            "month": "2004-09",
            "price": "10.87",
            "revenue": 48037
        },
        "2004-10": {
            "month": "2004-10",
            "price": "10.80",
            "revenue": 55743
        },
        "2004-11": {
            "month": "2004-11",
            "price": "10.82",
            "revenue": 60856
        },
        "2004-12": {
            "month": "2004-12",
            "price": "10.91",
            "revenue": 52899
        },
        "2005-01": {
            "month": "2005-01",
            "price": "10.91",
            "revenue": 75476
        },
        "2005-02": {
            "month": "2005-02",
            "price": "10.97",
            "revenue": 65292
        },
        "2005-03": {
            "month": "2005-03",
            "price": "11.21",
            "revenue": 78666
        },
        "2005-04": {
            "month": "2005-04",
            "price": "11.21",
            "revenue": 79467
        },
        "2005-05": {
            "month": "2005-05",
            "price": "11.28",
            "revenue": 62493
        },
        "2005-06": {
            "month": "2005-06",
            "price": "11.44",
            "revenue": 61936
        },
        "2005-07": {
            "month": "2005-07",
            "price": "11.38",
            "revenue": 53487
        },
        "2005-08": {
            "month": "2005-08",
            "price": "11.32",
            "revenue": 55745
        },
        "2005-09": {
            "month": "2005-09",
            "price": "11.06",
            "revenue": 69026
        },
        "2005-10": {
            "month": "2005-10",
            "price": "11.16",
            "revenue": 70158
        },
        "2005-11": {
            "month": "2005-11",
            "price": "11.30",
            "revenue": 80156
        },
        "2005-12": {
            "month": "2005-12",
            "price": "11.91",
            "revenue": 60690
        },
        "2006-01": {
            "month": "2006-01",
            "price": "12.11",
            "revenue": 74343
        },
        "2006-02": {
            "month": "2006-02",
            "price": "12.35",
            "revenue": 77348
        },
        "2006-03": {
            "month": "2006-03",
            "price": "12.97",
            "revenue": 70915
        },
        "2006-04": {
            "month": "2006-04",
            "price": "13.72",
            "revenue": 64321
        },
        "2006-05": {
            "month": "2006-05",
            "price": "13.57",
            "revenue": 61492
        },
        "2006-06": {
            "month": "2006-06",
            "price": "12.55",
            "revenue": 58637
        },
        "2006-07": {
            "month": "2006-07",
            "price": "12.42",
            "revenue": 47976
        },
        "2006-08": {
            "month": "2006-08",
            "price": "12.25",
            "revenue": 69500
        },
        "2006-09": {
            "month": "2006-09",
            "price": "12.32",
            "revenue": 80838
        },
        "2006-10": {
            "month": "2006-10",
            "price": "12.55",
            "revenue": 53872
        },
        "2006-11": {
            "month": "2006-11",
            "price": "12.64",
            "revenue": 77546
        },
        "2006-12": {
            "month": "2006-12",
            "price": "13.14",
            "revenue": 75161
        },
        "2007-01": {
            "month": "2007-01",
            "price": "13.51",
            "revenue": 84515
        },
        "2007-02": {
            "month": "2007-02",
            "price": "13.81",
            "revenue": 83403
        },
        "2007-03": {
            "month": "2007-03",
            "price": "14.13",
            "revenue": 86559
        },
        "2007-04": {
            "month": "2007-04",
            "price": "15.40",
            "revenue": 77084
        },
        "2007-05": {
            "month": "2007-05",
            "price": "15.44",
            "revenue": 76958
        },
        "2007-06": {
            "month": "2007-06",
            "price": "16.04",
            "revenue": 57506
        },
        "2007-07": {
            "month": "2007-07",
            "price": "16.92",
            "revenue": 55441
        },
        "2007-08": {
            "month": "2007-08",
            "price": "16.50",
            "revenue": 51476
        },
        "2007-09": {
            "month": "2007-09",
            "price": "16.41",
            "revenue": 79877
        },
        "2007-10": {
            "month": "2007-10",
            "price": "16.62",
            "revenue": 80203
        },
        "2007-11": {
            "month": "2007-11",
            "price": "16.57",
            "revenue": 106618
        },
        "2007-12": {
            "month": "2007-12",
            "price": "16.63",
            "revenue": 113455
        },
        "2008-01": {
            "month": "2008-01",
            "price": "15.97",
            "revenue": 86926
        },
        "2008-02": {
            "month": "2008-02",
            "price": "15.99",
            "revenue": 79617
        },
        "2008-03": {
            "month": "2008-03",
            "price": "16.88",
            "revenue": 102743
        },
        "2008-04": {
            "month": "2008-04",
            "price": "17.83",
            "revenue": 81094
        },
        "2008-05": {
            "month": "2008-05",
            "price": "18.67",
            "revenue": 78413
        },
        "2008-06": {
            "month": "2008-06",
            "price": "17.94",
            "revenue": 107937
        },
        "2008-07": {
            "month": "2008-07",
            "price": "16.41",
            "revenue": 96272
        },
        "2008-08": {
            "month": "2008-08",
            "price": "16.46",
            "revenue": 96101
        },
        "2008-09": {
            "month": "2008-09",
            "price": "15.57",
            "revenue": 104985
        },
        "2008-10": {
            "month": "2008-10",
            "price": "14.56",
            "revenue": 105166
        },
        "2008-11": {
            "month": "2008-11",
            "price": "14.98",
            "revenue": 108468
        },
        "2008-12": {
            "month": "2008-12",
            "price": "14.78",
            "revenue": 112372
        },
        "2009-01": {
            "month": "2009-01",
            "price": "15.27",
            "revenue": 108429
        },
        "2009-02": {
            "month": "2009-02",
            "price": "15.58",
            "revenue": 88566
        },
        "2009-03": {
            "month": "2009-03",
            "price": "16.54",
            "revenue": 119117
        },
        "2009-04": {
            "month": "2009-04",
            "price": "16.52",
            "revenue": 77627
        },
        "2009-05": {
            "month": "2009-05",
            "price": "16.60",
            "revenue": 81494
        },
        "2009-06": {
            "month": "2009-06",
            "price": "16.71",
            "revenue": 68157
        },
        "2009-07": {
            "month": "2009-07",
            "price": "16.85",
            "revenue": 72132
        },
        "2009-08": {
            "month": "2009-08",
            "price": "16.98",
            "revenue": 68689
        },
        "2009-09": {
            "month": "2009-09",
            "price": "17.57",
            "revenue": 81960
        },
        "2009-10": {
            "month": "2009-10",
            "price": "17.34",
            "revenue": 78987
        },
        "2009-11": {
            "month": "2009-11",
            "price": "17.45",
            "revenue": 93309
        },
        "2009-12": {
            "month": "2009-12",
            "price": "17.55",
            "revenue": 102209
        },
        "2010-01": {
            "month": "2010-01",
            "price": "18.05",
            "revenue": 121232
        },
        "2010-02": {
            "month": "2010-02",
            "price": "17.80",
            "revenue": 105252
        },
        "2010-03": {
            "month": "2010-03",
            "price": "19.23",
            "revenue": 105576
        },
        "2010-04": {
            "month": "2010-04",
            "price": "21.58",
            "revenue": 86420
        },
        "2010-05": {
            "month": "2010-05",
            "price": "21.08",
            "revenue": 94974
        },
        "2010-06": {
            "month": "2010-06",
            "price": "21.15",
            "revenue": 76023
        },
        "2010-07": {
            "month": "2010-07",
            "price": "21.18",
            "revenue": 75728
        },
        "2010-08": {
            "month": "2010-08",
            "price": "19.00",
            "revenue": 74267
        },
        "2010-09": {
            "month": "2010-09",
            "price": "19.14",
            "revenue": 100386
        },
        "2010-10": {
            "month": "2010-10",
            "price": "18.91",
            "revenue": 93620
        },
        "2010-11": {
            "month": "2010-11",
            "price": "19.20",
            "revenue": 98724
        },
        "2010-12": {
            "month": "2010-12",
            "price": "19.57",
            "revenue": 105192
        },
        "2011-01": {
            "month": "2011-01",
            "price": "19.72",
            "revenue": 127432
        },
        "2011-02": {
            "month": "2011-02",
            "price": "19.81",
            "revenue": 105675
        },
        "2011-03": {
            "month": "2011-03",
            "price": "20.77",
            "revenue": 111371
        },
        "2011-04": {
            "month": "2011-04",
            "price": "22.71",
            "revenue": 93756
        },
        "2011-05": {
            "month": "2011-05",
            "price": "22.85",
            "revenue": 105240
        },
        "2011-06": {
            "month": "2011-06",
            "price": "22.80",
            "revenue": 89566
        },
        "2011-07": {
            "month": "2011-07",
            "price": "22.32",
            "revenue": 85486
        },
        "2011-08": {
            "month": "2011-08",
            "price": "23.06",
            "revenue": 101216
        },
        "2011-09": {
            "month": "2011-09",
            "price": "23.37",
            "revenue": 88815
        },
        "2011-10": {
            "month": "2011-10",
            "price": "23.81",
            "revenue": 105811
        },
        "2011-11": {
            "month": "2011-11",
            "price": "25.17",
            "revenue": 109744
        },
        "2011-12": {
            "month": "2011-12",
            "price": "24.51",
            "revenue": 137611
        },
        "2012-01": {
            "month": "2012-01",
            "price": "24.10",
            "revenue": 142127
        },
        "2012-02": {
            "month": "2012-02",
            "price": "24.67",
            "revenue": 128034
        },
        "2012-03": {
            "month": "2012-03",
            "price": "25.98",
            "revenue": 113723
        },
        "2012-04": {
            "month": "2012-04",
            "price": "23.22",
            "revenue": 126597
        },
        "2012-05": {
            "month": "2012-05",
            "price": "21.97",
            "revenue": 113294
        },
        "2012-06": {
            "month": "2012-06",
            "price": "22.38",
            "revenue": 98818
        },
        "2012-07": {
            "month": "2012-07",
            "price": "22.71",
            "revenue": 90120
        },
        "2012-08": {
            "month": "2012-08",
            "price": "23.58",
            "revenue": 107991
        },
        "2012-09": {
            "month": "2012-09",
            "price": "25.23",
            "revenue": 99689
        },
        "2012-10": {
            "month": "2012-10",
            "price": "25.53",
            "revenue": 122815
        },
        "2012-11": {
            "month": "2012-11",
            "price": "25.18",
            "revenue": 103025
        },
        "2012-12": {
            "month": "2012-12",
            "price": "25.56",
            "revenue": 118699
        },
        "2013-01": {
            "month": "2013-01",
            "price": "25.94",
            "revenue": 124133
        },
        "2013-02": {
            "month": "2013-02",
            "price": "25.95",
            "revenue": 147971
        },
        "2013-03": {
            "month": "2013-03",
            "price": "26.66",
            "revenue": 125443
        },
        "2013-04": {
            "month": "2013-04",
            "price": "31.49",
            "revenue": 133096
        },
        "2013-05": {
            "month": "2013-05",
            "price": "33.26",
            "revenue": 111690
        },
        "2013-06": {
            "month": "2013-06",
            "price": "33.84",
            "revenue": 128341
        },
        "2013-07": {
            "month": "2013-07",
            "price": "32.75",
            "revenue": 95142
        },
        "2013-08": {
            "month": "2013-08",
            "price": "36.45",
            "revenue": 101989
        },
        "2013-09": {
            "month": "2013-09",
            "price": "39.96",
            "revenue": 100748
        },
        "2013-10": {
            "month": "2013-10",
            "price": "39.54",
            "revenue": 122856
        },
        "2013-11": {
            "month": "2013-11",
            "price": "39.19",
            "revenue": 108831
        },
        "2013-12": {
            "month": "2013-12",
            "price": "39.62",
            "revenue": 134479
        },
        "2014-01": {
            "month": "2014-01",
            "price": "40.02",
            "revenue": 135287
        },
        "2014-02": {
            "month": "2014-02",
            "price": "40.16",
            "revenue": 176551
        },
        "2014-03": {
            "month": "2014-03",
            "price": "40.12",
            "revenue": 144654
        },
        "2014-04": {
            "month": "2014-04",
            "price": "40.72",
            "revenue": 149525
        },
        "2014-05": {
            "month": "2014-05",
            "price": "40.44",
            "revenue": 123799
        },
        "2014-06": {
            "month": "2014-06",
            "price": "41.14",
            "revenue": 130952
        },
        "2014-07": {
            "month": "2014-07",
            "price": "41.57",
            "revenue": 103851
        },
        "2014-08": {
            "month": "2014-08",
            "price": "40.97",
            "revenue": 117255
        },
        "2014-09": {
            "month": "2014-09",
            "price": "41.40",
            "revenue": 109908
        },
        "2014-10": {
            "month": "2014-10",
            "price": "40.21",
            "revenue": 122765
        },
        "2014-11": {
            "month": "2014-11",
            "price": "39.50",
            "revenue": 114651
        },
        "2014-12": {
            "month": "2014-12",
            "price": "38.22",
            "revenue": 148006
        },
        "2015-01": {
            "month": "2015-01",
            "price": "37.42",
            "revenue": 132695
        },
        "2015-02": {
            "month": "2015-02",
            "price": "37.84",
            "revenue": 147679
        },
        "2015-03": {
            "month": "2015-03",
            "price": "36.92",
            "revenue": 115206
        },
        "2015-04": {
            "month": "2015-04",
            "price": "35.78",
            "revenue": 131581
        },
        "2015-05": {
            "month": "2015-05",
            "price": "36.82",
            "revenue": 101099
        },
        "2015-06": {
            "month": "2015-06",
            "price": "32.85",
            "revenue": 109126
        },
        "2015-07": {
            "month": "2015-07",
            "price": "32.06",
            "revenue": 78891
        },
        "2015-08": {
            "month": "2015-08",
            "price": "31.06",
            "revenue": 85794
        },
        "2015-09": {
            "month": "2015-09",
            "price": "30.91",
            "revenue": 83084
        },
        "2015-10": {
            "month": "2015-10",
            "price": "31.14",
            "revenue": 91349
        },
        "2015-11": {
            "month": "2015-11",
            "price": "31.29",
            "revenue": 86706
        },
        "2015-12": {
            "month": "2015-12",
            "price": "31.14",
            "revenue": 99215
        },
        "2016-01": {
            "month": "2016-01",
            "price": "31.15",
            "revenue": 107427
        },
        "2016-02": {
            "month": "2016-02",
            "price": "31.59",
            "revenue": 128660
        },
        "2016-03": {
            "month": "2016-03",
            "price": "31.18",
            "revenue": 92050
        },
        "2016-04": {
            "month": "2016-04",
            "price": "31.16",
            "revenue": 103092
        },
        "2016-05": {
            "month": "2016-05",
            "price": "32.05",
            "revenue": 77701
        },
        "2016-06": {
            "month": "2016-06",
            "price": "31.79",
            "revenue": 85540
        },
        "2016-07": {
            "month": "2016-07",
            "price": "30.98",
            "revenue": 72722
        },
        "2016-08": {
            "month": "2016-08",
            "price": "31.10",
            "revenue": 83920
        },
        "2016-09": {
            "month": "2016-09",
            "price": "31.30",
            "revenue": 72978
        },
        "2016-10": {
            "month": "2016-10",
            "price": "31.46",
            "revenue": 91025
        },
        "2016-11": {
            "month": "2016-11",
            "price": "31.41",
            "revenue": 79567
        },
        "2016-12": {
            "month": "2016-12",
            "price": "31.47",
            "revenue": 99431
        },
        "2017-01": {
            "month": "2017-01",
            "price": "31.36",
            "revenue": 97749
        },
        "2017-02": {
            "month": "2017-02",
            "price": "31.28",
            "revenue": 105992
        },
        "2017-03": {
            "month": "2017-03",
            "price": "31.05",
            "revenue": 96321
        },
        "2017-04": {
            "month": "2017-04",
            "price": "30.93",
            "revenue": 107912
        },
        "2017-05": {
            "month": "2017-05",
            "price": "31.20",
            "revenue": 86269
        },
        "2017-06": {
            "month": "2017-06",
            "price": "31.58",
            "revenue": 104127
        },
        "2017-07": {
            "month": "2017-07",
            "price": "30.96",
            "revenue": 84398
        },
        "2017-08": {
            "month": "2017-08",
            "price": "30.78",
            "revenue": 99825
        },
        "2017-09": {
            "month": "2017-09",
            "price": "30.63",
            "revenue": 85876
        },
        "2017-10": {
            "month": "2017-10",
            "price": "30.99",
            "revenue": 97166
        },
        "2017-11": {
            "month": "2017-11",
            "price": "30.90",
            "revenue": 96161
        },
        "2017-12": {
            "month": "2017-12",
            "price": "30.96",
            "revenue": 172917
        },
        "2018-01": {
            "month": "2018-01",
            "price": "31.51",
            "revenue": 122425
        },
        "2018-02": {
            "month": "2018-02",
            "price": "31.29",
            "revenue": 135797
        },
        "2018-03": {
            "month": "2018-03",
            "price": "31.54",
            "revenue": 203187
        },
        "2018-04": {
            "month": "2018-04",
            "price": "31.78",
            "revenue": 146983
        },
        "2018-05": {
            "month": "2018-05",
            "price": "32.15",
            "revenue": 102019
        },
        "2018-06": {
            "month": "2018-06",
            "price": "32.46",
            "revenue": 116234
        },
        "2018-07": {
            "month": "2018-07",
            "price": "31.72",
            "revenue": 93632
        },
        "2018-08": {
            "month": "2018-08",
            "price": "31.69",
            "revenue": 125326
        },
        "2018-09": {
            "month": "2018-09",
            "price": "32.01",
            "revenue": 101917
        },
        "2018-10": {
            "month": "2018-10",
            "price": "31.32",
            "revenue": 114759
        },
        "2018-11": {
            "month": "2018-11",
            "price": "32.13",
            "revenue": 103513
        },
        "2018-12": {
            "month": "2018-12",
            "price": "32.22",
            "revenue": 119448
        },
        "2019-01": {
            "month": "2019-01",
            "price": "31.67",
            "revenue": 134406
        },
        "2019-02": {
            "month": "2019-02",
            "price": "32.43",
            "revenue": 124694
        },
        "2019-03": {
            "month": "2019-03",
            "price": "32.46",
            "revenue": 150247
        },
        "2019-04": {
            "month": "2019-04",
            "price": "32.43",
            "revenue": 123887
        },
        "2019-05": {
            "month": "2019-05",
            "price": "32.49",
            "revenue": 124965
        },
        "2019-06": {
            "month": "2019-06",
            "price": "33.13",
            "revenue": 119846
        },
        "2019-07": {
            "month": "2019-07",
            "price": "33.24",
            "revenue": 113689
        },
        "2019-08": {
            "month": "2019-08",
            "price": "34.03",
            "revenue": 114367
        },
        "2019-09": {
            "month": "2019-09",
            "price": "35.54",
            "revenue": 105370
        },
        "2019-10": {
            "month": "2019-10",
            "price": "35.78",
            "revenue": 109434
        },
        "2019-11": {
            "month": "2019-11",
            "price": "36.14",
            "revenue": 110505
        },
        "2019-12": {
            "month": "2019-12",
            "price": "35.87",
            "revenue": 124146
        },
        "2020-01": {
            "month": "2020-01",
            "price": "35.76",
            "revenue": 127113
        },
        "2020-02": {
            "month": "2020-02",
            "price": "35.06",
            "revenue": 132038
        },
        "2020-03": {
            "month": "2020-03",
            "price": "34.44",
            "revenue": 128688
        },
        "2020-04": {
            "month": "2020-04",
            "price": "37.21",
            "revenue": 110636
        },
        "2020-05": {
            "month": "2020-05",
            "price": "40.40",
            "revenue": 96200
        },
        "2020-06": {
            "month": "2020-06",
            "price": "41.32",
            "revenue": 94619
        },
        "2020-07": {
            "month": "2020-07",
            "price": "41.24",
            "revenue": 82300
        },
        "2020-08": {
            "month": "2020-08",
            "price": "40.32",
            "revenue": 84992
        },
        "2020-09": {
            "month": "2020-09",
            "price": "40.77",
            "revenue": 91183
        },
        "2020-10": {
            "month": "2020-10",
            "price": "40.88",
            "revenue": 88595
        },
        "2020-11": {
            "month": "2020-11",
            "price": "40.92",
            "revenue": 95547
        },
        "2020-12": {
            "month": "2020-12",
            "price": "42.41",
            "revenue": 100592
        },
        "2021-01": {
            "month": "2021-01",
            "price": "42.85",
            "revenue": 106782
        },
        "2021-02": {
            "month": "2021-02",
            "price": "43.06",
            "revenue": 124378
        },
        "2021-03": {
            "month": "2021-03",
            "price": "41.77",
            "revenue": 108644
        },
        "2021-04": {
            "month": "2021-04",
            "price": "41.41",
            "revenue": 103600
        },
        "2021-05": {
            "month": "2021-05",
            "price": "40.39",
            "revenue": 93959
        },
        "2021-06": {
            "month": "2021-06",
            "price": "39.82",
            "revenue": 89622
        },
        "2021-07": {
            "month": "2021-07",
            "price": "39.63",
            "revenue": 80917
        },
        "2021-08": {
            "month": "2021-08",
            "price": "38.70",
            "revenue": 89293
        },
        "2021-09": {
            "month": "2021-09",
            "price": "38.82",
            "revenue": 93721
        },
        "2021-10": {
            "month": "2021-10",
            "price": "39.26",
            "revenue": 99847
        },
        "2021-11": {
            "month": "2021-11",
            "price": "39.58",
            "revenue": 99093
        },
        "2021-12": {
            "month": "2021-12",
            "price": "40.00",
            "revenue": 103622
        },
        "2022-01": {
            "month": "2022-01",
            "price": "39.75",
            "revenue": 123578
        },
        "2022-02": {
            "month": "2022-02",
            "price": "39.55",
            "revenue": 118384
        },
        "2022-03": {
            "month": "2022-03",
            "price": "39.66",
            "revenue": 109026
        },
        "2022-04": {
            "month": "2022-04",
            "price": "39.95",
            "revenue": 113437
        },
        "2022-05": {
            "month": "2022-05",
            "price": "40.51",
            "revenue": 102769
        },
        "2022-06": {
            "month": "2022-06",
            "price": "40.73",
            "revenue": 100059
        },
        "2022-07": {
            "month": "2022-07",
            "price": "40.08",
            "revenue": 86467
        },
        "2022-08": {
            "month": "2022-08",
            "price": "39.64",
            "revenue": 97643
        },
        "2022-09": {
            "month": "2022-09",
            "price": "38.88",
            "revenue": 93146
        },
        "2022-10": {
            "month": "2022-10",
            "price": "38.80",
            "revenue": 91099
        },
        "2022-11": {
            "month": "2022-11",
            "price": "39.26",
            "revenue": 101761
        },
        "2022-12": {
            "month": "2022-12",
            "price": "39.24",
            "revenue": 110111
        },
        "2023-01": {
            "month": "2023-01",
            "price": "39.46",
            "revenue": 109169
        },
        "2023-02": {
            "month": "2023-02",
            "price": "39.37",
            "revenue": 121108
        },
        "2023-03": {
            "month": "2023-03",
            "price": "39.55",
            "revenue": 117519
        },
        "2023-04": {
            "month": "2023-04",
            "price": "39.95",
            "revenue": 102435
        },
        "2023-05": {
            "month": "2023-05",
            "price": "40.60",
            "revenue": 101610
        },
        "2023-06": {
            "month": "2023-06",
            "price": "41.22",
            "revenue": 96478
        },
        "2023-07": {
            "month": "2023-07",
            "price": "41.07",
            "revenue": 90192
        },
        "2023-08": {
            "month": "2023-08",
            "price": "40.66",
            "revenue": 91879
        },
        "2023-09": {
            "month": "2023-09",
            "price": "39.65",
            "revenue": 90501
        },
        "2023-10": {
            "month": "2023-10",
            "price": "39.01",
            "revenue": 100696
        },
        "2023-11": {
            "month": "2023-11",
            "price": "38.86",
            "revenue": 100727
        },
        "2023-12": {
            "month": "2023-12",
            "price": "39.24",
            "revenue": 105710
        }
    }
}
