{
    "summary": {
        "stock_name": "中鼎",
        "stock_id": "9933",
        "category": "其他",
        "main_business": "工程規劃、設計、採購、建造、專案管理、設備製作、監理<br>製作、環境評估等工程技術服務工作",
        "website_url": "http://www.ctci.com",
        "ceo": "陳裕仁",
        "pe_ratio": 21,
        "report_year_from": 2001,
        "report_year_to": 2023,
        "age": 22,
        "eps_negative_percentage": 0,
        "eps_growth_avg": {
            "last_all": 7.42,
            "last_2y": 35.61,
            "last_4y": 7.33,
            "last_8y": 10.04,
            "last_12y": 6.19,
            "last_16y": 9.27,
            "last_20y": 7.42,
            "at_2006_last_3y": 7.5,
            "at_2007_last_3y": 12.11,
            "at_2008_last_3y": 21.1,
            "at_2009_last_3y": 19.29,
            "at_2010_last_3y": 14.49,
            "at_2011_last_3y": 10.79,
            "at_2012_last_3y": 7.98,
            "at_2013_last_3y": -2.46,
            "at_2014_last_3y": -1.33,
            "at_2015_last_3y": -2.58,
            "at_2016_last_3y": -1.05,
            "at_2017_last_3y": 13.43,
            "at_2018_last_3y": 1.83,
            "at_2019_last_3y": -8.92,
            "at_2020_last_3y": -19.86,
            "at_2021_last_3y": -1.26,
            "at_2022_last_3y": 17.85,
            "at_2023_last_3y": 17.85,
            "at_2006_last_all": 4.88,
            "at_2007_last_all": 8.63,
            "at_2008_last_all": 9.4,
            "at_2009_last_all": 9.4,
            "at_2010_last_all": 9.15,
            "at_2011_last_all": 9.49,
            "at_2012_last_all": 8.88,
            "at_2013_last_all": 5.45,
            "at_2014_last_all": 5.92,
            "at_2015_last_all": 6.04,
            "at_2016_last_all": 6.23,
            "at_2017_last_all": 7.44,
            "at_2018_last_all": 4.96,
            "at_2019_last_all": 2.72,
            "at_2020_last_all": 0.74,
            "at_2021_last_all": 5.7,
            "at_2022_last_all": 7.42,
            "at_2023_last_all": 7.42
        },
        "latest_eps": 2,
        "latest_price": 41.1,
        "latest_roe": 11.9,
        "latest_gross_margin": 5.42,
        "latest_equity": 20628457,
        "latest_revenue": 21845706,
        "latest_gross_profit": 1183320,
        "latest_net_income": 636419,
        "latest_debt_ratio": 79.14,
        "latest_current_ratio": 119.84,
        "latest_account_receivable_turnover_ratio": 1.54,
        "latest_inventory_turnover_ratio": 105.97,
        "latest_reinvestment_rate": 89.36,
        "latest_research_to_sale_ratio": 0.13
    },
    "eps_dividends": {
        "1991": {
            "cash": 3,
            "stock": 3,
            "eps": 0
        },
        "1992": {
            "cash": 3,
            "stock": 2,
            "eps": 0
        },
        "1993": {
            "cash": 3,
            "stock": 1,
            "eps": 0
        },
        "1994": {
            "cash": 1,
            "stock": 2,
            "eps": 0
        },
        "1995": {
            "cash": 1,
            "stock": 2,
            "eps": 0
        },
        "1996": {
            "cash": 1,
            "stock": 2,
            "eps": 0
        },
        "1997": {
            "cash": 0,
            "stock": 3,
            "eps": 0
        },
        "1998": {
            "cash": 0,
            "stock": 2,
            "eps": 0
        },
        "1999": {
            "cash": 1,
            "stock": 2,
            "eps": 0
        },
        "2000": {
            "cash": 1,
            "stock": 1,
            "eps": 0
        },
        "2001": {
            "cash": 0,
            "stock": 1,
            "eps": 1.42
        },
        "2002": {
            "cash": 1,
            "stock": 0,
            "eps": 1.34
        },
        "2003": {
            "cash": 1,
            "stock": 0,
            "eps": 1.46
        },
        "2004": {
            "cash": 1,
            "stock": 0,
            "eps": 1.14
        },
        "2005": {
            "cash": 1,
            "stock": 0,
            "eps": 1.33
        },
        "2006": {
            "cash": 1,
            "stock": 0,
            "eps": 1.68
        },
        "2007": {
            "cash": 1,
            "stock": 0,
            "eps": 2.14
        },
        "2008": {
            "cash": 2,
            "stock": 0,
            "eps": 2.44
        },
        "2009": {
            "cash": 2,
            "stock": 0,
            "eps": 2.67
        },
        "2010": {
            "cash": 2,
            "stock": 0,
            "eps": 2.86
        },
        "2011": {
            "cash": 5,
            "stock": 0,
            "eps": 3.22
        },
        "2012": {
            "cash": 0,
            "stock": 0,
            "eps": 3.31
        },
        "2013": {
            "cash": 3,
            "stock": 0,
            "eps": 2.24
        },
        "2014": {
            "cash": 2,
            "stock": 0,
            "eps": 2.5
        },
        "2015": {
            "cash": 2,
            "stock": 0,
            "eps": 2.69
        },
        "2016": {
            "cash": 2,
            "stock": 0,
            "eps": 2.93
        },
        "2017": {
            "cash": 3,
            "stock": 0,
            "eps": 3.68
        },
        "2018": {
            "cash": 3,
            "stock": 0,
            "eps": 2.4
        },
        "2019": {
            "cash": 2,
            "stock": 0,
            "eps": 1.55
        },
        "2020": {
            "cash": 2,
            "stock": 0,
            "eps": 1.01
        },
        "2021": {
            "cash": 2,
            "stock": 0,
            "eps": 2.16
        },
        "2022": {
            "cash": 2,
            "stock": 0,
            "eps": 3.06
        },
        "2023": {
            "cash": 2,
            "stock": 0,
            "eps": 0.47
        }
    },
    "dividends": {
        "1991-05-22": {
            "cash": 2.5,
            "stock": 2.5
        },
        "1992-05-15": {
            "cash": 2.5,
            "stock": 2
        },
        "1993-05-07": {
            "cash": 2.5,
            "stock": 1
        },
        "1994-05-24": {
            "cash": 1.25,
            "stock": 2
        },
        "1995-06-12": {
            "cash": 1.25,
            "stock": 2
        },
        "1996-06-10": {
            "cash": 1,
            "stock": 1.75
        },
        "1997-06-19": {
            "cash": 0,
            "stock": 2.7
        },
        "1998-06-19": {
            "cash": 0,
            "stock": 2.3
        },
        "1999-06-05": {
            "cash": 0.5,
            "stock": 2
        },
        "2000-05-22": {
            "cash": 1.1,
            "stock": 1
        },
        "2001-05-28": {
            "cash": 0.36,
            "stock": 1.44
        },
        "2002-06-20": {
            "cash": 1.18,
            "stock": 0
        },
        "2003-03-14": {
            "cash": 1,
            "stock": 0
        },
        "2004-03-23": {
            "cash": 1.12,
            "stock": 0.1
        },
        "2005-03-28": {
            "cash": 0.7,
            "stock": 0.1
        },
        "2006-03-30": {
            "cash": 1,
            "stock": 0.08
        },
        "2007-03-28": {
            "cash": 1.32,
            "stock": 0.21
        },
        "2008-03-25": {
            "cash": 1.74,
            "stock": 0.12
        },
        "2009-03-25": {
            "cash": 1.92,
            "stock": 0
        },
        "2010-03-26": {
            "cash": 2.37,
            "stock": 0
        },
        "2011-01-01": {
            "cash": 2.8,
            "stock": 0
        },
        "2011-03-28": {
            "cash": 2.42,
            "stock": 0
        },
        "2013-03-28": {
            "cash": 2.84,
            "stock": 0
        },
        "2014-08-22": {
            "cash": 2,
            "stock": 0
        },
        "2015-08-21": {
            "cash": 2.24,
            "stock": 0
        },
        "2016-08-19": {
            "cash": 2.4,
            "stock": 0
        },
        "2017-08-25": {
            "cash": 2.6,
            "stock": 0
        },
        "2018-08-24": {
            "cash": 3.23,
            "stock": 0
        },
        "2019-08-23": {
            "cash": 2.26,
            "stock": 0
        },
        "2020-08-21": {
            "cash": 2,
            "stock": 0
        },
        "2021-09-17": {
            "cash": 2,
            "stock": 0
        },
        "2022-07-29": {
            "cash": 2.3,
            "stock": 0
        },
        "2023-03-07": {
            "cash": 1.91,
            "stock": 0
        }
    },
    "prices": {
        "200101": "15.07",
        "200102": "15.66",
        "200103": "15.93",
        "200104": "15.65",
        "200105": "13.15",
        "200106": "12.73",
        "200107": "10.14",
        "200108": "9.43",
        "200109": "9.09",
        "200110": "9.31",
        "200111": "9.18",
        "200112": "10.36",
        "200201": "11.12",
        "200202": "12.24",
        "200203": "13.26",
        "200204": "14.71",
        "200205": "13.80",
        "200206": "13.34",
        "200207": "14.34",
        "200208": "16.43",
        "200209": "16.16",
        "200210": "15.45",
        "200211": "17.42",
        "200212": "19.17",
        "200301": "22.75",
        "200302": "23.36",
        "200303": "21.21",
        "200304": "20.77",
        "200305": "21.02",
        "200306": "23.24",
        "200307": "22.24",
        "200308": "23.86",
        "200309": "22.83",
        "200310": "24.43",
        "200311": "25.68",
        "200312": "26.78",
        "200401": "27.77",
        "200402": "28.87",
        "200403": "26.28",
        "200404": "24.25",
        "200405": "17.40",
        "200406": "16.80",
        "200407": "18.04",
        "200408": "18.26",
        "200409": "17.60",
        "200410": "19.78",
        "200411": "19.27",
        "200412": "19.08",
        "200501": "19.23",
        "200502": "18.16",
        "200503": "19.10",
        "200504": "19.02",
        "200505": "16.12",
        "200506": "16.71",
        "200507": "17.45",
        "200508": "17.02",
        "200509": "16.94",
        "200510": "15.02",
        "200511": "13.30",
        "200512": "13.95",
        "200601": "13.56",
        "200602": "15.21",
        "200603": "16.14",
        "200604": "16.80",
        "200605": "17.80",
        "200606": "16.05",
        "200607": "16.77",
        "200608": "17.25",
        "200609": "18.20",
        "200610": "21.98",
        "200611": "24.29",
        "200612": "25.32",
        "200701": "29.69",
        "200702": "30.41",
        "200703": "28.92",
        "200704": "29.02",
        "200705": "28.11",
        "200706": "27.14",
        "200707": "28.09",
        "200708": "25.83",
        "200709": "24.73",
        "200710": "26.94",
        "200711": "24.66",
        "200712": "22.35",
        "200801": "21.29",
        "200802": "22.64",
        "200803": "23.94",
        "200804": "27.08",
        "200805": "27.78",
        "200806": "24.91",
        "200807": "23.12",
        "200808": "22.27",
        "200809": "20.60",
        "200810": "20.13",
        "200811": "22.04",
        "200812": "23.19",
        "200901": "21.85",
        "200902": "20.59",
        "200903": "21.51",
        "200904": "24.02",
        "200905": "25.90",
        "200906": "28.36",
        "200907": "30.88",
        "200908": "32.46",
        "200909": "32.43",
        "200910": "30.19",
        "200911": "30.25",
        "200912": "30.74",
        "201001": "32.72",
        "201002": "32.20",
        "201003": "32.45",
        "201004": "33.41",
        "201005": "32.41",
        "201006": "32.55",
        "201007": "32.47",
        "201008": "34.71",
        "201009": "33.95",
        "201010": "34.70",
        "201011": "33.61",
        "201012": "32.85",
        "201101": "33.72",
        "201102": "33.42",
        "201103": "32.88",
        "201104": "34.68",
        "201105": "37.29",
        "201106": "37.48",
        "201107": "39.41",
        "201108": "37.08",
        "201109": "37.77",
        "201110": "37.24",
        "201111": "38.24",
        "201112": "40.25",
        "201201": "41.60",
        "201202": "42.69",
        "201203": "48.01",
        "201204": "52.20",
        "201205": "56.99",
        "201206": "55.35",
        "201207": "57.95",
        "201208": "56.55",
        "201209": "59.24",
        "201210": "63.55",
        "201211": "55.66",
        "201212": "56.67",
        "201301": "57.73",
        "201302": "59.04",
        "201303": "60.48",
        "201304": "57.75",
        "201305": "60.41",
        "201306": "57.26",
        "201307": "57.71",
        "201308": "50.93",
        "201309": "49.03",
        "201310": "50.94",
        "201311": "47.98",
        "201312": "46.80",
        "201401": "45.10",
        "201402": "41.80",
        "201403": "42.50",
        "201404": "47.91",
        "201405": "50.07",
        "201406": "52.67",
        "201407": "51.66",
        "201408": "52.28",
        "201409": "51.77",
        "201410": "49.40",
        "201411": "50.20",
        "201412": "49.89",
        "201501": "50.28",
        "201502": "50.69",
        "201503": "51.21",
        "201504": "53.64",
        "201505": "52.58",
        "201506": "50.68",
        "201507": "49.46",
        "201508": "45.16",
        "201509": "41.50",
        "201510": "42.41",
        "201511": "38.75",
        "201512": "35.28",
        "201601": "35.65",
        "201602": "37.13",
        "201603": "42.04",
        "201604": "42.94",
        "201605": "44.96",
        "201606": "46.98",
        "201607": "48.41",
        "201608": "44.90",
        "201609": "43.91",
        "201610": "46.48",
        "201611": "48.77",
        "201612": "49.55",
        "201701": "48.47",
        "201702": "50.11",
        "201703": "51.18",
        "201704": "52.47",
        "201705": "50.95",
        "201706": "49.88",
        "201707": "51.62",
        "201708": "48.44",
        "201709": "48.57",
        "201710": "47.68",
        "201711": "45.15",
        "201712": "44.79",
        "201801": "46.30",
        "201802": "44.73",
        "201803": "46.84",
        "201804": "49.92",
        "201805": "48.31",
        "201806": "49.09",
        "201807": "49.24",
        "201808": "45.83",
        "201809": "48.80",
        "201810": "45.75",
        "201811": "44.05",
        "201812": "44.28",
        "201901": "46.56",
        "201902": "47.87",
        "201903": "48.50",
        "201904": "47.36",
        "201905": "46.70",
        "201906": "45.94",
        "201907": "46.22",
        "201908": "43.95",
        "201909": "43.44",
        "201910": "41.75",
        "201911": "38.30",
        "201912": "38.05",
        "202001": "37.60",
        "202002": "37.15",
        "202003": "30.78",
        "202004": "30.44",
        "202005": "33.69",
        "202006": "38.02",
        "202007": "37.82",
        "202008": "35.33",
        "202009": "38.58",
        "202010": "38.99",
        "202011": "39.24",
        "202012": "38.58",
        "202101": "36.40",
        "202102": "36.21",
        "202103": "36.87",
        "202104": "38.92",
        "202105": "37.55",
        "202106": "38.41",
        "202107": "38.88",
        "202108": "37.52",
        "202109": "35.64",
        "202110": "36.23",
        "202111": "36.48",
        "202112": "36.45",
        "202201": "38.09",
        "202202": "40.52",
        "202203": "43.97",
        "202204": "46.36",
        "202205": "46.20",
        "202206": "46.59",
        "202207": "42.10",
        "202208": "44.60",
        "202209": "47.53",
        "202210": "45.82",
        "202211": "40.60",
        "202212": "42.19",
        "202301": "42.51",
        "202302": "43.95",
        "202303": "42.74",
        "202304": "42.46",
        "202305": "41.36"
    },
    "quarters": {
        "20011": {
            "year_quarter": 20011,
            "year": 2001,
            "quarter": 1,
            "eps": 0.18,
            "eps_growth_year": -80.43,
            "eps_4q": 1.37,
            "eps_4q_growth_year": -49.45,
            "roe": 1.28,
            "roe_4q": 1.28,
            "gross_profit": 259516,
            "gross_margin": 10.96,
            "gross_margin_4q_avg": 10.96,
            "net_income": 87208,
            "revenue": 2368263,
            "common_shares": 4760000,
            "book_valuer_per_share": 14.42,
            "book_valuer_per_share_4q_avg": 14.42,
            "equity": 6861801,
            "current_ratio": 134.29,
            "debt_ratio": 42.07,
            "inventory_turnover_ratio": 0.86,
            "account_receivable_turnover_ratio": null,
            "reinvestment_rate": null,
            "research_to_sale_ratio": null,
            "price_fair": 0,
            "eps_avg_yearly": 0,
            "eps_latest_yearly": 0,
            "eps_growth_yearly": 0
        },
        "20012": {
            "year_quarter": 20012,
            "year": 2001,
            "quarter": 2,
            "eps": 0.44,
            "eps_growth_year": 0,
            "eps_4q": 1.27,
            "eps_4q_growth_year": -44.28,
            "roe": 3.48,
            "roe_4q": 4.76,
            "gross_profit": 282169,
            "gross_margin": 10.98,
            "gross_margin_4q_avg": 10.97,
            "net_income": 240317,
            "revenue": 2569431,
            "common_shares": 4760000,
            "book_valuer_per_share": 14.6,
            "book_valuer_per_share_4q_avg": 14.51,
            "equity": 6950946,
            "current_ratio": 121.1,
            "debt_ratio": 44.12,
            "inventory_turnover_ratio": 1.07,
            "account_receivable_turnover_ratio": null,
            "reinvestment_rate": null,
            "research_to_sale_ratio": null,
            "price_fair": 0,
            "eps_avg_yearly": 0,
            "eps_latest_yearly": 0,
            "eps_growth_yearly": 0
        },
        "20013": {
            "year_quarter": 20013,
            "year": 2001,
            "quarter": 3,
            "eps": 0.32,
            "eps_growth_year": 6.67,
            "eps_4q": 1.34,
            "eps_4q_growth_year": -35.74,
            "roe": 2.47,
            "roe_4q": 7.23,
            "gross_profit": 349376,
            "gross_margin": 11.57,
            "gross_margin_4q_avg": 11.17,
            "net_income": 173501,
            "revenue": 3020869,
            "common_shares": 5476000,
            "book_valuer_per_share": 12.96,
            "book_valuer_per_share_4q_avg": 13.99,
            "equity": 7096534,
            "current_ratio": 120.85,
            "debt_ratio": 44.1,
            "inventory_turnover_ratio": 1.15,
            "account_receivable_turnover_ratio": null,
            "reinvestment_rate": null,
            "research_to_sale_ratio": null,
            "price_fair": 0,
            "eps_avg_yearly": 0,
            "eps_latest_yearly": 0,
            "eps_growth_yearly": 0
        },
        "20014": {
            "year_quarter": 20014,
            "year": 2001,
            "quarter": 4,
            "eps": 0.48,
            "eps_growth_year": 2.13,
            "eps_4q": 1.39,
            "eps_4q_growth_year": -31.83,
            "roe": 3.64,
            "roe_4q": 10.87,
            "gross_profit": 347416,
            "gross_margin": 11.46,
            "gross_margin_4q_avg": 11.24,
            "net_income": 262854,
            "revenue": 3030668,
            "common_shares": 5476000,
            "book_valuer_per_share": 13.38,
            "book_valuer_per_share_4q_avg": 13.84,
            "equity": 7326956,
            "current_ratio": 131.28,
            "debt_ratio": 47.39,
            "inventory_turnover_ratio": 1.03,
            "account_receivable_turnover_ratio": null,
            "reinvestment_rate": null,
            "research_to_sale_ratio": null,
            "price_fair": 0,
            "eps_avg_yearly": 0,
            "eps_latest_yearly": 0,
            "eps_growth_yearly": 0
        },
        "20021": {
            "year_quarter": 20021,
            "year": 2002,
            "quarter": 1,
            "eps": 0.27,
            "eps_growth_year": 50,
            "eps_4q": 1.53,
            "eps_4q_growth_year": 11.42,
            "roe": 1.97,
            "roe_4q": 11.56,
            "gross_profit": 237630,
            "gross_margin": 9.67,
            "gross_margin_4q_avg": 10.92,
            "net_income": 145490,
            "revenue": 2456237,
            "common_shares": 5476000,
            "book_valuer_per_share": 13.61,
            "book_valuer_per_share_4q_avg": 13.64,
            "equity": 7451204,
            "current_ratio": 158.39,
            "debt_ratio": 42.43,
            "inventory_turnover_ratio": 0.88,
            "account_receivable_turnover_ratio": null,
            "reinvestment_rate": null,
            "research_to_sale_ratio": null,
            "price_fair": 3.24,
            "eps_avg_yearly": 1.08,
            "eps_latest_yearly": 1.08,
            "eps_growth_yearly": -175
        },
        "20022": {
            "year_quarter": 20022,
            "year": 2002,
            "quarter": 2,
            "eps": 0.22,
            "eps_growth_year": -50,
            "eps_4q": 1.29,
            "eps_4q_growth_year": 1.76,
            "roe": 1.66,
            "roe_4q": 9.74,
            "gross_profit": 255646,
            "gross_margin": 9.91,
            "gross_margin_4q_avg": 10.65,
            "net_income": 119174,
            "revenue": 2580913,
            "common_shares": 5476000,
            "book_valuer_per_share": 12.59,
            "book_valuer_per_share_4q_avg": 13.14,
            "equity": 6892021,
            "current_ratio": 134.95,
            "debt_ratio": 46.4,
            "inventory_turnover_ratio": 1.13,
            "account_receivable_turnover_ratio": null,
            "reinvestment_rate": null,
            "research_to_sale_ratio": null,
            "price_fair": 2.94,
            "eps_avg_yearly": 0.98,
            "eps_latest_yearly": 0.88,
            "eps_growth_yearly": -124.54
        },
        "20023": {
            "year_quarter": 20023,
            "year": 2002,
            "quarter": 3,
            "eps": 0.37,
            "eps_growth_year": 15.62,
            "eps_4q": 1.33,
            "eps_4q_growth_year": -0.3,
            "roe": 2.89,
            "roe_4q": 10.16,
            "gross_profit": 302386,
            "gross_margin": 9.73,
            "gross_margin_4q_avg": 10.19,
            "net_income": 202817,
            "revenue": 3108472,
            "common_shares": 5476000,
            "book_valuer_per_share": 13.02,
            "book_valuer_per_share_4q_avg": 13.15,
            "equity": 7129159,
            "current_ratio": 144.17,
            "debt_ratio": 43.71,
            "inventory_turnover_ratio": 1.52,
            "account_receivable_turnover_ratio": null,
            "reinvestment_rate": null,
            "research_to_sale_ratio": null,
            "price_fair": 20.51,
            "eps_avg_yearly": 1.15,
            "eps_latest_yearly": 1.48,
            "eps_growth_yearly": 7.88
        },
        "20024": {
            "year_quarter": 20024,
            "year": 2002,
            "quarter": 4,
            "eps": 0.48,
            "eps_growth_year": 0,
            "eps_4q": 1.34,
            "eps_4q_growth_year": -4.24,
            "roe": 3.64,
            "roe_4q": 10.16,
            "gross_profit": 273689,
            "gross_margin": 7.81,
            "gross_margin_4q_avg": 9.28,
            "net_income": 262204,
            "revenue": 3506329,
            "common_shares": 5476000,
            "book_valuer_per_share": 13.3,
            "book_valuer_per_share_4q_avg": 13.13,
            "equity": 7297404,
            "current_ratio": 142.46,
            "debt_ratio": 51.03,
            "inventory_turnover_ratio": 1.23,
            "account_receivable_turnover_ratio": null,
            "reinvestment_rate": 39.02,
            "research_to_sale_ratio": null,
            "price_fair": 46.9,
            "eps_avg_yearly": 1.34,
            "eps_latest_yearly": 1.92,
            "eps_growth_yearly": 35.64
        },
        "20031": {
            "year_quarter": 20031,
            "year": 2003,
            "quarter": 1,
            "eps": 0.37,
            "eps_growth_year": 37.04,
            "eps_4q": 1.44,
            "eps_4q_growth_year": -5.68,
            "roe": 2.74,
            "roe_4q": 10.930000000000001,
            "gross_profit": 240411,
            "gross_margin": 8.33,
            "gross_margin_4q_avg": 8.95,
            "net_income": 202192,
            "revenue": 2887339,
            "common_shares": 5476000,
            "book_valuer_per_share": 13.59,
            "book_valuer_per_share_4q_avg": 13.13,
            "equity": 7439190,
            "current_ratio": 202.54,
            "debt_ratio": 47.13,
            "inventory_turnover_ratio": 0.96,
            "account_receivable_turnover_ratio": null,
            "reinvestment_rate": -2.28,
            "research_to_sale_ratio": null,
            "price_fair": 27.61,
            "eps_avg_yearly": 1.37,
            "eps_latest_yearly": 1.48,
            "eps_growth_yearly": 10.18
        },
        "20032": {
            "year_quarter": 20032,
            "year": 2003,
            "quarter": 2,
            "eps": 0.29,
            "eps_growth_year": 31.82,
            "eps_4q": 1.52,
            "eps_4q_growth_year": 17.52,
            "roe": 2.17,
            "roe_4q": 11.440000000000001,
            "gross_profit": 261382,
            "gross_margin": 8.37,
            "gross_margin_4q_avg": 8.56,
            "net_income": 157208,
            "revenue": 3124382,
            "common_shares": 5476000,
            "book_valuer_per_share": 12.81,
            "book_valuer_per_share_4q_avg": 13.18,
            "equity": 7017308,
            "current_ratio": 176.38,
            "debt_ratio": 51.05,
            "inventory_turnover_ratio": 1.3,
            "account_receivable_turnover_ratio": null,
            "reinvestment_rate": -3.58,
            "research_to_sale_ratio": null,
            "price_fair": 4,
            "eps_avg_yearly": 1.33,
            "eps_latest_yearly": 1.16,
            "eps_growth_yearly": -5.93
        },
        "20033": {
            "year_quarter": 20033,
            "year": 2003,
            "quarter": 3,
            "eps": 0.4,
            "eps_growth_year": 8.11,
            "eps_4q": 1.54,
            "eps_4q_growth_year": 15.76,
            "roe": 3.06,
            "roe_4q": 11.610000000000001,
            "gross_profit": 256456,
            "gross_margin": 8.43,
            "gross_margin_4q_avg": 8.24,
            "net_income": 217662,
            "revenue": 3042528,
            "common_shares": 5476000,
            "book_valuer_per_share": 13.19,
            "book_valuer_per_share_4q_avg": 13.22,
            "equity": 7223458,
            "current_ratio": 178.97,
            "debt_ratio": 50.45,
            "inventory_turnover_ratio": 1.13,
            "account_receivable_turnover_ratio": null,
            "reinvestment_rate": -2.11,
            "research_to_sale_ratio": null,
            "price_fair": 36.47,
            "eps_avg_yearly": 1.37,
            "eps_latest_yearly": 1.6,
            "eps_growth_yearly": 16.59
        },
        "20034": {
            "year_quarter": 20034,
            "year": 2003,
            "quarter": 4,
            "eps": 0.4,
            "eps_growth_year": -16.67,
            "eps_4q": 1.46,
            "eps_4q_growth_year": 9.39,
            "roe": 2.93,
            "roe_4q": 10.9,
            "gross_profit": 250715,
            "gross_margin": 7.87,
            "gross_margin_4q_avg": 8.25,
            "net_income": 217499,
            "revenue": 3184079,
            "common_shares": 5527736,
            "book_valuer_per_share": 13.71,
            "book_valuer_per_share_4q_avg": 13.33,
            "equity": 7608579,
            "current_ratio": 157.98,
            "debt_ratio": 60.97,
            "inventory_turnover_ratio": 0.95,
            "account_receivable_turnover_ratio": null,
            "reinvestment_rate": 65.31,
            "research_to_sale_ratio": null,
            "price_fair": 34.33,
            "eps_avg_yearly": 1.4,
            "eps_latest_yearly": 1.6,
            "eps_growth_yearly": 14.52
        },
        "20041": {
            "year_quarter": 20041,
            "year": 2004,
            "quarter": 1,
            "eps": 0.33,
            "eps_growth_year": -10.81,
            "eps_4q": 1.4,
            "eps_4q_growth_year": -2.38,
            "roe": 2.3,
            "roe_4q": 10.46,
            "gross_profit": 214427,
            "gross_margin": 7.38,
            "gross_margin_4q_avg": 8.01,
            "net_income": 181884,
            "revenue": 2905970,
            "common_shares": 5716205,
            "book_valuer_per_share": 14.32,
            "book_valuer_per_share_4q_avg": 13.51,
            "equity": 8186342,
            "current_ratio": 130.83,
            "debt_ratio": 53.82,
            "inventory_turnover_ratio": 0.79,
            "account_receivable_turnover_ratio": null,
            "reinvestment_rate": -2.2,
            "research_to_sale_ratio": null,
            "price_fair": 21.04,
            "eps_avg_yearly": 1.39,
            "eps_latest_yearly": 1.32,
            "eps_growth_yearly": 5.13
        },
        "20042": {
            "year_quarter": 20042,
            "year": 2004,
            "quarter": 2,
            "eps": 0.26,
            "eps_growth_year": -10.34,
            "eps_4q": 1.35,
            "eps_4q_growth_year": -11.41,
            "roe": 1.85,
            "roe_4q": 10.14,
            "gross_profit": 204152,
            "gross_margin": 6.71,
            "gross_margin_4q_avg": 7.6,
            "net_income": 147545,
            "revenue": 3042161,
            "common_shares": 5716205,
            "book_valuer_per_share": 13.51,
            "book_valuer_per_share_4q_avg": 13.68,
            "equity": 7724982,
            "current_ratio": 141.38,
            "debt_ratio": 58.1,
            "inventory_turnover_ratio": 0.9,
            "account_receivable_turnover_ratio": null,
            "reinvestment_rate": -1.88,
            "research_to_sale_ratio": null,
            "price_fair": 4.07,
            "eps_avg_yearly": 1.36,
            "eps_latest_yearly": 1.04,
            "eps_growth_yearly": -3.87
        },
        "20043": {
            "year_quarter": 20043,
            "year": 2004,
            "quarter": 3,
            "eps": 0.37,
            "eps_growth_year": -7.5,
            "eps_4q": 1.33,
            "eps_4q_growth_year": -13.65,
            "roe": 2.69,
            "roe_4q": 9.77,
            "gross_profit": 199544,
            "gross_margin": 5.77,
            "gross_margin_4q_avg": 6.93,
            "net_income": 210415,
            "revenue": 3457501,
            "common_shares": 5804205,
            "book_valuer_per_share": 13.66,
            "book_valuer_per_share_4q_avg": 13.8,
            "equity": 7925696,
            "current_ratio": 144.32,
            "debt_ratio": 57.55,
            "inventory_turnover_ratio": 1.13,
            "account_receivable_turnover_ratio": null,
            "reinvestment_rate": -1.8,
            "research_to_sale_ratio": null,
            "price_fair": 29.9,
            "eps_avg_yearly": 1.37,
            "eps_latest_yearly": 1.48,
            "eps_growth_yearly": 11.87
        },
        "20044": {
            "year_quarter": 20044,
            "year": 2004,
            "quarter": 4,
            "eps": 0.18,
            "eps_growth_year": -55,
            "eps_4q": 1.14,
            "eps_4q_growth_year": -22.26,
            "roe": 1.28,
            "roe_4q": 8.120000000000001,
            "gross_profit": 26539,
            "gross_margin": 0.55,
            "gross_margin_4q_avg": 5.1,
            "net_income": 101638,
            "revenue": 4805573,
            "common_shares": 5804205,
            "book_valuer_per_share": 13.66,
            "book_valuer_per_share_4q_avg": 13.79,
            "equity": 7964517,
            "current_ratio": 136.22,
            "debt_ratio": 65.39,
            "inventory_turnover_ratio": 1.23,
            "account_receivable_turnover_ratio": null,
            "reinvestment_rate": 87.82,
            "research_to_sale_ratio": null,
            "price_fair": 3.94,
            "eps_avg_yearly": 1.31,
            "eps_latest_yearly": 0.72,
            "eps_growth_yearly": -6.24
        },
        "20051": {
            "year_quarter": 20051,
            "year": 2005,
            "quarter": 1,
            "eps": 0.16,
            "eps_growth_year": -51.52,
            "eps_4q": 0.95,
            "eps_4q_growth_year": -32.72,
            "roe": 1.17,
            "roe_4q": 6.99,
            "gross_profit": 185486,
            "gross_margin": 4.8,
            "gross_margin_4q_avg": 4.46,
            "net_income": 93662,
            "revenue": 3867209,
            "common_shares": 5804205,
            "book_valuer_per_share": 13.82,
            "book_valuer_per_share_4q_avg": 13.66,
            "equity": 8023164,
            "current_ratio": 128.91,
            "debt_ratio": 55.95,
            "inventory_turnover_ratio": 0.83,
            "account_receivable_turnover_ratio": null,
            "reinvestment_rate": -0.92,
            "research_to_sale_ratio": null,
            "price_fair": 3.78,
            "eps_avg_yearly": 1.26,
            "eps_latest_yearly": 0.64,
            "eps_growth_yearly": -9.18
        },
        "20052": {
            "year_quarter": 20052,
            "year": 2005,
            "quarter": 2,
            "eps": 0.5,
            "eps_growth_year": 92.31,
            "eps_4q": 1.2,
            "eps_4q_growth_year": -11.06,
            "roe": 3.65,
            "roe_4q": 8.790000000000001,
            "gross_profit": 251777,
            "gross_margin": 4.76,
            "gross_margin_4q_avg": 3.97,
            "net_income": 290513,
            "revenue": 5292589,
            "common_shares": 5804205,
            "book_valuer_per_share": 13.6,
            "book_valuer_per_share_4q_avg": 13.69,
            "equity": 7893818,
            "current_ratio": 128.58,
            "debt_ratio": 54.9,
            "inventory_turnover_ratio": 1.19,
            "account_receivable_turnover_ratio": null,
            "reinvestment_rate": -0.97,
            "research_to_sale_ratio": null,
            "price_fair": 46,
            "eps_avg_yearly": 1.31,
            "eps_latest_yearly": 2,
            "eps_growth_yearly": 52.19
        },
        "20053": {
            "year_quarter": 20053,
            "year": 2005,
            "quarter": 3,
            "eps": 0.38,
            "eps_growth_year": 2.7,
            "eps_4q": 1.21,
            "eps_4q_growth_year": -9.23,
            "roe": 2.78,
            "roe_4q": 8.879999999999999,
            "gross_profit": 290278,
            "gross_margin": 6.09,
            "gross_margin_4q_avg": 4.05,
            "net_income": 222742,
            "revenue": 4765343,
            "common_shares": 5892183,
            "book_valuer_per_share": 13.81,
            "book_valuer_per_share_4q_avg": 13.72,
            "equity": 8137047,
            "current_ratio": 134.85,
            "debt_ratio": 52.83,
            "inventory_turnover_ratio": 1.08,
            "account_receivable_turnover_ratio": null,
            "reinvestment_rate": -0.94,
            "research_to_sale_ratio": null,
            "price_fair": 46.48,
            "eps_avg_yearly": 1.33,
            "eps_latest_yearly": 1.52,
            "eps_growth_yearly": 42.31
        },
        "20054": {
            "year_quarter": 20054,
            "year": 2005,
            "quarter": 4,
            "eps": 0.29,
            "eps_growth_year": 61.11,
            "eps_4q": 1.34,
            "eps_4q_growth_year": 17.52,
            "roe": 2.02,
            "roe_4q": 9.62,
            "gross_profit": 133396,
            "gross_margin": 2.17,
            "gross_margin_4q_avg": 4.46,
            "net_income": 168402,
            "revenue": 6153343,
            "common_shares": 5892183,
            "book_valuer_per_share": 14.08,
            "book_valuer_per_share_4q_avg": 13.83,
            "equity": 8572495,
            "current_ratio": 130.02,
            "debt_ratio": 67.51,
            "inventory_turnover_ratio": 1.08,
            "account_receivable_turnover_ratio": null,
            "reinvestment_rate": 114.54,
            "research_to_sale_ratio": null,
            "price_fair": 46.11,
            "eps_avg_yearly": 1.32,
            "eps_latest_yearly": 1.16,
            "eps_growth_yearly": 33.75
        },
        "20061": {
            "year_quarter": 20061,
            "year": 2006,
            "quarter": 1,
            "eps": 0.41,
            "eps_growth_year": 156.25,
            "eps_4q": 1.56,
            "eps_4q_growth_year": 64.78,
            "roe": 2.83,
            "roe_4q": 11.28,
            "gross_profit": 212222,
            "gross_margin": 4.56,
            "gross_margin_4q_avg": 4.4,
            "net_income": 243585,
            "revenue": 4653271,
            "common_shares": 5892183,
            "book_valuer_per_share": 14.62,
            "book_valuer_per_share_4q_avg": 14.03,
            "equity": 8612607,
            "current_ratio": 130.74,
            "debt_ratio": 53.4,
            "inventory_turnover_ratio": 0.74,
            "account_receivable_turnover_ratio": null,
            "reinvestment_rate": -0.31,
            "research_to_sale_ratio": null,
            "price_fair": 47.34,
            "eps_avg_yearly": 1.35,
            "eps_latest_yearly": 1.64,
            "eps_growth_yearly": 55.03
        },
        "20062": {
            "year_quarter": 20062,
            "year": 2006,
            "quarter": 2,
            "eps": 0.28,
            "eps_growth_year": -44,
            "eps_4q": 1.35,
            "eps_4q_growth_year": 12.75,
            "roe": 1.97,
            "roe_4q": 9.6,
            "gross_profit": 206457,
            "gross_margin": 3.58,
            "gross_margin_4q_avg": 4.1,
            "net_income": 165932,
            "revenue": 5759750,
            "common_shares": 5892183,
            "book_valuer_per_share": 13.92,
            "book_valuer_per_share_4q_avg": 14.11,
            "equity": 8201697,
            "current_ratio": 136.61,
            "debt_ratio": 55.26,
            "inventory_turnover_ratio": 1.12,
            "account_receivable_turnover_ratio": null,
            "reinvestment_rate": -0.37,
            "research_to_sale_ratio": null,
            "price_fair": 47.86,
            "eps_avg_yearly": 1.37,
            "eps_latest_yearly": 1.12,
            "eps_growth_yearly": 51.73
        },
        "20063": {
            "year_quarter": 20063,
            "year": 2006,
            "quarter": 3,
            "eps": 0.46,
            "eps_growth_year": 21.05,
            "eps_4q": 1.44,
            "eps_4q_growth_year": 18.95,
            "roe": 3.26,
            "roe_4q": 10.079999999999998,
            "gross_profit": 233080,
            "gross_margin": 4.05,
            "gross_margin_4q_avg": 3.59,
            "net_income": 271852,
            "revenue": 5754539,
            "common_shares": 5980000,
            "book_valuer_per_share": 14.18,
            "book_valuer_per_share_4q_avg": 14.2,
            "equity": 8482195,
            "current_ratio": 131.63,
            "debt_ratio": 57.63,
            "inventory_turnover_ratio": 0.97,
            "account_receivable_turnover_ratio": null,
            "reinvestment_rate": 0.03,
            "research_to_sale_ratio": null,
            "price_fair": 48.65,
            "eps_avg_yearly": 1.39,
            "eps_latest_yearly": 1.84,
            "eps_growth_yearly": 50.76
        },
        "20064": {
            "year_quarter": 20064,
            "year": 2006,
            "quarter": 4,
            "eps": 0.53,
            "eps_growth_year": 82.76,
            "eps_4q": 1.67,
            "eps_4q_growth_year": 25.38,
            "roe": 3.56,
            "roe_4q": 11.620000000000001,
            "gross_profit": 289270,
            "gross_margin": 4.03,
            "gross_margin_4q_avg": 4.06,
            "net_income": 315660,
            "revenue": 7175407,
            "common_shares": 5980000,
            "book_valuer_per_share": 14.74,
            "book_valuer_per_share_4q_avg": 14.37,
            "equity": 9272714,
            "current_ratio": 127.81,
            "debt_ratio": 72.09,
            "inventory_turnover_ratio": 0.88,
            "account_receivable_turnover_ratio": null,
            "reinvestment_rate": 117.02,
            "research_to_sale_ratio": null,
            "price_fair": 49.09,
            "eps_avg_yearly": 1.4,
            "eps_latest_yearly": 2.12,
            "eps_growth_yearly": 47.13
        },
        "20071": {
            "year_quarter": 20071,
            "year": 2007,
            "quarter": 1,
            "eps": 0.41,
            "eps_growth_year": 0,
            "eps_4q": 1.68,
            "eps_4q_growth_year": 7.71,
            "roe": 2.66,
            "roe_4q": 11.450000000000001,
            "gross_profit": 243771,
            "gross_margin": 4.17,
            "gross_margin_4q_avg": 3.96,
            "net_income": 243740,
            "revenue": 5852237,
            "common_shares": 5980000,
            "book_valuer_per_share": 15.18,
            "book_valuer_per_share_4q_avg": 14.51,
            "equity": 9080587,
            "current_ratio": 142.38,
            "debt_ratio": 55.16,
            "inventory_turnover_ratio": 0.68,
            "account_receivable_turnover_ratio": null,
            "reinvestment_rate": -0.06,
            "research_to_sale_ratio": null,
            "price_fair": 49.44,
            "eps_avg_yearly": 1.41,
            "eps_latest_yearly": 1.64,
            "eps_growth_yearly": 47.2
        },
        "20072": {
            "year_quarter": 20072,
            "year": 2007,
            "quarter": 2,
            "eps": 0.12,
            "eps_growth_year": -57.14,
            "eps_4q": 1.51,
            "eps_4q_growth_year": 11.8,
            "roe": 0.82,
            "roe_4q": 10.3,
            "gross_profit": 258819,
            "gross_margin": 4.09,
            "gross_margin_4q_avg": 4.09,
            "net_income": 71739,
            "revenue": 6330458,
            "common_shares": 5980000,
            "book_valuer_per_share": 14.04,
            "book_valuer_per_share_4q_avg": 14.54,
            "equity": 8393037,
            "current_ratio": 151.98,
            "debt_ratio": 57.53,
            "inventory_turnover_ratio": 0.91,
            "account_receivable_turnover_ratio": null,
            "reinvestment_rate": -28.94,
            "research_to_sale_ratio": null,
            "price_fair": 47.95,
            "eps_avg_yearly": 1.37,
            "eps_latest_yearly": 0.48,
            "eps_growth_yearly": 34.92
        },
        "20073": {
            "year_quarter": 20073,
            "year": 2007,
            "quarter": 3,
            "eps": 0.75,
            "eps_growth_year": 63.04,
            "eps_4q": 1.77,
            "eps_4q_growth_year": 23.12,
            "roe": 5.37,
            "roe_4q": 12.410000000000002,
            "gross_profit": 321025,
            "gross_margin": 5.1,
            "gross_margin_4q_avg": 4.35,
            "net_income": 463894,
            "revenue": 6297035,
            "common_shares": 6167100,
            "book_valuer_per_share": 14.4,
            "book_valuer_per_share_4q_avg": 14.59,
            "equity": 8878216,
            "current_ratio": 166.37,
            "debt_ratio": 56.31,
            "inventory_turnover_ratio": 0.84,
            "account_receivable_turnover_ratio": null,
            "reinvestment_rate": -26.68,
            "research_to_sale_ratio": null,
            "price_fair": 51.01,
            "eps_avg_yearly": 1.46,
            "eps_latest_yearly": 3,
            "eps_growth_yearly": 156.69
        },
        "20074": {
            "year_quarter": 20074,
            "year": 2007,
            "quarter": 4,
            "eps": 0.86,
            "eps_growth_year": 62.26,
            "eps_4q": 2.13,
            "eps_4q_growth_year": 27.24,
            "roe": 5.57,
            "roe_4q": 14.420000000000002,
            "gross_profit": 579077,
            "gross_margin": 7.55,
            "gross_margin_4q_avg": 5.23,
            "net_income": 527751,
            "revenue": 7674208,
            "common_shares": 6167100,
            "book_valuer_per_share": 15.4,
            "book_valuer_per_share_4q_avg": 14.76,
            "equity": 10057496,
            "current_ratio": 133.29,
            "debt_ratio": 75.61,
            "inventory_turnover_ratio": 0.68,
            "account_receivable_turnover_ratio": null,
            "reinvestment_rate": 79.26,
            "research_to_sale_ratio": null,
            "price_fair": 55.04,
            "eps_avg_yearly": 1.57,
            "eps_latest_yearly": 3.44,
            "eps_growth_yearly": 160.35
        },
        "20081": {
            "year_quarter": 20081,
            "year": 2008,
            "quarter": 1,
            "eps": 0.58,
            "eps_growth_year": 41.46,
            "eps_4q": 2.12,
            "eps_4q_growth_year": 26.4,
            "roe": 3.8,
            "roe_4q": 15.560000000000002,
            "gross_profit": 893554,
            "gross_margin": 8.23,
            "gross_margin_4q_avg": 6.24,
            "net_income": 388497,
            "revenue": 10852707,
            "common_shares": 6167100,
            "book_valuer_per_share": 15.95,
            "book_valuer_per_share_4q_avg": 14.95,
            "equity": 10407820,
            "current_ratio": 134.85,
            "debt_ratio": 74.94,
            "inventory_turnover_ratio": 0.8,
            "account_receivable_turnover_ratio": null,
            "reinvestment_rate": 146.39,
            "research_to_sale_ratio": null,
            "price_fair": 57.23,
            "eps_avg_yearly": 1.64,
            "eps_latest_yearly": 2.32,
            "eps_growth_yearly": 156.59
        },
        "20082": {
            "year_quarter": 20082,
            "year": 2008,
            "quarter": 2,
            "eps": 0.51,
            "eps_growth_year": 325,
            "eps_4q": 2.54,
            "eps_4q_growth_year": 68.02,
            "roe": 3.34,
            "roe_4q": 18.080000000000002,
            "gross_profit": 673285,
            "gross_margin": 5.64,
            "gross_margin_4q_avg": 6.63,
            "net_income": 333522,
            "revenue": 11942783,
            "common_shares": 6167100,
            "book_valuer_per_share": 14.69,
            "book_valuer_per_share_4q_avg": 15.11,
            "equity": 9570292,
            "current_ratio": 136.51,
            "debt_ratio": 73.82,
            "inventory_turnover_ratio": 1.26,
            "account_receivable_turnover_ratio": null,
            "reinvestment_rate": 143.1,
            "research_to_sale_ratio": null,
            "price_fair": 59.41,
            "eps_avg_yearly": 1.7,
            "eps_latest_yearly": 2.04,
            "eps_growth_yearly": 158.88
        },
        "20083": {
            "year_quarter": 20083,
            "year": 2008,
            "quarter": 3,
            "eps": 0.65,
            "eps_growth_year": -13.33,
            "eps_4q": 2.35,
            "eps_4q_growth_year": 32.52,
            "roe": 4.56,
            "roe_4q": 17.27,
            "gross_profit": 844335,
            "gross_margin": 6.91,
            "gross_margin_4q_avg": 7.08,
            "net_income": 443904,
            "revenue": 12215618,
            "common_shares": 6314380,
            "book_valuer_per_share": 14.82,
            "book_valuer_per_share_4q_avg": 15.22,
            "equity": 9910161,
            "current_ratio": 127.46,
            "debt_ratio": 76.86,
            "inventory_turnover_ratio": 1.3,
            "account_receivable_turnover_ratio": null,
            "reinvestment_rate": 136.78,
            "research_to_sale_ratio": null,
            "price_fair": 61.86,
            "eps_avg_yearly": 1.77,
            "eps_latest_yearly": 2.6,
            "eps_growth_yearly": 155.16
        },
        "20084": {
            "year_quarter": 20084,
            "year": 2008,
            "quarter": 4,
            "eps": 0.7,
            "eps_growth_year": -18.6,
            "eps_4q": 2.38,
            "eps_4q_growth_year": 11.81,
            "roe": 4.3,
            "roe_4q": 16,
            "gross_profit": 958185,
            "gross_margin": 5.56,
            "gross_margin_4q_avg": 6.59,
            "net_income": 445570,
            "revenue": 17232532,
            "common_shares": 6314380,
            "book_valuer_per_share": 15.7,
            "book_valuer_per_share_4q_avg": 15.29,
            "equity": 10801412,
            "current_ratio": 128.27,
            "debt_ratio": 73.27,
            "inventory_turnover_ratio": 1.52,
            "account_receivable_turnover_ratio": null,
            "reinvestment_rate": 80.16,
            "research_to_sale_ratio": null,
            "price_fair": 66.41,
            "eps_avg_yearly": 1.9,
            "eps_latest_yearly": 2.8,
            "eps_growth_yearly": 169.92
        },
        "20091": {
            "year_quarter": 20091,
            "year": 2009,
            "quarter": 1,
            "eps": 0.65,
            "eps_growth_year": 12.07,
            "eps_4q": 2.29,
            "eps_4q_growth_year": 7.81,
            "roe": 4.04,
            "roe_4q": 16.24,
            "gross_profit": 842357,
            "gross_margin": 7.86,
            "gross_margin_4q_avg": 6.49,
            "net_income": 446185,
            "revenue": 10711772,
            "common_shares": 6314380,
            "book_valuer_per_share": 16.42,
            "book_valuer_per_share_4q_avg": 15.41,
            "equity": 11314534,
            "current_ratio": 129.3,
            "debt_ratio": 71.55,
            "inventory_turnover_ratio": 0.92,
            "account_receivable_turnover_ratio": 5.82,
            "reinvestment_rate": 129.63,
            "research_to_sale_ratio": null,
            "price_fair": 70.7,
            "eps_avg_yearly": 2.02,
            "eps_latest_yearly": 2.6,
            "eps_growth_yearly": 170.91
        },
        "20092": {
            "year_quarter": 20092,
            "year": 2009,
            "quarter": 2,
            "eps": 0.44,
            "eps_growth_year": -13.73,
            "eps_4q": 2.08,
            "eps_4q_growth_year": -17.97,
            "roe": 2.99,
            "roe_4q": 15.89,
            "gross_profit": 742190,
            "gross_margin": 7.22,
            "gross_margin_4q_avg": 6.89,
            "net_income": 324885,
            "revenue": 10281055,
            "common_shares": 6314380,
            "book_valuer_per_share": 15.08,
            "book_valuer_per_share_4q_avg": 15.51,
            "equity": 10410194,
            "current_ratio": 126.43,
            "debt_ratio": 75.99,
            "inventory_turnover_ratio": 0.84,
            "account_receivable_turnover_ratio": 2.89,
            "reinvestment_rate": 178.9,
            "research_to_sale_ratio": null,
            "price_fair": 70.18,
            "eps_avg_yearly": 2.01,
            "eps_latest_yearly": 1.76,
            "eps_growth_yearly": 109.71
        },
        "20093": {
            "year_quarter": 20093,
            "year": 2009,
            "quarter": 3,
            "eps": 1.06,
            "eps_growth_year": 63.08,
            "eps_4q": 2.67,
            "eps_4q_growth_year": 13.85,
            "roe": 6.46,
            "roe_4q": 17.79,
            "gross_profit": 1228957,
            "gross_margin": 10.43,
            "gross_margin_4q_avg": 7.77,
            "net_income": 715061,
            "revenue": 11783901,
            "common_shares": 6329725,
            "book_valuer_per_share": 17.08,
            "book_valuer_per_share_4q_avg": 16.07,
            "equity": 11730120,
            "current_ratio": 128.91,
            "debt_ratio": 73.57,
            "inventory_turnover_ratio": 0.95,
            "account_receivable_turnover_ratio": 3.43,
            "reinvestment_rate": 173.8,
            "research_to_sale_ratio": null,
            "price_fair": 76.13,
            "eps_avg_yearly": 2.18,
            "eps_latest_yearly": 4.24,
            "eps_growth_yearly": 150.94
        },
        "20094": {
            "year_quarter": 20094,
            "year": 2009,
            "quarter": 4,
            "eps": 0.52,
            "eps_growth_year": -25.71,
            "eps_4q": 2.45,
            "eps_4q_growth_year": 3.05,
            "roe": 3,
            "roe_4q": 16.490000000000002,
            "gross_profit": 854834,
            "gross_margin": 5.97,
            "gross_margin_4q_avg": 7.87,
            "net_income": 358535,
            "revenue": 14321616,
            "common_shares": 6567454,
            "book_valuer_per_share": 17.1,
            "book_valuer_per_share_4q_avg": 16.42,
            "equity": 12193710,
            "current_ratio": 128.89,
            "debt_ratio": 71.99,
            "inventory_turnover_ratio": 1.55,
            "account_receivable_turnover_ratio": 3.31,
            "reinvestment_rate": 105.24,
            "research_to_sale_ratio": null,
            "price_fair": 78.14,
            "eps_avg_yearly": 2.23,
            "eps_latest_yearly": 2.08,
            "eps_growth_yearly": 144.12
        },
        "20101": {
            "year_quarter": 20101,
            "year": 2010,
            "quarter": 1,
            "eps": 0.37,
            "eps_growth_year": -43.08,
            "eps_4q": 2.29,
            "eps_4q_growth_year": 0.08,
            "roe": 2.34,
            "roe_4q": 14.790000000000001,
            "gross_profit": 737671,
            "gross_margin": 8.84,
            "gross_margin_4q_avg": 8.12,
            "net_income": 291900,
            "revenue": 8348902,
            "common_shares": 6592048,
            "book_valuer_per_share": 17.61,
            "book_valuer_per_share_4q_avg": 16.72,
            "equity": 12765228,
            "current_ratio": 127.54,
            "debt_ratio": 72.82,
            "inventory_turnover_ratio": 2.25,
            "account_receivable_turnover_ratio": 3.82,
            "reinvestment_rate": 187.59,
            "research_to_sale_ratio": 0.26,
            "price_fair": 77.79,
            "eps_avg_yearly": 2.22,
            "eps_latest_yearly": 1.48,
            "eps_growth_yearly": 126.57
        },
        "20102": {
            "year_quarter": 20102,
            "year": 2010,
            "quarter": 2,
            "eps": 0.71,
            "eps_growth_year": 62.05,
            "eps_4q": 2.57,
            "eps_4q_growth_year": 23.56,
            "roe": 4.32,
            "roe_4q": 16.12,
            "gross_profit": 1052368,
            "gross_margin": 9.05,
            "gross_margin_4q_avg": 8.57,
            "net_income": 537430,
            "revenue": 11623888,
            "common_shares": 6690984,
            "book_valuer_per_share": 16.29,
            "book_valuer_per_share_4q_avg": 17.02,
            "equity": 12128607,
            "current_ratio": 119.04,
            "debt_ratio": 76.59,
            "inventory_turnover_ratio": 211.96,
            "account_receivable_turnover_ratio": 2.73,
            "reinvestment_rate": 178.33,
            "research_to_sale_ratio": 0.24,
            "price_fair": 81.55,
            "eps_avg_yearly": 2.33,
            "eps_latest_yearly": 2.84,
            "eps_growth_yearly": 157.47
        },
        "20103": {
            "year_quarter": 20103,
            "year": 2010,
            "quarter": 3,
            "eps": 0.8,
            "eps_growth_year": -24.91,
            "eps_4q": 2.32,
            "eps_4q_growth_year": -13.07,
            "roe": 5.01,
            "roe_4q": 14.67,
            "gross_profit": 1090903,
            "gross_margin": 8.24,
            "gross_margin_4q_avg": 8.03,
            "net_income": 637551,
            "revenue": 13245030,
            "common_shares": 6774551,
            "book_valuer_per_share": 17.36,
            "book_valuer_per_share_4q_avg": 17.09,
            "equity": 13309031,
            "current_ratio": 122.55,
            "debt_ratio": 74.47,
            "inventory_turnover_ratio": 196.16,
            "account_receivable_turnover_ratio": 3.24,
            "reinvestment_rate": 169.86,
            "research_to_sale_ratio": 0.25,
            "price_fair": 84.53,
            "eps_avg_yearly": 2.42,
            "eps_latest_yearly": 3.2,
            "eps_growth_yearly": 144.57
        },
        "20104": {
            "year_quarter": 20104,
            "year": 2010,
            "quarter": 4,
            "eps": 0.98,
            "eps_growth_year": 89.36,
            "eps_4q": 2.81,
            "eps_4q_growth_year": 14.59,
            "roe": 5.46,
            "roe_4q": 17.13,
            "gross_profit": 1408928,
            "gross_margin": 7.55,
            "gross_margin_4q_avg": 8.42,
            "net_income": 750866,
            "revenue": 18660117,
            "common_shares": 6950086,
            "book_valuer_per_share": 18.47,
            "book_valuer_per_share_4q_avg": 17.43,
            "equity": 14200197,
            "current_ratio": 129.85,
            "debt_ratio": 71.25,
            "inventory_turnover_ratio": 195.21,
            "account_receivable_turnover_ratio": 4.56,
            "reinvestment_rate": 82.37,
            "research_to_sale_ratio": 0.18,
            "price_fair": 88.46,
            "eps_avg_yearly": 2.53,
            "eps_latest_yearly": 3.92,
            "eps_growth_yearly": 146.39
        },
        "20111": {
            "year_quarter": 20111,
            "year": 2011,
            "quarter": 1,
            "eps": 0.69,
            "eps_growth_year": 86.49,
            "eps_4q": 3.14,
            "eps_4q_growth_year": 37.27,
            "roe": 3.75,
            "roe_4q": 18.54,
            "gross_profit": 935274,
            "gross_margin": 9.06,
            "gross_margin_4q_avg": 8.48,
            "net_income": 550362,
            "revenue": 10325774,
            "common_shares": 6999589,
            "book_valuer_per_share": 19.5,
            "book_valuer_per_share_4q_avg": 17.91,
            "equity": 15158094,
            "current_ratio": 133.4,
            "debt_ratio": 69.69,
            "inventory_turnover_ratio": 80.13,
            "account_receivable_turnover_ratio": 2.31,
            "reinvestment_rate": 153.83,
            "research_to_sale_ratio": 0.3,
            "price_fair": 90.91,
            "eps_avg_yearly": 2.6,
            "eps_latest_yearly": 2.76,
            "eps_growth_yearly": 144.65
        },
        "20112": {
            "year_quarter": 20112,
            "year": 2011,
            "quarter": 2,
            "eps": 0.91,
            "eps_growth_year": 27.22,
            "eps_4q": 3.36,
            "eps_4q_growth_year": 30.6,
            "roe": 5.07,
            "roe_4q": 19.29,
            "gross_profit": 1290763,
            "gross_margin": 9.55,
            "gross_margin_4q_avg": 8.6,
            "net_income": 741045,
            "revenue": 13517414,
            "common_shares": 7007474,
            "book_valuer_per_share": 18.07,
            "book_valuer_per_share_4q_avg": 18.35,
            "equity": 14093589,
            "current_ratio": 128.43,
            "debt_ratio": 71.82,
            "inventory_turnover_ratio": 81.66,
            "account_receivable_turnover_ratio": 2.92,
            "reinvestment_rate": 151.07,
            "research_to_sale_ratio": 0.25,
            "price_fair": 97.83,
            "eps_avg_yearly": 2.8,
            "eps_latest_yearly": 3.64,
            "eps_growth_yearly": 170.3
        },
        "20113": {
            "year_quarter": 20113,
            "year": 2011,
            "quarter": 3,
            "eps": 0.92,
            "eps_growth_year": 15.2,
            "eps_4q": 3.46,
            "eps_4q_growth_year": 48.88,
            "roe": 5.14,
            "roe_4q": 19.42,
            "gross_profit": 1189264,
            "gross_margin": 8.14,
            "gross_margin_4q_avg": 8.58,
            "net_income": 748483,
            "revenue": 14605795,
            "common_shares": 7097568,
            "book_valuer_per_share": 19.05,
            "book_valuer_per_share_4q_avg": 18.77,
            "equity": 15045644,
            "current_ratio": 131.68,
            "debt_ratio": 70.43,
            "inventory_turnover_ratio": 65.24,
            "account_receivable_turnover_ratio": 3.2,
            "reinvestment_rate": 151.73,
            "research_to_sale_ratio": 0.24,
            "price_fair": 99.31,
            "eps_avg_yearly": 2.84,
            "eps_latest_yearly": 3.68,
            "eps_growth_yearly": 39.33
        },
        "20114": {
            "year_quarter": 20114,
            "year": 2011,
            "quarter": 4,
            "eps": 0.7,
            "eps_growth_year": -28.57,
            "eps_4q": 3.18,
            "eps_4q_growth_year": 13.1,
            "roe": 3.71,
            "roe_4q": 17.67,
            "gross_profit": 1239870,
            "gross_margin": 6.95,
            "gross_margin_4q_avg": 8.43,
            "net_income": 572766,
            "revenue": 17830731,
            "common_shares": 7126540,
            "book_valuer_per_share": 19.91,
            "book_valuer_per_share_4q_avg": 19.13,
            "equity": 15797116,
            "current_ratio": 134.06,
            "debt_ratio": 69.54,
            "inventory_turnover_ratio": 71.56,
            "account_receivable_turnover_ratio": 3.75,
            "reinvestment_rate": 71.99,
            "research_to_sale_ratio": 0.17,
            "price_fair": 97.91,
            "eps_avg_yearly": 2.8,
            "eps_latest_yearly": 2.8,
            "eps_growth_yearly": 29.68
        },
        "20121": {
            "year_quarter": 20121,
            "year": 2012,
            "quarter": 1,
            "eps": 0.76,
            "eps_growth_year": 10.14,
            "eps_4q": 3.25,
            "eps_4q_growth_year": 3.62,
            "roe": 3.82,
            "roe_4q": 17.74,
            "gross_profit": 1052705,
            "gross_margin": 8.84,
            "gross_margin_4q_avg": 8.37,
            "net_income": 620213,
            "revenue": 11907332,
            "common_shares": 7156492,
            "book_valuer_per_share": 20.79,
            "book_valuer_per_share_4q_avg": 19.46,
            "equity": 16654667,
            "current_ratio": 141.6,
            "debt_ratio": 66.37,
            "inventory_turnover_ratio": 48.84,
            "account_receivable_turnover_ratio": 2.58,
            "reinvestment_rate": 63.08,
            "research_to_sale_ratio": 0.23,
            "price_fair": 99.49,
            "eps_avg_yearly": 2.84,
            "eps_latest_yearly": 3.04,
            "eps_growth_yearly": 39.97
        },
        "20122": {
            "year_quarter": 20122,
            "year": 2012,
            "quarter": 2,
            "eps": 0.93,
            "eps_growth_year": 2.03,
            "eps_4q": 3.28,
            "eps_4q_growth_year": -2.41,
            "roe": 4.81,
            "roe_4q": 17.48,
            "gross_profit": 1354193,
            "gross_margin": 9.49,
            "gross_margin_4q_avg": 8.36,
            "net_income": 767448,
            "revenue": 14264103,
            "common_shares": 7194770,
            "book_valuer_per_share": 19.02,
            "book_valuer_per_share_4q_avg": 19.69,
            "equity": 15284857,
            "current_ratio": 129.36,
            "debt_ratio": 71.34,
            "inventory_turnover_ratio": 78.99,
            "account_receivable_turnover_ratio": 2.63,
            "reinvestment_rate": 57.63,
            "research_to_sale_ratio": 0.17,
            "price_fair": 103.16,
            "eps_avg_yearly": 2.95,
            "eps_latest_yearly": 3.72,
            "eps_growth_yearly": 48.57
        },
        "20123": {
            "year_quarter": 20123,
            "year": 2012,
            "quarter": 3,
            "eps": 0.72,
            "eps_growth_year": -21.41,
            "eps_4q": 3.05,
            "eps_4q_growth_year": -11.64,
            "roe": 4.11,
            "roe_4q": 16.45,
            "gross_profit": 1213771,
            "gross_margin": 7.77,
            "gross_margin_4q_avg": 8.26,
            "net_income": 647022,
            "revenue": 15628845,
            "common_shares": 7319674,
            "book_valuer_per_share": 19.79,
            "book_valuer_per_share_4q_avg": 19.88,
            "equity": 16229776,
            "current_ratio": 136.81,
            "debt_ratio": 68.23,
            "inventory_turnover_ratio": 117.71,
            "account_receivable_turnover_ratio": 2.81,
            "reinvestment_rate": 54.67,
            "research_to_sale_ratio": 0.19,
            "price_fair": 103.78,
            "eps_avg_yearly": 2.97,
            "eps_latest_yearly": 2.88,
            "eps_growth_yearly": 36.07
        },
        "20124": {
            "year_quarter": 20124,
            "year": 2012,
            "quarter": 4,
            "eps": 0.9,
            "eps_growth_year": 28.09,
            "eps_4q": 3.26,
            "eps_4q_growth_year": 2.51,
            "roe": 4.46,
            "roe_4q": 17.2,
            "gross_profit": 1495397,
            "gross_margin": 7.9,
            "gross_margin_4q_avg": 8.5,
            "net_income": 745736,
            "revenue": 18938570,
            "common_shares": 7349960,
            "book_valuer_per_share": 20.84,
            "book_valuer_per_share_4q_avg": 20.11,
            "equity": 17175935,
            "current_ratio": 139.62,
            "debt_ratio": 67.06,
            "inventory_turnover_ratio": 166.76,
            "account_receivable_turnover_ratio": 4.38,
            "reinvestment_rate": 47.59,
            "research_to_sale_ratio": 0.17,
            "price_fair": 105.53,
            "eps_avg_yearly": 3.02,
            "eps_latest_yearly": 3.6,
            "eps_growth_yearly": 40.39
        },
        "20131": {
            "year_quarter": 20131,
            "year": 2013,
            "quarter": 1,
            "eps": 0.65,
            "eps_growth_year": -14.47,
            "eps_4q": 3.16,
            "eps_4q_growth_year": -3,
            "roe": 3.2,
            "roe_4q": 16.58,
            "gross_profit": 1038120,
            "gross_margin": 9.08,
            "gross_margin_4q_avg": 8.56,
            "net_income": 584007,
            "revenue": 11426922,
            "common_shares": 7384361,
            "book_valuer_per_share": 23.19,
            "book_valuer_per_share_4q_avg": 20.71,
            "equity": 19375111,
            "current_ratio": 143.7,
            "debt_ratio": 63.79,
            "inventory_turnover_ratio": 131.51,
            "account_receivable_turnover_ratio": 2.97,
            "reinvestment_rate": 8.92,
            "research_to_sale_ratio": 0.2,
            "price_fair": 105.53,
            "eps_avg_yearly": 3.02,
            "eps_latest_yearly": 2.6,
            "eps_growth_yearly": 35.23
        },
        "20132": {
            "year_quarter": 20132,
            "year": 2013,
            "quarter": 2,
            "eps": 0.59,
            "eps_growth_year": -36.25,
            "eps_4q": 2.83,
            "eps_4q_growth_year": -13.6,
            "roe": 2.72,
            "roe_4q": 14.489999999999998,
            "gross_profit": 1174538,
            "gross_margin": 8.93,
            "gross_margin_4q_avg": 8.42,
            "net_income": 501626,
            "revenue": 13153437,
            "common_shares": 7388919,
            "book_valuer_per_share": 20.95,
            "book_valuer_per_share_4q_avg": 21.19,
            "equity": 17529788,
            "current_ratio": 135.78,
            "debt_ratio": 66.17,
            "inventory_turnover_ratio": 121.06,
            "account_receivable_turnover_ratio": 2.57,
            "reinvestment_rate": -21,
            "research_to_sale_ratio": 0.19,
            "price_fair": 106.84,
            "eps_avg_yearly": 3.05,
            "eps_latest_yearly": 2.36,
            "eps_growth_yearly": 41
        },
        "20133": {
            "year_quarter": 20133,
            "year": 2013,
            "quarter": 3,
            "eps": 0.52,
            "eps_growth_year": -27.84,
            "eps_4q": 2.61,
            "eps_4q_growth_year": -14.54,
            "roe": 2.76,
            "roe_4q": 13.14,
            "gross_profit": 956079,
            "gross_margin": 7.65,
            "gross_margin_4q_avg": 8.39,
            "net_income": 495125,
            "revenue": 12505675,
            "common_shares": 7466643,
            "book_valuer_per_share": 21.61,
            "book_valuer_per_share_4q_avg": 21.65,
            "equity": 18400264,
            "current_ratio": 145.97,
            "debt_ratio": 62.39,
            "inventory_turnover_ratio": 107.22,
            "account_receivable_turnover_ratio": 1.67,
            "reinvestment_rate": -28.98,
            "research_to_sale_ratio": 0.25,
            "price_fair": 37.38,
            "eps_avg_yearly": 2.92,
            "eps_latest_yearly": 2.08,
            "eps_growth_yearly": 2.81
        },
        "20134": {
            "year_quarter": 20134,
            "year": 2013,
            "quarter": 4,
            "eps": 0.48,
            "eps_growth_year": -46.88,
            "eps_4q": 2.2,
            "eps_4q_growth_year": -32.52,
            "roe": 2.44,
            "roe_4q": 11.120000000000001,
            "gross_profit": 1048316,
            "gross_margin": 6.93,
            "gross_margin_4q_avg": 8.15,
            "net_income": 455018,
            "revenue": 15135924,
            "common_shares": 7474343,
            "book_valuer_per_share": 22.08,
            "book_valuer_per_share_4q_avg": 21.96,
            "equity": 18945489,
            "current_ratio": 148.5,
            "debt_ratio": 61.21,
            "inventory_turnover_ratio": 146.46,
            "account_receivable_turnover_ratio": 1.88,
            "reinvestment_rate": -28.74,
            "research_to_sale_ratio": 0.19,
            "price_fair": 68.69,
            "eps_avg_yearly": 2.91,
            "eps_latest_yearly": 1.92,
            "eps_growth_yearly": 13.62
        },
        "20141": {
            "year_quarter": 20141,
            "year": 2014,
            "quarter": 1,
            "eps": 0.51,
            "eps_growth_year": -21.54,
            "eps_4q": 2.07,
            "eps_4q_growth_year": -34.33,
            "roe": 2.5,
            "roe_4q": 10.42,
            "gross_profit": 935573,
            "gross_margin": 7.72,
            "gross_margin_4q_avg": 7.81,
            "net_income": 481037,
            "revenue": 12125362,
            "common_shares": 7497450,
            "book_valuer_per_share": 22.57,
            "book_valuer_per_share_4q_avg": 21.8,
            "equity": 19460592,
            "current_ratio": 143.85,
            "debt_ratio": 63.54,
            "inventory_turnover_ratio": 87.47,
            "account_receivable_turnover_ratio": 1.47,
            "reinvestment_rate": -40.14,
            "research_to_sale_ratio": 0.19,
            "price_fair": 95.33,
            "eps_avg_yearly": 2.94,
            "eps_latest_yearly": 2.04,
            "eps_growth_yearly": 22.4
        },
        "20142": {
            "year_quarter": 20142,
            "year": 2014,
            "quarter": 2,
            "eps": 0.51,
            "eps_growth_year": -13.56,
            "eps_4q": 2.01,
            "eps_4q_growth_year": -29.18,
            "roe": 2.53,
            "roe_4q": 10.229999999999999,
            "gross_profit": 987149,
            "gross_margin": 7.11,
            "gross_margin_4q_avg": 7.35,
            "net_income": 476469,
            "revenue": 13884242,
            "common_shares": 7513815,
            "book_valuer_per_share": 21.13,
            "book_valuer_per_share_4q_avg": 21.85,
            "equity": 18180975,
            "current_ratio": 132.07,
            "debt_ratio": 67.22,
            "inventory_turnover_ratio": 55.65,
            "account_receivable_turnover_ratio": 1.66,
            "reinvestment_rate": -31.24,
            "research_to_sale_ratio": 0.19,
            "price_fair": 8.68,
            "eps_avg_yearly": 2.89,
            "eps_latest_yearly": 2.04,
            "eps_growth_yearly": -0.58
        },
        "20143": {
            "year_quarter": 20143,
            "year": 2014,
            "quarter": 3,
            "eps": 0.62,
            "eps_growth_year": 19.23,
            "eps_4q": 2.1,
            "eps_4q_growth_year": -19.42,
            "roe": 3.28,
            "roe_4q": 10.749999999999998,
            "gross_profit": 1018224,
            "gross_margin": 7,
            "gross_margin_4q_avg": 7.19,
            "net_income": 607319,
            "revenue": 14555478,
            "common_shares": 7559453,
            "book_valuer_per_share": 21.78,
            "book_valuer_per_share_4q_avg": 21.89,
            "equity": 18886711,
            "current_ratio": 133.57,
            "debt_ratio": 66.02,
            "inventory_turnover_ratio": 33.64,
            "account_receivable_turnover_ratio": 1.97,
            "reinvestment_rate": -26.48,
            "research_to_sale_ratio": 0.16,
            "price_fair": 33.17,
            "eps_avg_yearly": 2.85,
            "eps_latest_yearly": 2.48,
            "eps_growth_yearly": 1.65
        },
        "20144": {
            "year_quarter": 20144,
            "year": 2014,
            "quarter": 4,
            "eps": 0.86,
            "eps_growth_year": 80.13,
            "eps_4q": 2.49,
            "eps_4q_growth_year": 13.11,
            "roe": 3.92,
            "roe_4q": 12.229999999999999,
            "gross_profit": 1224477,
            "gross_margin": 7.15,
            "gross_margin_4q_avg": 7.25,
            "net_income": 756903,
            "revenue": 17126855,
            "common_shares": 7575303,
            "book_valuer_per_share": 22.66,
            "book_valuer_per_share_4q_avg": 22.04,
            "equity": 19703009,
            "current_ratio": 135.63,
            "debt_ratio": 65.34,
            "inventory_turnover_ratio": 38.62,
            "account_receivable_turnover_ratio": 2.55,
            "reinvestment_rate": -25.72,
            "research_to_sale_ratio": 0.18,
            "price_fair": 44.23,
            "eps_avg_yearly": 2.82,
            "eps_latest_yearly": 3.44,
            "eps_growth_yearly": 5.7
        },
        "20151": {
            "year_quarter": 20151,
            "year": 2015,
            "quarter": 1,
            "eps": 0.56,
            "eps_growth_year": 9.8,
            "eps_4q": 2.54,
            "eps_4q_growth_year": 22.33,
            "roe": 2.68,
            "roe_4q": 12.409999999999998,
            "gross_profit": 1155725,
            "gross_margin": 8.64,
            "gross_margin_4q_avg": 7.48,
            "net_income": 533124,
            "revenue": 13378271,
            "common_shares": 7586451,
            "book_valuer_per_share": 22.88,
            "book_valuer_per_share_4q_avg": 22.11,
            "equity": 20023221,
            "current_ratio": 139.01,
            "debt_ratio": 64.17,
            "inventory_turnover_ratio": 33.22,
            "account_receivable_turnover_ratio": 2.27,
            "reinvestment_rate": -25.06,
            "research_to_sale_ratio": 0.2,
            "price_fair": 40.04,
            "eps_avg_yearly": 2.79,
            "eps_latest_yearly": 2.24,
            "eps_growth_yearly": 4.38
        },
        "20152": {
            "year_quarter": 20152,
            "year": 2015,
            "quarter": 2,
            "eps": 0.75,
            "eps_growth_year": 47.06,
            "eps_4q": 2.78,
            "eps_4q_growth_year": 38.32,
            "roe": 3.6,
            "roe_4q": 13.479999999999999,
            "gross_profit": 1253570,
            "gross_margin": 7.6,
            "gross_margin_4q_avg": 7.6,
            "net_income": 695024,
            "revenue": 16485313,
            "common_shares": 7599591,
            "book_valuer_per_share": 21.29,
            "book_valuer_per_share_4q_avg": 22.15,
            "equity": 18578820,
            "current_ratio": 130.95,
            "debt_ratio": 67.24,
            "inventory_turnover_ratio": 40.65,
            "account_receivable_turnover_ratio": 2.76,
            "reinvestment_rate": -23.11,
            "research_to_sale_ratio": 0.1,
            "price_fair": 40.87,
            "eps_avg_yearly": 2.75,
            "eps_latest_yearly": 3,
            "eps_growth_yearly": 4.89
        },
        "20153": {
            "year_quarter": 20153,
            "year": 2015,
            "quarter": 3,
            "eps": 0.59,
            "eps_growth_year": -4.84,
            "eps_4q": 2.76,
            "eps_4q_growth_year": 31.03,
            "roe": 3.3,
            "roe_4q": 13.5,
            "gross_profit": 1356136,
            "gross_margin": 8.25,
            "gross_margin_4q_avg": 7.91,
            "net_income": 624808,
            "revenue": 16439837,
            "common_shares": 7605088,
            "book_valuer_per_share": 21.91,
            "book_valuer_per_share_4q_avg": 22.19,
            "equity": 19232476,
            "current_ratio": 132.56,
            "debt_ratio": 66.49,
            "inventory_turnover_ratio": 48.16,
            "account_receivable_turnover_ratio": 2.79,
            "reinvestment_rate": -24.62,
            "research_to_sale_ratio": 0.19,
            "price_fair": 7.99,
            "eps_avg_yearly": 2.66,
            "eps_latest_yearly": 2.36,
            "eps_growth_yearly": -0.72
        },
        "20154": {
            "year_quarter": 20154,
            "year": 2015,
            "quarter": 4,
            "eps": 0.79,
            "eps_growth_year": -8.37,
            "eps_4q": 2.69,
            "eps_4q_growth_year": 7.91,
            "roe": 3.68,
            "roe_4q": 13.26,
            "gross_profit": 1670647,
            "gross_margin": 8.05,
            "gross_margin_4q_avg": 8.14,
            "net_income": 717187,
            "revenue": 20754219,
            "common_shares": 7611076,
            "book_valuer_per_share": 22.4,
            "book_valuer_per_share_4q_avg": 22.12,
            "equity": 19728083,
            "current_ratio": 131.72,
            "debt_ratio": 67.25,
            "inventory_turnover_ratio": 87.15,
            "account_receivable_turnover_ratio": 3.33,
            "reinvestment_rate": -24.93,
            "research_to_sale_ratio": 0.15,
            "price_fair": 63.72,
            "eps_avg_yearly": 2.69,
            "eps_latest_yearly": 3.16,
            "eps_growth_yearly": 13.73
        },
        "20161": {
            "year_quarter": 20161,
            "year": 2016,
            "quarter": 1,
            "eps": 0.62,
            "eps_growth_year": 10.71,
            "eps_4q": 2.74,
            "eps_4q_growth_year": 8.09,
            "roe": 4.25,
            "roe_4q": 14.83,
            "gross_profit": 1457215,
            "gross_margin": 10.69,
            "gross_margin_4q_avg": 8.65,
            "net_income": 857389,
            "revenue": 13633689,
            "common_shares": 7625146,
            "book_valuer_per_share": 23.01,
            "book_valuer_per_share_4q_avg": 22.15,
            "equity": 20622152,
            "current_ratio": 134.59,
            "debt_ratio": 65.72,
            "inventory_turnover_ratio": 77.24,
            "account_receivable_turnover_ratio": 2.11,
            "reinvestment_rate": -23.42,
            "research_to_sale_ratio": 0.2,
            "price_fair": 42.96,
            "eps_avg_yearly": 2.65,
            "eps_latest_yearly": 2.48,
            "eps_growth_yearly": 6.21
        },
        "20162": {
            "year_quarter": 20162,
            "year": 2016,
            "quarter": 2,
            "eps": 0.74,
            "eps_growth_year": -1.33,
            "eps_4q": 2.73,
            "eps_4q_growth_year": -1.61,
            "roe": 3.51,
            "roe_4q": 14.739999999999998,
            "gross_profit": 1479847,
            "gross_margin": 8.15,
            "gross_margin_4q_avg": 8.79,
            "net_income": 693633,
            "revenue": 18154909,
            "common_shares": 7632738,
            "book_valuer_per_share": 21.34,
            "book_valuer_per_share_4q_avg": 22.17,
            "equity": 18913290,
            "current_ratio": 126.38,
            "debt_ratio": 69.79,
            "inventory_turnover_ratio": 117.27,
            "account_receivable_turnover_ratio": 3.01,
            "reinvestment_rate": -24.56,
            "research_to_sale_ratio": 0.14,
            "price_fair": 40.23,
            "eps_avg_yearly": 2.6,
            "eps_latest_yearly": 2.96,
            "eps_growth_yearly": 5.46
        },
        "20163": {
            "year_quarter": 20163,
            "year": 2016,
            "quarter": 3,
            "eps": 0.92,
            "eps_growth_year": 55.93,
            "eps_4q": 3.06,
            "eps_4q_growth_year": 10.98,
            "roe": 4.51,
            "roe_4q": 15.95,
            "gross_profit": 1775147,
            "gross_margin": 9.47,
            "gross_margin_4q_avg": 9.09,
            "net_income": 875899,
            "revenue": 18746192,
            "common_shares": 7632738,
            "book_valuer_per_share": 22.1,
            "book_valuer_per_share_4q_avg": 22.21,
            "equity": 19919701,
            "current_ratio": 131.42,
            "debt_ratio": 66.56,
            "inventory_turnover_ratio": 149.63,
            "account_receivable_turnover_ratio": 3.1,
            "reinvestment_rate": -16.95,
            "research_to_sale_ratio": 0.19,
            "price_fair": 72.1,
            "eps_avg_yearly": 2.65,
            "eps_latest_yearly": 3.68,
            "eps_growth_yearly": 17.18
        },
        "20164": {
            "year_quarter": 20164,
            "year": 2016,
            "quarter": 4,
            "eps": 0.65,
            "eps_growth_year": -18.17,
            "eps_4q": 2.92,
            "eps_4q_growth_year": 8.62,
            "roe": 2.93,
            "roe_4q": 15.2,
            "gross_profit": 1473620,
            "gross_margin": 7.38,
            "gross_margin_4q_avg": 8.92,
            "net_income": 586794,
            "revenue": 19974885,
            "common_shares": 7632738,
            "book_valuer_per_share": 22.44,
            "book_valuer_per_share_4q_avg": 22.22,
            "equity": 20190049,
            "current_ratio": 127.54,
            "debt_ratio": 69.51,
            "inventory_turnover_ratio": 120.99,
            "account_receivable_turnover_ratio": 3.8,
            "reinvestment_rate": -19.37,
            "research_to_sale_ratio": 0.14,
            "price_fair": 35.21,
            "eps_avg_yearly": 2.59,
            "eps_latest_yearly": 2.6,
            "eps_growth_yearly": 3.6
        },
        "20171": {
            "year_quarter": 20171,
            "year": 2017,
            "quarter": 1,
            "eps": 0.58,
            "eps_growth_year": -6.45,
            "eps_4q": 2.89,
            "eps_4q_growth_year": 5.36,
            "roe": 2.78,
            "roe_4q": 13.729999999999999,
            "gross_profit": 1286978,
            "gross_margin": 8.48,
            "gross_margin_4q_avg": 8.37,
            "net_income": 566955,
            "revenue": 15178770,
            "common_shares": 7632738,
            "book_valuer_per_share": 22.76,
            "book_valuer_per_share_4q_avg": 22.16,
            "equity": 20560894,
            "current_ratio": 131.03,
            "debt_ratio": 67.04,
            "inventory_turnover_ratio": 77.38,
            "account_receivable_turnover_ratio": 2.64,
            "reinvestment_rate": 20.96,
            "research_to_sale_ratio": 0.18,
            "price_fair": 45.92,
            "eps_avg_yearly": 2.57,
            "eps_latest_yearly": 2.32,
            "eps_growth_yearly": 7.85
        },
        "20172": {
            "year_quarter": 20172,
            "year": 2017,
            "quarter": 2,
            "eps": 1.59,
            "eps_growth_year": 114.86,
            "eps_4q": 3.74,
            "eps_4q_growth_year": 37.05,
            "roe": 6.67,
            "roe_4q": 16.89,
            "gross_profit": 1086500,
            "gross_margin": 6.28,
            "gross_margin_4q_avg": 7.9,
            "net_income": 1333121,
            "revenue": 17300670,
            "common_shares": 7632738,
            "book_valuer_per_share": 21.76,
            "book_valuer_per_share_4q_avg": 22.27,
            "equity": 19404507,
            "current_ratio": 124.72,
            "debt_ratio": 69.04,
            "inventory_turnover_ratio": 75.11,
            "account_receivable_turnover_ratio": 3.2,
            "reinvestment_rate": 26.68,
            "research_to_sale_ratio": 0.18,
            "price_fair": 98.79,
            "eps_avg_yearly": 2.82,
            "eps_latest_yearly": 6.36,
            "eps_growth_yearly": 53.69
        },
        "20173": {
            "year_quarter": 20173,
            "year": 2017,
            "quarter": 3,
            "eps": 0.67,
            "eps_growth_year": -27.17,
            "eps_4q": 3.49,
            "eps_4q_growth_year": 14.04,
            "roe": 3.27,
            "roe_4q": 15.649999999999999,
            "gross_profit": 1235130,
            "gross_margin": 7.32,
            "gross_margin_4q_avg": 7.37,
            "net_income": 645332,
            "revenue": 16873381,
            "common_shares": 7632738,
            "book_valuer_per_share": 22.45,
            "book_valuer_per_share_4q_avg": 22.35,
            "equity": 20082374,
            "current_ratio": 128.4,
            "debt_ratio": 66.77,
            "inventory_turnover_ratio": 60.6,
            "account_receivable_turnover_ratio": 3.54,
            "reinvestment_rate": 27.76,
            "research_to_sale_ratio": 0.2,
            "price_fair": 100.1,
            "eps_avg_yearly": 2.86,
            "eps_latest_yearly": 2.68,
            "eps_growth_yearly": 42.19
        },
        "20174": {
            "year_quarter": 20174,
            "year": 2017,
            "quarter": 4,
            "eps": 0.84,
            "eps_growth_year": 29.97,
            "eps_4q": 3.68,
            "eps_4q_growth_year": 26.2,
            "roe": 3.62,
            "roe_4q": 16.34,
            "gross_profit": 1502892,
            "gross_margin": 6.75,
            "gross_margin_4q_avg": 7.21,
            "net_income": 744690,
            "revenue": 22253783,
            "common_shares": 7632738,
            "book_valuer_per_share": 23.56,
            "book_valuer_per_share_4q_avg": 22.63,
            "equity": 21040157,
            "current_ratio": 124.57,
            "debt_ratio": 69.97,
            "inventory_turnover_ratio": 92.83,
            "account_receivable_turnover_ratio": 4.1,
            "reinvestment_rate": 28.53,
            "research_to_sale_ratio": 0.17,
            "price_fair": 103.25,
            "eps_avg_yearly": 2.95,
            "eps_latest_yearly": 3.36,
            "eps_growth_yearly": 50.46
        },
        "20181": {
            "year_quarter": 20181,
            "year": 2018,
            "quarter": 1,
            "eps": 0.42,
            "eps_growth_year": -27.59,
            "eps_4q": 3.52,
            "eps_4q_growth_year": 21.75,
            "roe": 2.05,
            "roe_4q": 15.61,
            "gross_profit": 1180919,
            "gross_margin": 8.12,
            "gross_margin_4q_avg": 7.12,
            "net_income": 437052,
            "revenue": 14540582,
            "common_shares": 7632738,
            "book_valuer_per_share": 24.11,
            "book_valuer_per_share_4q_avg": 22.97,
            "equity": 21508341,
            "current_ratio": 127.99,
            "debt_ratio": 67.49,
            "inventory_turnover_ratio": 83.39,
            "account_receivable_turnover_ratio": 2.8,
            "reinvestment_rate": 21.05,
            "research_to_sale_ratio": 0.2,
            "price_fair": 102.46,
            "eps_avg_yearly": 2.93,
            "eps_latest_yearly": 1.68,
            "eps_growth_yearly": 36.4
        },
        "20182": {
            "year_quarter": 20182,
            "year": 2018,
            "quarter": 2,
            "eps": 0.54,
            "eps_growth_year": -66.04,
            "eps_4q": 2.46,
            "eps_4q_growth_year": -34.23,
            "roe": 2.67,
            "roe_4q": 11.61,
            "gross_profit": 823268,
            "gross_margin": 6.16,
            "gross_margin_4q_avg": 7.09,
            "net_income": 545391,
            "revenue": 13356165,
            "common_shares": 7632738,
            "book_valuer_per_share": 21.57,
            "book_valuer_per_share_4q_avg": 22.92,
            "equity": 19363665,
            "current_ratio": 123.59,
            "debt_ratio": 69.24,
            "inventory_turnover_ratio": 90.53,
            "account_receivable_turnover_ratio": 2.9,
            "reinvestment_rate": 9.26,
            "research_to_sale_ratio": 0.25,
            "price_fair": 102.73,
            "eps_avg_yearly": 2.94,
            "eps_latest_yearly": 2.16,
            "eps_growth_yearly": 43.54
        },
        "20183": {
            "year_quarter": 20183,
            "year": 2018,
            "quarter": 3,
            "eps": 0.76,
            "eps_growth_year": 13.43,
            "eps_4q": 2.55,
            "eps_4q_growth_year": -26.78,
            "roe": 3.68,
            "roe_4q": 12.02,
            "gross_profit": 1315347,
            "gross_margin": 8.17,
            "gross_margin_4q_avg": 7.3,
            "net_income": 725581,
            "revenue": 16100995,
            "common_shares": 7632738,
            "book_valuer_per_share": 22.33,
            "book_valuer_per_share_4q_avg": 22.89,
            "equity": 20104443,
            "current_ratio": 122.52,
            "debt_ratio": 69.2,
            "inventory_turnover_ratio": 89.63,
            "account_receivable_turnover_ratio": 3.58,
            "reinvestment_rate": 20.51,
            "research_to_sale_ratio": 0.19,
            "price_fair": 103.95,
            "eps_avg_yearly": 2.97,
            "eps_latest_yearly": 3.04,
            "eps_growth_yearly": 48.33
        },
        "20184": {
            "year_quarter": 20184,
            "year": 2018,
            "quarter": 4,
            "eps": 0.68,
            "eps_growth_year": -18.52,
            "eps_4q": 2.4,
            "eps_4q_growth_year": -34.86,
            "roe": 2.91,
            "roe_4q": 11.309999999999999,
            "gross_profit": 1280219,
            "gross_margin": 6.38,
            "gross_margin_4q_avg": 7.21,
            "net_income": 592039,
            "revenue": 20071800,
            "common_shares": 7632738,
            "book_valuer_per_share": 22.91,
            "book_valuer_per_share_4q_avg": 22.73,
            "equity": 20626159,
            "current_ratio": 109.95,
            "debt_ratio": 73.04,
            "inventory_turnover_ratio": 108.11,
            "account_receivable_turnover_ratio": 2.7,
            "reinvestment_rate": 49.97,
            "research_to_sale_ratio": 0.26,
            "price_fair": 102.38,
            "eps_avg_yearly": 2.93,
            "eps_latest_yearly": 2.72,
            "eps_growth_yearly": 36.02
        },
        "20191": {
            "year_quarter": 20191,
            "year": 2019,
            "quarter": 1,
            "eps": 0.29,
            "eps_growth_year": -30.95,
            "eps_4q": 2.27,
            "eps_4q_growth_year": -35.41,
            "roe": 1.65,
            "roe_4q": 10.91,
            "gross_profit": 1038570,
            "gross_margin": 7.57,
            "gross_margin_4q_avg": 7.07,
            "net_income": 343667,
            "revenue": 13712458,
            "common_shares": 7632738,
            "book_valuer_per_share": 23.29,
            "book_valuer_per_share_4q_avg": 22.53,
            "equity": 21074418,
            "current_ratio": 116.57,
            "debt_ratio": 69.84,
            "inventory_turnover_ratio": 71.7,
            "account_receivable_turnover_ratio": 1.73,
            "reinvestment_rate": 51.28,
            "research_to_sale_ratio": 0.18,
            "price_fair": 100.01,
            "eps_avg_yearly": 2.86,
            "eps_latest_yearly": 1.16,
            "eps_growth_yearly": 30.4
        },
        "20192": {
            "year_quarter": 20192,
            "year": 2019,
            "quarter": 2,
            "eps": 0.36,
            "eps_growth_year": -33.33,
            "eps_4q": 2.09,
            "eps_4q_growth_year": -15.05,
            "roe": 1.99,
            "roe_4q": 10.23,
            "gross_profit": 794083,
            "gross_margin": 5.93,
            "gross_margin_4q_avg": 7.01,
            "net_income": 400703,
            "revenue": 13381465,
            "common_shares": 7633100,
            "book_valuer_per_share": 21.47,
            "book_valuer_per_share_4q_avg": 22.5,
            "equity": 19263594,
            "current_ratio": 111.63,
            "debt_ratio": 71.87,
            "inventory_turnover_ratio": 53.95,
            "account_receivable_turnover_ratio": 2.42,
            "reinvestment_rate": 50.96,
            "research_to_sale_ratio": 0.23,
            "price_fair": 96.6,
            "eps_avg_yearly": 2.76,
            "eps_latest_yearly": 1.44,
            "eps_growth_yearly": 27.96
        },
        "20193": {
            "year_quarter": 20193,
            "year": 2019,
            "quarter": 3,
            "eps": 0.05,
            "eps_growth_year": -93.42,
            "eps_4q": 1.38,
            "eps_4q_growth_year": -46.04,
            "roe": 0.73,
            "roe_4q": 7.279999999999999,
            "gross_profit": 443336,
            "gross_margin": 2.78,
            "gross_margin_4q_avg": 5.67,
            "net_income": 141813,
            "revenue": 15959097,
            "common_shares": 7633182,
            "book_valuer_per_share": 21.59,
            "book_valuer_per_share_4q_avg": 22.32,
            "equity": 19469519,
            "current_ratio": 110.11,
            "debt_ratio": 72.08,
            "inventory_turnover_ratio": 69.26,
            "account_receivable_turnover_ratio": 2.81,
            "reinvestment_rate": 45.91,
            "research_to_sale_ratio": 0.2,
            "price_fair": 57.13,
            "eps_avg_yearly": 2.63,
            "eps_latest_yearly": 0.2,
            "eps_growth_yearly": 11.76
        },
        "20194": {
            "year_quarter": 20194,
            "year": 2019,
            "quarter": 4,
            "eps": 0.85,
            "eps_growth_year": 24.33,
            "eps_4q": 1.54,
            "eps_4q_growth_year": -35.6,
            "roe": 4.06,
            "roe_4q": 8.43,
            "gross_profit": 1715706,
            "gross_margin": 11.32,
            "gross_margin_4q_avg": 6.9,
            "net_income": 788142,
            "revenue": 15158002,
            "common_shares": 7633182,
            "book_valuer_per_share": 21.2,
            "book_valuer_per_share_4q_avg": 21.89,
            "equity": 19346997,
            "current_ratio": 135.9,
            "debt_ratio": 72.16,
            "inventory_turnover_ratio": 86.16,
            "account_receivable_turnover_ratio": 2.66,
            "reinvestment_rate": 49.54,
            "research_to_sale_ratio": 0.28,
            "price_fair": 92.4,
            "eps_avg_yearly": 2.64,
            "eps_latest_yearly": 3.4,
            "eps_growth_yearly": 403.29
        },
        "20201": {
            "year_quarter": 20201,
            "year": 2020,
            "quarter": 1,
            "eps": 0.21,
            "eps_growth_year": -27.59,
            "eps_4q": 1.46,
            "eps_4q_growth_year": -35.7,
            "roe": 1.44,
            "roe_4q": 8.22,
            "gross_profit": 988426,
            "gross_margin": 8.64,
            "gross_margin_4q_avg": 7.17,
            "net_income": 280393,
            "revenue": 11444360,
            "common_shares": 7633213,
            "book_valuer_per_share": 21.75,
            "book_valuer_per_share_4q_avg": 21.5,
            "equity": 19713757,
            "current_ratio": 137.32,
            "debt_ratio": 70.94,
            "inventory_turnover_ratio": 71.23,
            "account_receivable_turnover_ratio": 1.72,
            "reinvestment_rate": 57.02,
            "research_to_sale_ratio": 0.26,
            "price_fair": 88.81,
            "eps_avg_yearly": 2.54,
            "eps_latest_yearly": 0.84,
            "eps_growth_yearly": 389.84
        },
        "20202": {
            "year_quarter": 20202,
            "year": 2020,
            "quarter": 2,
            "eps": 0.2,
            "eps_growth_year": -44.44,
            "eps_4q": 1.3,
            "eps_4q_growth_year": -37.62,
            "roe": 1.49,
            "roe_4q": 7.719999999999999,
            "gross_profit": 898086,
            "gross_margin": 6.77,
            "gross_margin_4q_avg": 7.38,
            "net_income": 281134,
            "revenue": 13261500,
            "common_shares": 7633326,
            "book_valuer_per_share": 19.97,
            "book_valuer_per_share_4q_avg": 21.13,
            "equity": 17926117,
            "current_ratio": 137.77,
            "debt_ratio": 74.32,
            "inventory_turnover_ratio": 80.34,
            "account_receivable_turnover_ratio": 1.88,
            "reinvestment_rate": 68.57,
            "research_to_sale_ratio": 0.13,
            "price_fair": 84.09,
            "eps_avg_yearly": 2.4,
            "eps_latest_yearly": 0.8,
            "eps_growth_yearly": 383.82
        },
        "20203": {
            "year_quarter": 20203,
            "year": 2020,
            "quarter": 3,
            "eps": 0.28,
            "eps_growth_year": 460,
            "eps_4q": 1.54,
            "eps_4q_growth_year": 11.58,
            "roe": 2.06,
            "roe_4q": 9.05,
            "gross_profit": 740431,
            "gross_margin": 5.21,
            "gross_margin_4q_avg": 7.99,
            "net_income": 376003,
            "revenue": 14217999,
            "common_shares": 7633511,
            "book_valuer_per_share": 20.48,
            "book_valuer_per_share_4q_avg": 20.85,
            "equity": 18505444,
            "current_ratio": 141.16,
            "debt_ratio": 72.18,
            "inventory_turnover_ratio": 86.11,
            "account_receivable_turnover_ratio": 2.27,
            "reinvestment_rate": 79.52,
            "research_to_sale_ratio": 0.23,
            "price_fair": 78.49,
            "eps_avg_yearly": 2.24,
            "eps_latest_yearly": 1.12,
            "eps_growth_yearly": 387.73
        },
        "20204": {
            "year_quarter": 20204,
            "year": 2020,
            "quarter": 4,
            "eps": 0.32,
            "eps_growth_year": -62.49,
            "eps_4q": 1.01,
            "eps_4q_growth_year": -34.88,
            "roe": 1.96,
            "roe_4q": 6.949999999999999,
            "gross_profit": 1016707,
            "gross_margin": 6.11,
            "gross_margin_4q_avg": 6.68,
            "net_income": 367616,
            "revenue": 16634550,
            "common_shares": 7633599,
            "book_valuer_per_share": 20.77,
            "book_valuer_per_share_4q_avg": 20.74,
            "equity": 19034237,
            "current_ratio": 136.35,
            "debt_ratio": 73.11,
            "inventory_turnover_ratio": 101.69,
            "account_receivable_turnover_ratio": 2.67,
            "reinvestment_rate": 95.17,
            "research_to_sale_ratio": 0.2,
            "price_fair": 75.6,
            "eps_avg_yearly": 2.16,
            "eps_latest_yearly": 1.28,
            "eps_growth_yearly": 398.64
        },
        "20211": {
            "year_quarter": 20211,
            "year": 2021,
            "quarter": 1,
            "eps": 0.31,
            "eps_growth_year": 47.62,
            "eps_4q": 1.11,
            "eps_4q_growth_year": -24.16,
            "roe": 1.91,
            "roe_4q": 7.42,
            "gross_profit": 669428,
            "gross_margin": 4.58,
            "gross_margin_4q_avg": 5.67,
            "net_income": 373172,
            "revenue": 14625557,
            "common_shares": 7633747,
            "book_valuer_per_share": 21.28,
            "book_valuer_per_share_4q_avg": 20.63,
            "equity": 20075480,
            "current_ratio": 127.29,
            "debt_ratio": 76.33,
            "inventory_turnover_ratio": 92.88,
            "account_receivable_turnover_ratio": 2.48,
            "reinvestment_rate": 106.23,
            "research_to_sale_ratio": 0.19,
            "price_fair": 73.24,
            "eps_avg_yearly": 2.09,
            "eps_latest_yearly": 1.24,
            "eps_growth_yearly": 400.55
        },
        "20212": {
            "year_quarter": 20212,
            "year": 2021,
            "quarter": 2,
            "eps": 0.42,
            "eps_growth_year": 110,
            "eps_4q": 1.33,
            "eps_4q_growth_year": 1.63,
            "roe": 2.08,
            "roe_4q": 8.01,
            "gross_profit": 887948,
            "gross_margin": 5.54,
            "gross_margin_4q_avg": 5.36,
            "net_income": 416860,
            "revenue": 16013693,
            "common_shares": 7633819,
            "book_valuer_per_share": 21.85,
            "book_valuer_per_share_4q_avg": 21.1,
            "equity": 20069207,
            "current_ratio": 130.6,
            "debt_ratio": 75.41,
            "inventory_turnover_ratio": 101.71,
            "account_receivable_turnover_ratio": 3.09,
            "reinvestment_rate": 131.54,
            "research_to_sale_ratio": 0.17,
            "price_fair": 63,
            "eps_avg_yearly": 1.8,
            "eps_latest_yearly": 1.68,
            "eps_growth_yearly": 365.89
        },
        "20213": {
            "year_quarter": 20213,
            "year": 2021,
            "quarter": 3,
            "eps": 0.64,
            "eps_growth_year": 128.57,
            "eps_4q": 1.69,
            "eps_4q_growth_year": 9.66,
            "roe": 3.07,
            "roe_4q": 9.02,
            "gross_profit": 1096450,
            "gross_margin": 6.53,
            "gross_margin_4q_avg": 5.69,
            "net_income": 603361,
            "revenue": 16790469,
            "common_shares": 7638587,
            "book_valuer_per_share": 20.62,
            "book_valuer_per_share_4q_avg": 21.13,
            "equity": 19285157,
            "current_ratio": 128.57,
            "debt_ratio": 75.99,
            "inventory_turnover_ratio": 109.77,
            "account_receivable_turnover_ratio": 2.37,
            "reinvestment_rate": 127.55,
            "research_to_sale_ratio": 0.17,
            "price_fair": 62.74,
            "eps_avg_yearly": 1.79,
            "eps_latest_yearly": 2.56,
            "eps_growth_yearly": 393.45
        },
        "20214": {
            "year_quarter": 20214,
            "year": 2021,
            "quarter": 4,
            "eps": 0.79,
            "eps_growth_year": 146.31,
            "eps_4q": 2.15,
            "eps_4q_growth_year": 114.09,
            "roe": 5.07,
            "roe_4q": 12.13,
            "gross_profit": 1348081,
            "gross_margin": 5.83,
            "gross_margin_4q_avg": 5.62,
            "net_income": 1009618,
            "revenue": 23110695,
            "common_shares": 7638637,
            "book_valuer_per_share": 21.74,
            "book_valuer_per_share_4q_avg": 21.37,
            "equity": 20560865,
            "current_ratio": 126.24,
            "debt_ratio": 76.48,
            "inventory_turnover_ratio": 145.54,
            "account_receivable_turnover_ratio": 2.44,
            "reinvestment_rate": 136.17,
            "research_to_sale_ratio": 0.18,
            "price_fair": 62.3,
            "eps_avg_yearly": 1.78,
            "eps_latest_yearly": 3.16,
            "eps_growth_yearly": 392.97
        },
        "20221": {
            "year_quarter": 20221,
            "year": 2022,
            "quarter": 1,
            "eps": 1.5,
            "eps_growth_year": 383.87,
            "eps_4q": 3.27,
            "eps_4q_growth_year": 195.36,
            "roe": 6.31,
            "roe_4q": 16.53,
            "gross_profit": 1343492,
            "gross_margin": 5.99,
            "gross_margin_4q_avg": 5.97,
            "net_income": 1351796,
            "revenue": 22431700,
            "common_shares": 7826300,
            "book_valuer_per_share": 23.11,
            "book_valuer_per_share_4q_avg": 21.83,
            "equity": 22298974,
            "current_ratio": 126.31,
            "debt_ratio": 76.34,
            "inventory_turnover_ratio": 118.33,
            "account_receivable_turnover_ratio": 2.39,
            "reinvestment_rate": 132.99,
            "research_to_sale_ratio": 0.15,
            "price_fair": 71.75,
            "eps_avg_yearly": 2.05,
            "eps_latest_yearly": 6,
            "eps_growth_yearly": 427.94
        },
        "20222": {
            "year_quarter": 20222,
            "year": 2022,
            "quarter": 2,
            "eps": 0.55,
            "eps_growth_year": 30.95,
            "eps_4q": 3.4,
            "eps_4q_growth_year": 156.75,
            "roe": 3.19,
            "roe_4q": 17.64,
            "gross_profit": 1578515,
            "gross_margin": 7.06,
            "gross_margin_4q_avg": 6.35,
            "net_income": 681652,
            "revenue": 22372131,
            "common_shares": 7859160,
            "book_valuer_per_share": 21.18,
            "book_valuer_per_share_4q_avg": 21.66,
            "equity": 20478952,
            "current_ratio": 119.93,
            "debt_ratio": 78.6,
            "inventory_turnover_ratio": 105.42,
            "account_receivable_turnover_ratio": 1.98,
            "reinvestment_rate": 141.89,
            "research_to_sale_ratio": 0.13,
            "price_fair": 71.84,
            "eps_avg_yearly": 2.05,
            "eps_latest_yearly": 2.2,
            "eps_growth_yearly": 404.96
        },
        "20223": {
            "year_quarter": 20223,
            "year": 2022,
            "quarter": 3,
            "eps": 0.44,
            "eps_growth_year": -31.25,
            "eps_4q": 3.21,
            "eps_4q_growth_year": 90.17,
            "roe": 2.79,
            "roe_4q": 17.36,
            "gross_profit": 1214397,
            "gross_margin": 4.98,
            "gross_margin_4q_avg": 5.97,
            "net_income": 586177,
            "revenue": 24406525,
            "common_shares": 7899068,
            "book_valuer_per_share": 22.03,
            "book_valuer_per_share_4q_avg": 22.02,
            "equity": 21579590,
            "current_ratio": 121.21,
            "debt_ratio": 77.1,
            "inventory_turnover_ratio": 114.22,
            "account_receivable_turnover_ratio": 1.92,
            "reinvestment_rate": 125.35,
            "research_to_sale_ratio": 0.12,
            "price_fair": 69.04,
            "eps_avg_yearly": 1.97,
            "eps_latest_yearly": 1.76,
            "eps_growth_yearly": 389.77
        },
        "20224": {
            "year_quarter": 20224,
            "year": 2022,
            "quarter": 4,
            "eps": 0.57,
            "eps_growth_year": -27.4,
            "eps_4q": 3.01,
            "eps_4q_growth_year": 40,
            "roe": 3,
            "roe_4q": 15.29,
            "gross_profit": 1243820,
            "gross_margin": 4.8,
            "gross_margin_4q_avg": 5.71,
            "net_income": 650452,
            "revenue": 25890212,
            "common_shares": 7906825,
            "book_valuer_per_share": 22.08,
            "book_valuer_per_share_4q_avg": 22.1,
            "equity": 21832047,
            "current_ratio": 121.59,
            "debt_ratio": 76.66,
            "inventory_turnover_ratio": 121.15,
            "account_receivable_turnover_ratio": 2.01,
            "reinvestment_rate": 90.25,
            "research_to_sale_ratio": 0.16,
            "price_fair": 68.08,
            "eps_avg_yearly": 1.95,
            "eps_latest_yearly": 2.28,
            "eps_growth_yearly": 399.79
        },
        "20231": {
            "year_quarter": 20231,
            "year": 2023,
            "quarter": 1,
            "eps": 0.47,
            "eps_growth_year": -68.67,
            "eps_4q": 2,
            "eps_4q_growth_year": -38.97,
            "roe": 3,
            "roe_4q": 11.979999999999999,
            "gross_profit": 1183320,
            "gross_margin": 5.42,
            "gross_margin_4q_avg": 5.57,
            "net_income": 636419,
            "revenue": 21845706,
            "common_shares": 8018694,
            "book_valuer_per_share": 20.6,
            "book_valuer_per_share_4q_avg": 21.47,
            "equity": 20628457,
            "current_ratio": 119.84,
            "debt_ratio": 79.14,
            "inventory_turnover_ratio": 105.97,
            "account_receivable_turnover_ratio": 1.54,
            "reinvestment_rate": 89.36,
            "research_to_sale_ratio": 0.13,
            "price_fair": 69.65,
            "eps_avg_yearly": 1.99,
            "eps_latest_yearly": 1.88,
            "eps_growth_yearly": 409.74
        }
    },
    "months": {
        "2001-06": {
            "month": "2001-06",
            "price": "12.73",
            "revenue": 917608
        },
        "2001-07": {
            "month": "2001-07",
            "price": "10.14",
            "revenue": 990334
        },
        "2001-08": {
            "month": "2001-08",
            "price": "9.43",
            "revenue": 1023760
        },
        "2001-09": {
            "month": "2001-09",
            "price": "9.09",
            "revenue": 1006775
        },
        "2001-10": {
            "month": "2001-10",
            "price": "9.31",
            "revenue": 981444
        },
        "2001-11": {
            "month": "2001-11",
            "price": "9.18",
            "revenue": 972519
        },
        "2001-12": {
            "month": "2001-12",
            "price": "10.36",
            "revenue": 1077102
        },
        "2002-01": {
            "month": "2002-01",
            "price": "11.12",
            "revenue": 840918
        },
        "2002-02": {
            "month": "2002-02",
            "price": "12.24",
            "revenue": 736874
        },
        "2002-03": {
            "month": "2002-03",
            "price": "13.26",
            "revenue": 873444
        },
        "2002-04": {
            "month": "2002-04",
            "price": "14.71",
            "revenue": 810267
        },
        "2002-05": {
            "month": "2002-05",
            "price": "13.80",
            "revenue": 845715
        },
        "2002-06": {
            "month": "2002-06",
            "price": "13.34",
            "revenue": 929932
        },
        "2002-07": {
            "month": "2002-07",
            "price": "14.34",
            "revenue": 959797
        },
        "2002-08": {
            "month": "2002-08",
            "price": "16.43",
            "revenue": 1030141
        },
        "2002-09": {
            "month": "2002-09",
            "price": "16.16",
            "revenue": 1118534
        },
        "2002-10": {
            "month": "2002-10",
            "price": "15.45",
            "revenue": 1129668
        },
        "2002-11": {
            "month": "2002-11",
            "price": "17.42",
            "revenue": 1176679
        },
        "2002-12": {
            "month": "2002-12",
            "price": "19.17",
            "revenue": 1163353
        },
        "2003-01": {
            "month": "2003-01",
            "price": "22.75",
            "revenue": 954979
        },
        "2003-02": {
            "month": "2003-02",
            "price": "23.36",
            "revenue": 930773
        },
        "2003-03": {
            "month": "2003-03",
            "price": "21.21",
            "revenue": 1001586
        },
        "2003-04": {
            "month": "2003-04",
            "price": "20.77",
            "revenue": 1154363
        },
        "2003-05": {
            "month": "2003-05",
            "price": "21.02",
            "revenue": 1017240
        },
        "2003-06": {
            "month": "2003-06",
            "price": "23.24",
            "revenue": 952779
        },
        "2003-07": {
            "month": "2003-07",
            "price": "22.24",
            "revenue": 1005802
        },
        "2003-08": {
            "month": "2003-08",
            "price": "23.86",
            "revenue": 1022364
        },
        "2003-09": {
            "month": "2003-09",
            "price": "22.83",
            "revenue": 1014361
        },
        "2003-10": {
            "month": "2003-10",
            "price": "24.43",
            "revenue": 1031820
        },
        "2003-11": {
            "month": "2003-11",
            "price": "25.68",
            "revenue": 1004967
        },
        "2003-12": {
            "month": "2003-12",
            "price": "26.78",
            "revenue": 1141236
        },
        "2004-01": {
            "month": "2004-01",
            "price": "27.77",
            "revenue": 901931
        },
        "2004-02": {
            "month": "2004-02",
            "price": "28.87",
            "revenue": 958472
        },
        "2004-03": {
            "month": "2004-03",
            "price": "26.28",
            "revenue": 1045567
        },
        "2004-04": {
            "month": "2004-04",
            "price": "24.25",
            "revenue": 944528
        },
        "2004-05": {
            "month": "2004-05",
            "price": "17.40",
            "revenue": 987859
        },
        "2004-06": {
            "month": "2004-06",
            "price": "16.80",
            "revenue": 1109774
        },
        "2004-07": {
            "month": "2004-07",
            "price": "18.04",
            "revenue": 1134839
        },
        "2004-08": {
            "month": "2004-08",
            "price": "18.26",
            "revenue": 1222100
        },
        "2004-09": {
            "month": "2004-09",
            "price": "17.60",
            "revenue": 1100562
        },
        "2004-10": {
            "month": "2004-10",
            "price": "19.78",
            "revenue": 1113581
        },
        "2004-11": {
            "month": "2004-11",
            "price": "19.27",
            "revenue": 1269920
        },
        "2004-12": {
            "month": "2004-12",
            "price": "19.08",
            "revenue": 1755756
        },
        "2005-01": {
            "month": "2005-01",
            "price": "19.23",
            "revenue": 1028609
        },
        "2005-02": {
            "month": "2005-02",
            "price": "18.16",
            "revenue": 1210227
        },
        "2005-03": {
            "month": "2005-03",
            "price": "19.10",
            "revenue": 1628373
        },
        "2005-04": {
            "month": "2005-04",
            "price": "19.02",
            "revenue": 1699849
        },
        "2005-05": {
            "month": "2005-05",
            "price": "16.12",
            "revenue": 1779185
        },
        "2005-06": {
            "month": "2005-06",
            "price": "16.71",
            "revenue": 1813555
        },
        "2005-07": {
            "month": "2005-07",
            "price": "17.45",
            "revenue": 1614617
        },
        "2005-08": {
            "month": "2005-08",
            "price": "17.02",
            "revenue": 1630545
        },
        "2005-09": {
            "month": "2005-09",
            "price": "16.94",
            "revenue": 1520181
        },
        "2005-10": {
            "month": "2005-10",
            "price": "15.02",
            "revenue": 1713293
        },
        "2005-11": {
            "month": "2005-11",
            "price": "13.30",
            "revenue": 1687913
        },
        "2005-12": {
            "month": "2005-12",
            "price": "13.95",
            "revenue": 2740891
        },
        "2006-01": {
            "month": "2006-01",
            "price": "13.56",
            "revenue": 1069859
        },
        "2006-02": {
            "month": "2006-02",
            "price": "15.21",
            "revenue": 1572214
        },
        "2006-03": {
            "month": "2006-03",
            "price": "16.14",
            "revenue": 2011199
        },
        "2006-04": {
            "month": "2006-04",
            "price": "16.80",
            "revenue": 1887565
        },
        "2006-05": {
            "month": "2006-05",
            "price": "17.80",
            "revenue": 1842007
        },
        "2006-06": {
            "month": "2006-06",
            "price": "16.05",
            "revenue": 2030177
        },
        "2006-07": {
            "month": "2006-07",
            "price": "16.77",
            "revenue": 1799955
        },
        "2006-08": {
            "month": "2006-08",
            "price": "17.25",
            "revenue": 1980269
        },
        "2006-09": {
            "month": "2006-09",
            "price": "18.20",
            "revenue": 1974315
        },
        "2006-10": {
            "month": "2006-10",
            "price": "21.98",
            "revenue": 2173187
        },
        "2006-11": {
            "month": "2006-11",
            "price": "24.29",
            "revenue": 2299311
        },
        "2006-12": {
            "month": "2006-12",
            "price": "25.32",
            "revenue": 2702910
        },
        "2007-01": {
            "month": "2007-01",
            "price": "29.69",
            "revenue": 1644895
        },
        "2007-02": {
            "month": "2007-02",
            "price": "30.41",
            "revenue": 1919837
        },
        "2007-03": {
            "month": "2007-03",
            "price": "28.92",
            "revenue": 2287505
        },
        "2007-04": {
            "month": "2007-04",
            "price": "29.02",
            "revenue": 2094191
        },
        "2007-05": {
            "month": "2007-05",
            "price": "28.11",
            "revenue": 2138917
        },
        "2007-06": {
            "month": "2007-06",
            "price": "27.14",
            "revenue": 2097349
        },
        "2007-07": {
            "month": "2007-07",
            "price": "28.09",
            "revenue": 2075735
        },
        "2007-08": {
            "month": "2007-08",
            "price": "25.83",
            "revenue": 2091034
        },
        "2007-09": {
            "month": "2007-09",
            "price": "24.73",
            "revenue": 2130267
        },
        "2007-10": {
            "month": "2007-10",
            "price": "26.94",
            "revenue": 2132494
        },
        "2007-11": {
            "month": "2007-11",
            "price": "24.66",
            "revenue": 2273200
        },
        "2007-12": {
            "month": "2007-12",
            "price": "22.35",
            "revenue": 3268514
        },
        "2008-01": {
            "month": "2008-01",
            "price": "21.29",
            "revenue": 2211847
        },
        "2008-02": {
            "month": "2008-02",
            "price": "22.64",
            "revenue": 1978440
        },
        "2008-03": {
            "month": "2008-03",
            "price": "23.94",
            "revenue": 2116666
        },
        "2008-04": {
            "month": "2008-04",
            "price": "27.08",
            "revenue": 2046724
        },
        "2008-05": {
            "month": "2008-05",
            "price": "27.78",
            "revenue": 2198798
        },
        "2008-06": {
            "month": "2008-06",
            "price": "24.91",
            "revenue": 2165936
        },
        "2008-07": {
            "month": "2008-07",
            "price": "23.12",
            "revenue": 2281095
        },
        "2008-08": {
            "month": "2008-08",
            "price": "22.27",
            "revenue": 2334228
        },
        "2008-09": {
            "month": "2008-09",
            "price": "20.60",
            "revenue": 2054015
        },
        "2008-10": {
            "month": "2008-10",
            "price": "20.13",
            "revenue": 2041076
        },
        "2008-11": {
            "month": "2008-11",
            "price": "22.04",
            "revenue": 2294513
        },
        "2008-12": {
            "month": "2008-12",
            "price": "23.19",
            "revenue": 2746075
        },
        "2009-01": {
            "month": "2009-01",
            "price": "21.85",
            "revenue": 1701252
        },
        "2009-02": {
            "month": "2009-02",
            "price": "20.59",
            "revenue": 1775076
        },
        "2009-03": {
            "month": "2009-03",
            "price": "21.51",
            "revenue": 2071459
        },
        "2009-04": {
            "month": "2009-04",
            "price": "24.02",
            "revenue": 1848910
        },
        "2009-05": {
            "month": "2009-05",
            "price": "25.90",
            "revenue": 1842831
        },
        "2009-06": {
            "month": "2009-06",
            "price": "28.36",
            "revenue": 1909120
        },
        "2009-07": {
            "month": "2009-07",
            "price": "30.88",
            "revenue": 1319294
        },
        "2009-08": {
            "month": "2009-08",
            "price": "32.46",
            "revenue": 1251360
        },
        "2009-09": {
            "month": "2009-09",
            "price": "32.43",
            "revenue": 2031845
        },
        "2009-10": {
            "month": "2009-10",
            "price": "30.19",
            "revenue": 2325419
        },
        "2009-11": {
            "month": "2009-11",
            "price": "30.25",
            "revenue": 2479039
        },
        "2009-12": {
            "month": "2009-12",
            "price": "30.74",
            "revenue": 2522067
        },
        "2010-01": {
            "month": "2010-01",
            "price": "32.72",
            "revenue": 1274981
        },
        "2010-02": {
            "month": "2010-02",
            "price": "32.20",
            "revenue": 2006850
        },
        "2010-03": {
            "month": "2010-03",
            "price": "32.45",
            "revenue": 1813573
        },
        "2010-04": {
            "month": "2010-04",
            "price": "33.41",
            "revenue": 2192872
        },
        "2010-05": {
            "month": "2010-05",
            "price": "32.41",
            "revenue": 1959740
        },
        "2010-06": {
            "month": "2010-06",
            "price": "32.55",
            "revenue": 2369396
        },
        "2010-07": {
            "month": "2010-07",
            "price": "32.47",
            "revenue": 2080544
        },
        "2010-08": {
            "month": "2010-08",
            "price": "34.71",
            "revenue": 2168171
        },
        "2010-09": {
            "month": "2010-09",
            "price": "33.95",
            "revenue": 2587002
        },
        "2010-10": {
            "month": "2010-10",
            "price": "34.70",
            "revenue": 2657810
        },
        "2010-11": {
            "month": "2010-11",
            "price": "33.61",
            "revenue": 3018247
        },
        "2010-12": {
            "month": "2010-12",
            "price": "32.85",
            "revenue": 3297050
        },
        "2011-01": {
            "month": "2011-01",
            "price": "33.72",
            "revenue": 3444458
        },
        "2011-02": {
            "month": "2011-02",
            "price": "33.42",
            "revenue": 2951530
        },
        "2011-03": {
            "month": "2011-03",
            "price": "32.88",
            "revenue": 3918910
        },
        "2011-04": {
            "month": "2011-04",
            "price": "34.68",
            "revenue": 4250476
        },
        "2011-05": {
            "month": "2011-05",
            "price": "37.29",
            "revenue": 3891837
        },
        "2011-06": {
            "month": "2011-06",
            "price": "37.48",
            "revenue": 5380748
        },
        "2011-07": {
            "month": "2011-07",
            "price": "39.41",
            "revenue": 4113703
        },
        "2011-08": {
            "month": "2011-08",
            "price": "37.08",
            "revenue": 4877354
        },
        "2011-09": {
            "month": "2011-09",
            "price": "37.77",
            "revenue": 5591000
        },
        "2011-10": {
            "month": "2011-10",
            "price": "37.24",
            "revenue": 6106718
        },
        "2011-11": {
            "month": "2011-11",
            "price": "38.24",
            "revenue": 5258306
        },
        "2011-12": {
            "month": "2011-12",
            "price": "40.25",
            "revenue": 6453907
        },
        "2012-01": {
            "month": "2012-01",
            "price": "41.60",
            "revenue": 3751468
        },
        "2012-02": {
            "month": "2012-02",
            "price": "42.69",
            "revenue": 3825789
        },
        "2012-03": {
            "month": "2012-03",
            "price": "48.01",
            "revenue": 4334687
        },
        "2012-04": {
            "month": "2012-04",
            "price": "52.20",
            "revenue": 4125408
        },
        "2012-05": {
            "month": "2012-05",
            "price": "56.99",
            "revenue": 5284358
        },
        "2012-06": {
            "month": "2012-06",
            "price": "55.35",
            "revenue": 4848220
        },
        "2012-07": {
            "month": "2012-07",
            "price": "57.95",
            "revenue": 5547776
        },
        "2012-08": {
            "month": "2012-08",
            "price": "56.55",
            "revenue": 5264643
        },
        "2012-09": {
            "month": "2012-09",
            "price": "59.24",
            "revenue": 4864256
        },
        "2012-10": {
            "month": "2012-10",
            "price": "63.55",
            "revenue": 5325326
        },
        "2012-11": {
            "month": "2012-11",
            "price": "55.66",
            "revenue": 6549012
        },
        "2012-12": {
            "month": "2012-12",
            "price": "56.67",
            "revenue": 6796786
        },
        "2013-01": {
            "month": "2013-01",
            "price": "57.73",
            "revenue": 3614914
        },
        "2013-02": {
            "month": "2013-02",
            "price": "59.04",
            "revenue": 3565732
        },
        "2013-03": {
            "month": "2013-03",
            "price": "60.48",
            "revenue": 4090305
        },
        "2013-04": {
            "month": "2013-04",
            "price": "57.75",
            "revenue": 4108463
        },
        "2013-05": {
            "month": "2013-05",
            "price": "60.41",
            "revenue": 4746746
        },
        "2013-06": {
            "month": "2013-06",
            "price": "57.26",
            "revenue": 4417369
        },
        "2013-07": {
            "month": "2013-07",
            "price": "57.71",
            "revenue": 4201899
        },
        "2013-08": {
            "month": "2013-08",
            "price": "50.93",
            "revenue": 3952851
        },
        "2013-09": {
            "month": "2013-09",
            "price": "49.03",
            "revenue": 4366152
        },
        "2013-10": {
            "month": "2013-10",
            "price": "50.94",
            "revenue": 4926046
        },
        "2013-11": {
            "month": "2013-11",
            "price": "47.98",
            "revenue": 4667621
        },
        "2013-12": {
            "month": "2013-12",
            "price": "46.80",
            "revenue": 5542233
        },
        "2014-01": {
            "month": "2014-01",
            "price": "45.10",
            "revenue": 3319326
        },
        "2014-02": {
            "month": "2014-02",
            "price": "41.80",
            "revenue": 3822560
        },
        "2014-03": {
            "month": "2014-03",
            "price": "42.50",
            "revenue": 4979713
        },
        "2014-04": {
            "month": "2014-04",
            "price": "47.91",
            "revenue": 5300531
        },
        "2014-05": {
            "month": "2014-05",
            "price": "50.07",
            "revenue": 4171296
        },
        "2014-06": {
            "month": "2014-06",
            "price": "52.67",
            "revenue": 4421021
        },
        "2014-07": {
            "month": "2014-07",
            "price": "51.66",
            "revenue": 4218690
        },
        "2014-08": {
            "month": "2014-08",
            "price": "52.28",
            "revenue": 5594946
        },
        "2014-09": {
            "month": "2014-09",
            "price": "51.77",
            "revenue": 4735883
        },
        "2014-10": {
            "month": "2014-10",
            "price": "49.40",
            "revenue": 4863929
        },
        "2014-11": {
            "month": "2014-11",
            "price": "50.20",
            "revenue": 5356479
        },
        "2014-12": {
            "month": "2014-12",
            "price": "49.89",
            "revenue": 6932981
        },
        "2015-01": {
            "month": "2015-01",
            "price": "50.28",
            "revenue": 4362889
        },
        "2015-02": {
            "month": "2015-02",
            "price": "50.69",
            "revenue": 4188117
        },
        "2015-03": {
            "month": "2015-03",
            "price": "51.21",
            "revenue": 4824920
        },
        "2015-04": {
            "month": "2015-04",
            "price": "53.64",
            "revenue": 4835109
        },
        "2015-05": {
            "month": "2015-05",
            "price": "52.58",
            "revenue": 5302938
        },
        "2015-06": {
            "month": "2015-06",
            "price": "50.68",
            "revenue": 6346222
        },
        "2015-07": {
            "month": "2015-07",
            "price": "49.46",
            "revenue": 5541649
        },
        "2015-08": {
            "month": "2015-08",
            "price": "45.16",
            "revenue": 5418369
        },
        "2015-09": {
            "month": "2015-09",
            "price": "41.50",
            "revenue": 5475113
        },
        "2015-10": {
            "month": "2015-10",
            "price": "42.41",
            "revenue": 5530941
        },
        "2015-11": {
            "month": "2015-11",
            "price": "38.75",
            "revenue": 6520697
        },
        "2015-12": {
            "month": "2015-12",
            "price": "35.28",
            "revenue": 8631502
        },
        "2016-01": {
            "month": "2016-01",
            "price": "35.65",
            "revenue": 4163018
        },
        "2016-02": {
            "month": "2016-02",
            "price": "37.13",
            "revenue": 3988846
        },
        "2016-03": {
            "month": "2016-03",
            "price": "42.04",
            "revenue": 5473943
        },
        "2016-04": {
            "month": "2016-04",
            "price": "42.94",
            "revenue": 5897624
        },
        "2016-05": {
            "month": "2016-05",
            "price": "44.96",
            "revenue": 6222546
        },
        "2016-06": {
            "month": "2016-06",
            "price": "46.98",
            "revenue": 6034883
        },
        "2016-07": {
            "month": "2016-07",
            "price": "48.41",
            "revenue": 6201931
        },
        "2016-08": {
            "month": "2016-08",
            "price": "44.90",
            "revenue": 6657363
        },
        "2016-09": {
            "month": "2016-09",
            "price": "43.91",
            "revenue": 5891738
        },
        "2016-10": {
            "month": "2016-10",
            "price": "46.48",
            "revenue": 6066378
        },
        "2016-11": {
            "month": "2016-11",
            "price": "48.77",
            "revenue": 5655376
        },
        "2016-12": {
            "month": "2016-12",
            "price": "49.55",
            "revenue": 8237124
        },
        "2017-01": {
            "month": "2017-01",
            "price": "48.47",
            "revenue": 4835309
        },
        "2017-02": {
            "month": "2017-02",
            "price": "50.11",
            "revenue": 4497930
        },
        "2017-03": {
            "month": "2017-03",
            "price": "51.18",
            "revenue": 5848287
        },
        "2017-04": {
            "month": "2017-04",
            "price": "52.47",
            "revenue": 5548513
        },
        "2017-05": {
            "month": "2017-05",
            "price": "50.95",
            "revenue": 5400735
        },
        "2017-06": {
            "month": "2017-06",
            "price": "49.88",
            "revenue": 6352623
        },
        "2017-07": {
            "month": "2017-07",
            "price": "51.62",
            "revenue": 5806525
        },
        "2017-08": {
            "month": "2017-08",
            "price": "48.44",
            "revenue": 5364824
        },
        "2017-09": {
            "month": "2017-09",
            "price": "48.57",
            "revenue": 5707998
        },
        "2017-10": {
            "month": "2017-10",
            "price": "47.68",
            "revenue": 6319582
        },
        "2017-11": {
            "month": "2017-11",
            "price": "45.15",
            "revenue": 5775510
        },
        "2017-12": {
            "month": "2017-12",
            "price": "44.79",
            "revenue": 10101594
        },
        "2018-01": {
            "month": "2018-01",
            "price": "46.30",
            "revenue": 4668881
        },
        "2018-02": {
            "month": "2018-02",
            "price": "44.73",
            "revenue": 4357782
        },
        "2018-03": {
            "month": "2018-03",
            "price": "46.84",
            "revenue": 5513403
        },
        "2018-04": {
            "month": "2018-04",
            "price": "49.92",
            "revenue": 4423229
        },
        "2018-05": {
            "month": "2018-05",
            "price": "48.31",
            "revenue": 5203906
        },
        "2018-06": {
            "month": "2018-06",
            "price": "49.09",
            "revenue": 3723611
        },
        "2018-07": {
            "month": "2018-07",
            "price": "49.24",
            "revenue": 6139448
        },
        "2018-08": {
            "month": "2018-08",
            "price": "45.83",
            "revenue": 5597033
        },
        "2018-09": {
            "month": "2018-09",
            "price": "48.80",
            "revenue": 4356920
        },
        "2018-10": {
            "month": "2018-10",
            "price": "45.75",
            "revenue": 5774570
        },
        "2018-11": {
            "month": "2018-11",
            "price": "44.05",
            "revenue": 6475677
        },
        "2018-12": {
            "month": "2018-12",
            "price": "44.28",
            "revenue": 7852404
        },
        "2019-01": {
            "month": "2019-01",
            "price": "46.56",
            "revenue": 3104253
        },
        "2019-02": {
            "month": "2019-02",
            "price": "47.87",
            "revenue": 5217052
        },
        "2019-03": {
            "month": "2019-03",
            "price": "48.50",
            "revenue": 5391153
        },
        "2019-04": {
            "month": "2019-04",
            "price": "47.36",
            "revenue": 4458911
        },
        "2019-05": {
            "month": "2019-05",
            "price": "46.70",
            "revenue": 4576483
        },
        "2019-06": {
            "month": "2019-06",
            "price": "45.94",
            "revenue": 4317795
        },
        "2019-07": {
            "month": "2019-07",
            "price": "46.22",
            "revenue": 5154425
        },
        "2019-08": {
            "month": "2019-08",
            "price": "43.95",
            "revenue": 5416898
        },
        "2019-09": {
            "month": "2019-09",
            "price": "43.44",
            "revenue": 5387774
        },
        "2019-10": {
            "month": "2019-10",
            "price": "41.75",
            "revenue": 4199590
        },
        "2019-11": {
            "month": "2019-11",
            "price": "38.30",
            "revenue": 4742331
        },
        "2019-12": {
            "month": "2019-12",
            "price": "38.05",
            "revenue": 6214957
        },
        "2020-01": {
            "month": "2020-01",
            "price": "37.60",
            "revenue": 3328537
        },
        "2020-02": {
            "month": "2020-02",
            "price": "37.15",
            "revenue": 3728619
        },
        "2020-03": {
            "month": "2020-03",
            "price": "30.78",
            "revenue": 4352750
        },
        "2020-04": {
            "month": "2020-04",
            "price": "30.44",
            "revenue": 5322742
        },
        "2020-05": {
            "month": "2020-05",
            "price": "33.69",
            "revenue": 4337384
        },
        "2020-06": {
            "month": "2020-06",
            "price": "38.02",
            "revenue": 3587099
        },
        "2020-07": {
            "month": "2020-07",
            "price": "37.82",
            "revenue": 4898128
        },
        "2020-08": {
            "month": "2020-08",
            "price": "35.33",
            "revenue": 4117998
        },
        "2020-09": {
            "month": "2020-09",
            "price": "38.58",
            "revenue": 5200379
        },
        "2020-10": {
            "month": "2020-10",
            "price": "38.99",
            "revenue": 4533521
        },
        "2020-11": {
            "month": "2020-11",
            "price": "39.24",
            "revenue": 5093995
        },
        "2020-12": {
            "month": "2020-12",
            "price": "38.58",
            "revenue": 7009554
        },
        "2021-01": {
            "month": "2021-01",
            "price": "36.40",
            "revenue": 4997529
        },
        "2021-02": {
            "month": "2021-02",
            "price": "36.21",
            "revenue": 3883192
        },
        "2021-03": {
            "month": "2021-03",
            "price": "36.87",
            "revenue": 5746978
        },
        "2021-04": {
            "month": "2021-04",
            "price": "38.92",
            "revenue": 4298685
        },
        "2021-05": {
            "month": "2021-05",
            "price": "37.55",
            "revenue": 5595081
        },
        "2021-06": {
            "month": "2021-06",
            "price": "38.41",
            "revenue": 6119927
        },
        "2021-07": {
            "month": "2021-07",
            "price": "38.88",
            "revenue": 5280140
        },
        "2021-08": {
            "month": "2021-08",
            "price": "37.52",
            "revenue": 5615517
        },
        "2021-09": {
            "month": "2021-09",
            "price": "35.64",
            "revenue": 5876875
        },
        "2021-10": {
            "month": "2021-10",
            "price": "36.23",
            "revenue": 7084292
        },
        "2021-11": {
            "month": "2021-11",
            "price": "36.48",
            "revenue": 6003885
        },
        "2021-12": {
            "month": "2021-12",
            "price": "36.45",
            "revenue": 10025807
        },
        "2022-01": {
            "month": "2022-01",
            "price": "38.09",
            "revenue": 6178496
        },
        "2022-02": {
            "month": "2022-02",
            "price": "40.52",
            "revenue": 7826795
        },
        "2022-03": {
            "month": "2022-03",
            "price": "43.97",
            "revenue": 8427573
        },
        "2022-04": {
            "month": "2022-04",
            "price": "46.36",
            "revenue": 7474106
        },
        "2022-05": {
            "month": "2022-05",
            "price": "46.20",
            "revenue": 7459487
        },
        "2022-06": {
            "month": "2022-06",
            "price": "46.59",
            "revenue": 7439029
        },
        "2022-07": {
            "month": "2022-07",
            "price": "42.10",
            "revenue": 7859156
        },
        "2022-08": {
            "month": "2022-08",
            "price": "44.60",
            "revenue": 7757743
        },
        "2022-09": {
            "month": "2022-09",
            "price": "47.53",
            "revenue": 8785104
        },
        "2022-10": {
            "month": "2022-10",
            "price": "45.82",
            "revenue": 7304501
        },
        "2022-11": {
            "month": "2022-11",
            "price": "40.60",
            "revenue": 8490316
        },
        "2022-12": {
            "month": "2022-12",
            "price": "42.19",
            "revenue": 10103629
        },
        "2023-01": {
            "month": "2023-01",
            "price": "42.51",
            "revenue": 6973954
        },
        "2023-02": {
            "month": "2023-02",
            "price": "43.95",
            "revenue": 6696722
        },
        "2023-03": {
            "month": "2023-03",
            "price": "42.74",
            "revenue": 8175324
        },
        "2023-04": {
            "month": "2023-04",
            "price": "42.46",
            "revenue": 6668646
        }
    }
}
