{
    "summary": {
        "stock_name": "成霖",
        "stock_id": "9934",
        "category": "其他",
        "main_business": "水龍頭、衛浴設備及其零件、機械零件製造加工及買賣與經銷業務。<br>代理國內外廠商有關產品投標報價、業務。一般進出口貿易業務。<br>其他非鐵金屬基本工業：錠、塊、條等製造、鍛造、擠型、軋壓等。",
        "website_url": "https://tw.globeunion.com/",
        "ceo": "托德泰爾伯特",
        "pe_ratio": -7,
        "report_year_from": 2001,
        "report_year_to": 2023,
        "age": 22,
        "eps_negative_percentage": 13,
        "eps_growth_avg": {
            "last_all": -21.69,
            "last_2y": -70.04,
            "last_4y": -53.67,
            "last_8y": -45.08,
            "last_12y": -39.01,
            "last_16y": -22.44,
            "last_20y": -21.69,
            "at_2006_last_3y": 0.67,
            "at_2007_last_3y": 23.31,
            "at_2008_last_3y": 0.58,
            "at_2009_last_3y": 23.12,
            "at_2010_last_3y": 21.7,
            "at_2011_last_3y": 0.49,
            "at_2012_last_3y": -9.47,
            "at_2013_last_3y": -22.82,
            "at_2014_last_3y": -85.01,
            "at_2015_last_3y": -30.76,
            "at_2016_last_3y": -30.76,
            "at_2017_last_3y": -30.76,
            "at_2018_last_3y": -4.4,
            "at_2019_last_3y": -52.74,
            "at_2020_last_3y": -24.02,
            "at_2021_last_3y": -42.09,
            "at_2022_last_3y": -63.79,
            "at_2023_last_3y": -63.79,
            "at_2006_last_all": 4.9,
            "at_2007_last_all": 7.76,
            "at_2008_last_all": -1.94,
            "at_2009_last_all": 2.12,
            "at_2010_last_all": 12.37,
            "at_2011_last_all": 4.85,
            "at_2012_last_all": -4.68,
            "at_2013_last_all": -4.68,
            "at_2014_last_all": -11.98,
            "at_2015_last_all": -3.36,
            "at_2016_last_all": -10.27,
            "at_2017_last_all": -10.27,
            "at_2018_last_all": -10.46,
            "at_2019_last_all": -12.62,
            "at_2020_last_all": -12.69,
            "at_2021_last_all": -17.34,
            "at_2022_last_all": -21.69,
            "at_2023_last_all": -21.69
        },
        "latest_eps": -1.92,
        "latest_price": 13.45,
        "latest_roe": -14.62,
        "latest_gross_margin": 27.11,
        "latest_equity": 5333393,
        "latest_revenue": 4522613,
        "latest_gross_profit": 1226122,
        "latest_net_income": 42549,
        "latest_debt_ratio": 67.41,
        "latest_current_ratio": 151.67,
        "latest_account_receivable_turnover_ratio": 1.84,
        "latest_inventory_turnover_ratio": 0.71,
        "latest_reinvestment_rate": null,
        "latest_research_to_sale_ratio": 0.95
    },
    "eps_dividends": {
        "1998": {
            "cash": 0,
            "stock": 1.3,
            "eps": 0
        },
        "1999": {
            "cash": 0,
            "stock": 2,
            "eps": 0
        },
        "2000": {
            "cash": 0,
            "stock": 3.3,
            "eps": 0
        },
        "2001": {
            "cash": 0,
            "stock": 0,
            "eps": 5.08
        },
        "2002": {
            "cash": 0.5,
            "stock": 2.5,
            "eps": 6.19
        },
        "2003": {
            "cash": 0.3,
            "stock": 3.5,
            "eps": 1.95
        },
        "2004": {
            "cash": 0.4,
            "stock": 1.6,
            "eps": 2.55
        },
        "2005": {
            "cash": 1.9,
            "stock": 1,
            "eps": 1.03
        },
        "2006": {
            "cash": 1.03,
            "stock": 1.03,
            "eps": 2.22
        },
        "2007": {
            "cash": 1.39,
            "stock": 0.93,
            "eps": 2.71
        },
        "2008": {
            "cash": 1.51,
            "stock": 0.5,
            "eps": 1.08
        },
        "2009": {
            "cash": 0.5,
            "stock": 0,
            "eps": 1.41
        },
        "2010": {
            "cash": 0.98,
            "stock": 0,
            "eps": 2.74
        },
        "2011": {
            "cash": 1.79,
            "stock": 0,
            "eps": 1.02
        },
        "2012": {
            "cash": 0,
            "stock": 0,
            "eps": -0.76
        },
        "2013": {
            "cash": 0,
            "stock": 0,
            "eps": 5.95
        },
        "2014": {
            "cash": 0.25,
            "stock": 0.75,
            "eps": 0.46
        },
        "2015": {
            "cash": 0.5,
            "stock": 0,
            "eps": 1.41
        },
        "2016": {
            "cash": 1.2,
            "stock": 0,
            "eps": -1.31
        },
        "2017": {
            "cash": 1,
            "stock": 0,
            "eps": 1.97
        },
        "2018": {
            "cash": 1.5,
            "stock": 0,
            "eps": 1.71
        },
        "2019": {
            "cash": 1.3,
            "stock": 0,
            "eps": 0.94
        },
        "2020": {
            "cash": 0.6,
            "stock": 0,
            "eps": 0.81
        },
        "2021": {
            "cash": 0.5,
            "stock": 0,
            "eps": 0.03
        },
        "2022": {
            "cash": 0,
            "stock": 0,
            "eps": -2.48
        },
        "2023": {
            "cash": 0,
            "stock": 0,
            "eps": 0.12
        }
    },
    "dividends": {
        "1998-05-15": {
            "cash": 0,
            "stock": 1.3
        },
        "1999-04-27": {
            "cash": 0,
            "stock": 2
        },
        "2000-05-23": {
            "cash": 0,
            "stock": 3.3
        },
        "2002-06-28": {
            "cash": 0.5,
            "stock": 2.5
        },
        "2003-06-24": {
            "cash": 0.3,
            "stock": 3.5
        },
        "2004-04-19": {
            "cash": 0.4,
            "stock": 1.6
        },
        "2005-03-28": {
            "cash": 1.9,
            "stock": 1
        },
        "2006-03-28": {
            "cash": 1.03,
            "stock": 1.03
        },
        "2007-03-28": {
            "cash": 1.39,
            "stock": 0.93
        },
        "2008-03-31": {
            "cash": 1.51,
            "stock": 0.5
        },
        "2009-03-30": {
            "cash": 0.5,
            "stock": 0
        },
        "2010-06-18": {
            "cash": 0.98,
            "stock": 0
        },
        "2011-01-01": {
            "cash": 1.1,
            "stock": 0
        },
        "2011-06-13": {
            "cash": 0.69,
            "stock": 0
        },
        "2014-10-17": {
            "cash": 0.25,
            "stock": 0.75
        },
        "2015-08-28": {
            "cash": 0.5,
            "stock": 0
        },
        "2016-08-19": {
            "cash": 1.2,
            "stock": 0
        },
        "2017-07-21": {
            "cash": 1,
            "stock": 0
        },
        "2018-07-25": {
            "cash": 1.5,
            "stock": 0
        },
        "2019-07-26": {
            "cash": 1.3,
            "stock": 0
        },
        "2020-07-30": {
            "cash": 0.6,
            "stock": 0
        },
        "2021-09-17": {
            "cash": 0.5,
            "stock": 0
        }
    },
    "prices": {
        "200101": "32.06",
        "200102": "39.07",
        "200103": "47.25",
        "200104": "54.78",
        "200105": "48.12",
        "200106": "51.04",
        "200107": "50.78",
        "200108": "45.03",
        "200109": "45.02",
        "200110": "37.86",
        "200111": "41.31",
        "200112": "49.16",
        "200201": "52.36",
        "200202": "51.92",
        "200203": "56.43",
        "200204": "59.81",
        "200205": "57.48",
        "200206": "57.18",
        "200207": "54.09",
        "200208": "48.51",
        "200209": "45.46",
        "200210": "44.24",
        "200211": "50.63",
        "200212": "54.66",
        "200301": "55.47",
        "200302": "58.38",
        "200303": "52.85",
        "200304": "46.40",
        "200305": "43.53",
        "200306": "46.85",
        "200307": "47.58",
        "200308": "42.45",
        "200309": "32.17",
        "200310": "34.06",
        "200311": "35.91",
        "200312": "34.98",
        "200401": "38.01",
        "200402": "42.48",
        "200403": "46.12",
        "200404": "44.53",
        "200405": "40.79",
        "200406": "43.31",
        "200407": "43.13",
        "200408": "39.08",
        "200409": "38.47",
        "200410": "36.22",
        "200411": "35.04",
        "200412": "36.20",
        "200501": "37.87",
        "200502": "39.05",
        "200503": "40.32",
        "200504": "39.56",
        "200505": "38.33",
        "200506": "37.84",
        "200507": "37.95",
        "200508": "33.97",
        "200509": "28.59",
        "200510": "25.02",
        "200511": "23.92",
        "200512": "26.81",
        "200601": "28.89",
        "200602": "27.92",
        "200603": "26.02",
        "200604": "27.55",
        "200605": "32.40",
        "200606": "31.05",
        "200607": "30.19",
        "200608": "27.66",
        "200609": "28.80",
        "200610": "31.65",
        "200611": "32.67",
        "200612": "38.50",
        "200701": "43.16",
        "200702": "41.18",
        "200703": "37.77",
        "200704": "44.94",
        "200705": "43.96",
        "200706": "44.15",
        "200707": "45.48",
        "200708": "38.80",
        "200709": "40.95",
        "200710": "38.55",
        "200711": "34.27",
        "200712": "35.06",
        "200801": "32.11",
        "200802": "29.83",
        "200803": "33.34",
        "200804": "34.66",
        "200805": "33.47",
        "200806": "30.32",
        "200807": "26.41",
        "200808": "25.53",
        "200809": "18.82",
        "200810": "15.98",
        "200811": "13.82",
        "200812": "12.46",
        "200901": "11.97",
        "200902": "12.10",
        "200903": "15.00",
        "200904": "18.06",
        "200905": "22.41",
        "200906": "23.17",
        "200907": "22.92",
        "200908": "20.68",
        "200909": "22.51",
        "200910": "26.56",
        "200911": "32.02",
        "200912": "31.07",
        "201001": "32.06",
        "201002": "29.00",
        "201003": "33.07",
        "201004": "36.69",
        "201005": "37.01",
        "201006": "36.40",
        "201007": "36.24",
        "201008": "39.51",
        "201009": "35.08",
        "201010": "32.30",
        "201011": "31.02",
        "201012": "31.05",
        "201101": "30.58",
        "201102": "29.28",
        "201103": "32.27",
        "201104": "32.91",
        "201105": "30.16",
        "201106": "26.15",
        "201107": "24.47",
        "201108": "20.08",
        "201109": "18.80",
        "201110": "18.47",
        "201111": "18.62",
        "201112": "18.22",
        "201201": "19.25",
        "201202": "22.41",
        "201203": "21.81",
        "201204": "20.98",
        "201205": "19.66",
        "201206": "19.42",
        "201207": "19.72",
        "201208": "20.55",
        "201209": "17.88",
        "201210": "15.64",
        "201211": "14.64",
        "201212": "15.05",
        "201301": "15.35",
        "201302": "15.07",
        "201303": "15.39",
        "201304": "14.00",
        "201305": "15.57",
        "201306": "18.95",
        "201307": "22.85",
        "201308": "21.26",
        "201309": "22.80",
        "201310": "21.88",
        "201311": "22.72",
        "201312": "22.92",
        "201401": "21.75",
        "201402": "22.14",
        "201403": "22.97",
        "201404": "22.29",
        "201405": "18.63",
        "201406": "17.41",
        "201407": "17.08",
        "201408": "16.95",
        "201409": "16.29",
        "201410": "14.96",
        "201411": "14.98",
        "201412": "15.37",
        "201501": "15.75",
        "201502": "15.36",
        "201503": "15.80",
        "201504": "15.62",
        "201505": "14.22",
        "201506": "13.41",
        "201507": "12.63",
        "201508": "11.87",
        "201509": "14.52",
        "201510": "15.75",
        "201511": "14.72",
        "201512": "14.32",
        "201601": "13.90",
        "201602": "14.80",
        "201603": "15.52",
        "201604": "15.42",
        "201605": "14.27",
        "201606": "14.23",
        "201607": "14.44",
        "201608": "14.69",
        "201609": "16.30",
        "201610": "15.56",
        "201611": "14.37",
        "201612": "15.80",
        "201701": "16.32",
        "201702": "16.38",
        "201703": "17.59",
        "201704": "16.87",
        "201705": "19.23",
        "201706": "20.79",
        "201707": "20.56",
        "201708": "22.50",
        "201709": "19.78",
        "201710": "19.87",
        "201711": "21.75",
        "201712": "22.11",
        "201801": "20.42",
        "201802": "19.00",
        "201803": "20.05",
        "201804": "21.09",
        "201805": "20.76",
        "201806": "19.61",
        "201807": "16.39",
        "201808": "15.90",
        "201809": "16.02",
        "201810": "15.13",
        "201811": "15.80",
        "201812": "15.87",
        "201901": "16.84",
        "201902": "16.99",
        "201903": "17.11",
        "201904": "17.76",
        "201905": "17.50",
        "201906": "17.92",
        "201907": "16.45",
        "201908": "16.18",
        "201909": "16.51",
        "201910": "16.68",
        "201911": "17.32",
        "201912": "17.58",
        "202001": "17.63",
        "202002": "16.90",
        "202003": "13.11",
        "202004": "12.37",
        "202005": "12.52",
        "202006": "13.34",
        "202007": "12.80",
        "202008": "13.14",
        "202009": "14.95",
        "202010": "15.16",
        "202011": "15.62",
        "202012": "15.42",
        "202101": "15.06",
        "202102": "15.42",
        "202103": "16.55",
        "202104": "18.14",
        "202105": "16.82",
        "202106": "16.91",
        "202107": "17.58",
        "202108": "16.50",
        "202109": "15.58",
        "202110": "15.22",
        "202111": "15.05",
        "202112": "14.77",
        "202201": "14.71",
        "202202": "14.74",
        "202203": "13.82",
        "202204": "12.64",
        "202205": "12.06",
        "202206": "12.13",
        "202207": "11.61",
        "202208": "12.46",
        "202209": "12.27",
        "202210": "11.72",
        "202211": "12.73",
        "202212": "13.42",
        "202301": "13.17",
        "202302": "13.18",
        "202303": "12.77",
        "202304": "13.73",
        "202305": "13.82",
        "202306": "13.36"
    },
    "quarters": {
        "20011": {
            "year_quarter": 20011,
            "year": 2001,
            "quarter": 1,
            "eps": 0.77,
            "eps_growth_year": -24.51,
            "eps_4q": 3.26,
            "eps_4q_growth_year": -13.71,
            "roe": 4.8,
            "roe_4q": 4.8,
            "gross_profit": 134303,
            "gross_margin": 23.99,
            "gross_margin_4q_avg": 23.99,
            "net_income": 42010,
            "revenue": 559931,
            "common_shares": 546696,
            "book_valuer_per_share": 15.3,
            "book_valuer_per_share_4q_avg": 15.3,
            "equity": 836433,
            "current_ratio": 167.95,
            "debt_ratio": 32.41,
            "inventory_turnover_ratio": 1.84,
            "account_receivable_turnover_ratio": null,
            "reinvestment_rate": null,
            "research_to_sale_ratio": null,
            "price_fair": 0,
            "eps_avg_yearly": 0,
            "eps_latest_yearly": 0,
            "eps_growth_yearly": 0
        },
        "20012": {
            "year_quarter": 20012,
            "year": 2001,
            "quarter": 2,
            "eps": 2.15,
            "eps_growth_year": 73.39,
            "eps_4q": 4.48,
            "eps_4q_growth_year": 10.76,
            "roe": 13.21,
            "roe_4q": 18.01,
            "gross_profit": 221708,
            "gross_margin": 26.23,
            "gross_margin_4q_avg": 25.11,
            "net_income": 117722,
            "revenue": 845188,
            "common_shares": 546696,
            "book_valuer_per_share": 17.31,
            "book_valuer_per_share_4q_avg": 16.31,
            "equity": 946227,
            "current_ratio": 187.76,
            "debt_ratio": 28.04,
            "inventory_turnover_ratio": 6.05,
            "account_receivable_turnover_ratio": null,
            "reinvestment_rate": null,
            "research_to_sale_ratio": null,
            "price_fair": 0,
            "eps_avg_yearly": 0,
            "eps_latest_yearly": 0,
            "eps_growth_yearly": 0
        },
        "20013": {
            "year_quarter": 20013,
            "year": 2001,
            "quarter": 3,
            "eps": 2.03,
            "eps_growth_year": 133.33,
            "eps_4q": 4.94,
            "eps_4q_growth_year": 53.09,
            "roe": 13.64,
            "roe_4q": 31.650000000000002,
            "gross_profit": 267778,
            "gross_margin": 30.58,
            "gross_margin_4q_avg": 26.93,
            "net_income": 138066,
            "revenue": 875738,
            "common_shares": 678881,
            "book_valuer_per_share": 15.89,
            "book_valuer_per_share_4q_avg": 16.17,
            "equity": 1078724,
            "current_ratio": 224.16,
            "debt_ratio": 26.4,
            "inventory_turnover_ratio": 4.62,
            "account_receivable_turnover_ratio": null,
            "reinvestment_rate": null,
            "research_to_sale_ratio": null,
            "price_fair": 0,
            "eps_avg_yearly": 0,
            "eps_latest_yearly": 0,
            "eps_growth_yearly": 0
        },
        "20014": {
            "year_quarter": 20014,
            "year": 2001,
            "quarter": 4,
            "eps": 0.13,
            "eps_growth_year": -81.43,
            "eps_4q": 4.41,
            "eps_4q_growth_year": 35.14,
            "roe": 0.74,
            "roe_4q": 32.39,
            "gross_profit": 143709,
            "gross_margin": 27.12,
            "gross_margin_4q_avg": 26.98,
            "net_income": 9055,
            "revenue": 529820,
            "common_shares": 678881,
            "book_valuer_per_share": 16.16,
            "book_valuer_per_share_4q_avg": 16.17,
            "equity": 1383754,
            "current_ratio": 239.61,
            "debt_ratio": 33.9,
            "inventory_turnover_ratio": 1,
            "account_receivable_turnover_ratio": null,
            "reinvestment_rate": null,
            "research_to_sale_ratio": null,
            "price_fair": 0,
            "eps_avg_yearly": 0,
            "eps_latest_yearly": 0,
            "eps_growth_yearly": 0
        },
        "20021": {
            "year_quarter": 20021,
            "year": 2002,
            "quarter": 1,
            "eps": 1.69,
            "eps_growth_year": 119.48,
            "eps_4q": 5.61,
            "eps_4q_growth_year": 71.79,
            "roe": 8.82,
            "roe_4q": 36.410000000000004,
            "gross_profit": 212519,
            "gross_margin": 26.04,
            "gross_margin_4q_avg": 27.49,
            "net_income": 114263,
            "revenue": 816111,
            "common_shares": 678881,
            "book_valuer_per_share": 17.8,
            "book_valuer_per_share_4q_avg": 16.79,
            "equity": 1208710,
            "current_ratio": 177.39,
            "debt_ratio": 28.39,
            "inventory_turnover_ratio": 1.77,
            "account_receivable_turnover_ratio": null,
            "reinvestment_rate": null,
            "research_to_sale_ratio": null,
            "price_fair": 236.6,
            "eps_avg_yearly": 6.76,
            "eps_latest_yearly": 6.76,
            "eps_growth_yearly": 4800
        },
        "20022": {
            "year_quarter": 20022,
            "year": 2002,
            "quarter": 2,
            "eps": 1.35,
            "eps_growth_year": -37.21,
            "eps_4q": 5.2,
            "eps_4q_growth_year": 15.99,
            "roe": 6.33,
            "roe_4q": 29.53,
            "gross_profit": 214349,
            "gross_margin": 25.19,
            "gross_margin_4q_avg": 27.23,
            "net_income": 91645,
            "revenue": 851008,
            "common_shares": 678881,
            "book_valuer_per_share": 24.86,
            "book_valuer_per_share_4q_avg": 18.68,
            "equity": 1687799,
            "current_ratio": 278.59,
            "debt_ratio": 21.36,
            "inventory_turnover_ratio": 20.39,
            "account_receivable_turnover_ratio": null,
            "reinvestment_rate": null,
            "research_to_sale_ratio": null,
            "price_fair": 212.8,
            "eps_avg_yearly": 6.08,
            "eps_latest_yearly": 5.4,
            "eps_growth_yearly": 2359.76
        },
        "20023": {
            "year_quarter": 20023,
            "year": 2002,
            "quarter": 3,
            "eps": 1.71,
            "eps_growth_year": -15.76,
            "eps_4q": 4.09,
            "eps_4q_growth_year": -17.24,
            "roe": 8.33,
            "roe_4q": 24.22,
            "gross_profit": 275004,
            "gross_margin": 26.6,
            "gross_margin_4q_avg": 26.24,
            "net_income": 154632,
            "revenue": 1034037,
            "common_shares": 1052884,
            "book_valuer_per_share": 19.22,
            "book_valuer_per_share_4q_avg": 19.51,
            "equity": 2023318,
            "current_ratio": 300.77,
            "debt_ratio": 20.84,
            "inventory_turnover_ratio": 24.86,
            "account_receivable_turnover_ratio": null,
            "reinvestment_rate": null,
            "research_to_sale_ratio": null,
            "price_fair": 221.67,
            "eps_avg_yearly": 6.33,
            "eps_latest_yearly": 6.84,
            "eps_growth_yearly": 1608.73
        },
        "20024": {
            "year_quarter": 20024,
            "year": 2002,
            "quarter": 4,
            "eps": 1.44,
            "eps_growth_year": 1007.69,
            "eps_4q": 5.22,
            "eps_4q_growth_year": 18.5,
            "roe": 5.72,
            "roe_4q": 29.200000000000003,
            "gross_profit": 293113,
            "gross_margin": 26.06,
            "gross_margin_4q_avg": 25.97,
            "net_income": 137328,
            "revenue": 1124781,
            "common_shares": 1052884,
            "book_valuer_per_share": 20.58,
            "book_valuer_per_share_4q_avg": 20.62,
            "equity": 2774703,
            "current_ratio": 251.38,
            "debt_ratio": 31.38,
            "inventory_turnover_ratio": 2.17,
            "account_receivable_turnover_ratio": null,
            "reinvestment_rate": 49.18,
            "research_to_sale_ratio": null,
            "price_fair": 216.65,
            "eps_avg_yearly": 6.19,
            "eps_latest_yearly": 5.76,
            "eps_growth_yearly": 1190.76
        },
        "20031": {
            "year_quarter": 20031,
            "year": 2003,
            "quarter": 1,
            "eps": 1.91,
            "eps_growth_year": 13.02,
            "eps_4q": 5.56,
            "eps_4q_growth_year": -0.85,
            "roe": 7.81,
            "roe_4q": 28.189999999999998,
            "gross_profit": 318764,
            "gross_margin": 26.35,
            "gross_margin_4q_avg": 26.05,
            "net_income": 200771,
            "revenue": 1209566,
            "common_shares": 1052884,
            "book_valuer_per_share": 22.46,
            "book_valuer_per_share_4q_avg": 21.78,
            "equity": 2365134,
            "current_ratio": 256.3,
            "debt_ratio": 18.88,
            "inventory_turnover_ratio": 2.3,
            "account_receivable_turnover_ratio": null,
            "reinvestment_rate": 4.05,
            "research_to_sale_ratio": null,
            "price_fair": 226.8,
            "eps_avg_yearly": 6.48,
            "eps_latest_yearly": 7.64,
            "eps_growth_yearly": 978.72
        },
        "20032": {
            "year_quarter": 20032,
            "year": 2003,
            "quarter": 2,
            "eps": -0.65,
            "eps_growth_year": -148.15,
            "eps_4q": 4.03,
            "eps_4q_growth_year": -22.59,
            "roe": -3,
            "roe_4q": 18.86,
            "gross_profit": 93161,
            "gross_margin": 23.89,
            "gross_margin_4q_avg": 25.73,
            "net_income": -68877,
            "revenue": 390017,
            "common_shares": 1052884,
            "book_valuer_per_share": 21.19,
            "book_valuer_per_share_4q_avg": 20.86,
            "equity": 2231346,
            "current_ratio": 226.51,
            "debt_ratio": 20.25,
            "inventory_turnover_ratio": 2.83,
            "account_receivable_turnover_ratio": null,
            "reinvestment_rate": 6.15,
            "research_to_sale_ratio": null,
            "price_fair": 226.8,
            "eps_avg_yearly": 6.48,
            "eps_latest_yearly": 7.64,
            "eps_growth_yearly": 978.72
        },
        "20033": {
            "year_quarter": 20033,
            "year": 2003,
            "quarter": 3,
            "eps": 0.04,
            "eps_growth_year": -97.66,
            "eps_4q": 2.09,
            "eps_4q_growth_year": -48.97,
            "roe": 0.24,
            "roe_4q": 10.77,
            "gross_profit": 196638,
            "gross_margin": 30.15,
            "gross_margin_4q_avg": 26.61,
            "net_income": 5264,
            "revenue": 652239,
            "common_shares": 1431684,
            "book_valuer_per_share": 15.46,
            "book_valuer_per_share_4q_avg": 19.92,
            "equity": 2213716,
            "current_ratio": 271.2,
            "debt_ratio": 12.9,
            "inventory_turnover_ratio": 2.94,
            "account_receivable_turnover_ratio": null,
            "reinvestment_rate": 6.46,
            "research_to_sale_ratio": null,
            "price_fair": 226.8,
            "eps_avg_yearly": 6.48,
            "eps_latest_yearly": 7.64,
            "eps_growth_yearly": 978.72
        },
        "20034": {
            "year_quarter": 20034,
            "year": 2003,
            "quarter": 4,
            "eps": 0.65,
            "eps_growth_year": -54.86,
            "eps_4q": 1.58,
            "eps_4q_growth_year": -69.7,
            "roe": 3.22,
            "roe_4q": 8.27,
            "gross_profit": 283673,
            "gross_margin": 35.5,
            "gross_margin_4q_avg": 28.97,
            "net_income": 95651,
            "revenue": 799182,
            "common_shares": 1686684,
            "book_valuer_per_share": 17.63,
            "book_valuer_per_share_4q_avg": 19.19,
            "equity": 3720796,
            "current_ratio": 182.49,
            "debt_ratio": 45.62,
            "inventory_turnover_ratio": 0.57,
            "account_receivable_turnover_ratio": null,
            "reinvestment_rate": 99.23,
            "research_to_sale_ratio": null,
            "price_fair": 204.17,
            "eps_avg_yearly": 5.83,
            "eps_latest_yearly": 2.6,
            "eps_growth_yearly": 1832.27
        },
        "20041": {
            "year_quarter": 20041,
            "year": 2004,
            "quarter": 1,
            "eps": 1.08,
            "eps_growth_year": -43.46,
            "eps_4q": 1.27,
            "eps_4q_growth_year": -77.16,
            "roe": 5.33,
            "roe_4q": 5.790000000000001,
            "gross_profit": 311403,
            "gross_margin": 29.36,
            "gross_margin_4q_avg": 29.73,
            "net_income": 182109,
            "revenue": 1060539,
            "common_shares": 1686684,
            "book_valuer_per_share": 18.47,
            "book_valuer_per_share_4q_avg": 18.19,
            "equity": 3115885,
            "current_ratio": 308.67,
            "debt_ratio": 16.45,
            "inventory_turnover_ratio": 0.81,
            "account_receivable_turnover_ratio": null,
            "reinvestment_rate": 3.34,
            "research_to_sale_ratio": null,
            "price_fair": 196.6,
            "eps_avg_yearly": 5.62,
            "eps_latest_yearly": 4.32,
            "eps_growth_yearly": 1608.32
        },
        "20042": {
            "year_quarter": 20042,
            "year": 2004,
            "quarter": 2,
            "eps": 0.73,
            "eps_growth_year": null,
            "eps_4q": 2.18,
            "eps_4q_growth_year": -45.91,
            "roe": 4.51,
            "roe_4q": 13.3,
            "gross_profit": 298573,
            "gross_margin": 24.59,
            "gross_margin_4q_avg": 29.9,
            "net_income": 142752,
            "revenue": 1213968,
            "common_shares": 1686684,
            "book_valuer_per_share": 19.03,
            "book_valuer_per_share_4q_avg": 17.65,
            "equity": 3209517,
            "current_ratio": 347.94,
            "debt_ratio": 13.76,
            "inventory_turnover_ratio": 5.87,
            "account_receivable_turnover_ratio": null,
            "reinvestment_rate": 3.49,
            "research_to_sale_ratio": null,
            "price_fair": 184.8,
            "eps_avg_yearly": 5.28,
            "eps_latest_yearly": 2.92,
            "eps_growth_yearly": 1391.07
        },
        "20043": {
            "year_quarter": 20043,
            "year": 2004,
            "quarter": 3,
            "eps": 0.52,
            "eps_growth_year": 1200,
            "eps_4q": 2.67,
            "eps_4q_growth_year": 28.02,
            "roe": 3.11,
            "roe_4q": 16.169999999999998,
            "gross_profit": 239432,
            "gross_margin": 21.1,
            "gross_margin_4q_avg": 27.64,
            "net_income": 101696,
            "revenue": 1134823,
            "common_shares": 1956553,
            "book_valuer_per_share": 16.99,
            "book_valuer_per_share_4q_avg": 18.03,
            "equity": 3324755,
            "current_ratio": 399.93,
            "debt_ratio": 11.44,
            "inventory_turnover_ratio": 6.19,
            "account_receivable_turnover_ratio": null,
            "reinvestment_rate": 3.53,
            "research_to_sale_ratio": null,
            "price_fair": 172.36,
            "eps_avg_yearly": 4.92,
            "eps_latest_yearly": 2.08,
            "eps_growth_yearly": 1223.72
        },
        "20044": {
            "year_quarter": 20044,
            "year": 2004,
            "quarter": 4,
            "eps": 0.22,
            "eps_growth_year": -66.15,
            "eps_4q": 2.38,
            "eps_4q_growth_year": 50.56,
            "roe": 1.16,
            "roe_4q": 14.11,
            "gross_profit": 204304,
            "gross_margin": 21.85,
            "gross_margin_4q_avg": 24.23,
            "net_income": 43405,
            "revenue": 935002,
            "common_shares": 1956553,
            "book_valuer_per_share": 16.8,
            "book_valuer_per_share_4q_avg": 17.82,
            "equity": 4151734,
            "current_ratio": 189.83,
            "debt_ratio": 44.5,
            "inventory_turnover_ratio": 0.79,
            "account_receivable_turnover_ratio": null,
            "reinvestment_rate": 63.84,
            "research_to_sale_ratio": null,
            "price_fair": 158.2,
            "eps_avg_yearly": 4.52,
            "eps_latest_yearly": 0.88,
            "eps_growth_yearly": 1078.27
        },
        "20051": {
            "year_quarter": 20051,
            "year": 2005,
            "quarter": 1,
            "eps": 0.24,
            "eps_growth_year": -77.78,
            "eps_4q": 1.73,
            "eps_4q_growth_year": 36.14,
            "roe": 1.24,
            "roe_4q": 10.02,
            "gross_profit": 165695,
            "gross_margin": 21.96,
            "gross_margin_4q_avg": 22.38,
            "net_income": 46397,
            "revenue": 754444,
            "common_shares": 1956553,
            "book_valuer_per_share": 16.9,
            "book_valuer_per_share_4q_avg": 17.43,
            "equity": 3306585,
            "current_ratio": 481.49,
            "debt_ratio": 29.03,
            "inventory_turnover_ratio": 0.68,
            "account_receivable_turnover_ratio": null,
            "reinvestment_rate": 3.35,
            "research_to_sale_ratio": null,
            "price_fair": 146.87,
            "eps_avg_yearly": 4.2,
            "eps_latest_yearly": 0.96,
            "eps_growth_yearly": 983.55
        },
        "20052": {
            "year_quarter": 20052,
            "year": 2005,
            "quarter": 2,
            "eps": 0.11,
            "eps_growth_year": -84.93,
            "eps_4q": 0.97,
            "eps_4q_growth_year": -55.39,
            "roe": 0.72,
            "roe_4q": 6.23,
            "gross_profit": 234443,
            "gross_margin": 22.26,
            "gross_margin_4q_avg": 21.79,
            "net_income": 24459,
            "revenue": 1053293,
            "common_shares": 1956553,
            "book_valuer_per_share": 17.76,
            "book_valuer_per_share_4q_avg": 17.11,
            "equity": 3474654,
            "current_ratio": 201.6,
            "debt_ratio": 36.23,
            "inventory_turnover_ratio": 13.14,
            "account_receivable_turnover_ratio": null,
            "reinvestment_rate": 3.4,
            "research_to_sale_ratio": null,
            "price_fair": 135.92,
            "eps_avg_yearly": 3.88,
            "eps_latest_yearly": 0.44,
            "eps_growth_yearly": 883.54
        },
        "20053": {
            "year_quarter": 20053,
            "year": 2005,
            "quarter": 3,
            "eps": 0.52,
            "eps_growth_year": 0,
            "eps_4q": 1.05,
            "eps_4q_growth_year": -60.64,
            "roe": 3.14,
            "roe_4q": 6.260000000000001,
            "gross_profit": 256789,
            "gross_margin": 23.06,
            "gross_margin_4q_avg": 22.28,
            "net_income": 111879,
            "revenue": 1113666,
            "common_shares": 2152208,
            "book_valuer_per_share": 16.97,
            "book_valuer_per_share_4q_avg": 17.11,
            "equity": 3652719,
            "current_ratio": 212.23,
            "debt_ratio": 32.18,
            "inventory_turnover_ratio": 11.03,
            "account_receivable_turnover_ratio": null,
            "reinvestment_rate": 3.09,
            "research_to_sale_ratio": null,
            "price_fair": 131.06,
            "eps_avg_yearly": 3.74,
            "eps_latest_yearly": 2.08,
            "eps_growth_yearly": 930.26
        },
        "20054": {
            "year_quarter": 20054,
            "year": 2005,
            "quarter": 4,
            "eps": 0.16,
            "eps_growth_year": -27.27,
            "eps_4q": 0.99,
            "eps_4q_growth_year": -58.34,
            "roe": 0.78,
            "roe_4q": 5.88,
            "gross_profit": 207388,
            "gross_margin": 16.56,
            "gross_margin_4q_avg": 20.96,
            "net_income": 35127,
            "revenue": 1252373,
            "common_shares": 2152208,
            "book_valuer_per_share": 16.73,
            "book_valuer_per_share_4q_avg": 17.09,
            "equity": 5366471,
            "current_ratio": 222.64,
            "debt_ratio": 46.52,
            "inventory_turnover_ratio": 1.03,
            "account_receivable_turnover_ratio": null,
            "reinvestment_rate": 70.66,
            "research_to_sale_ratio": null,
            "price_fair": 123.3,
            "eps_avg_yearly": 3.52,
            "eps_latest_yearly": 0.64,
            "eps_growth_yearly": 844.03
        },
        "20061": {
            "year_quarter": 20061,
            "year": 2006,
            "quarter": 1,
            "eps": 0.7,
            "eps_growth_year": 191.67,
            "eps_4q": 1.51,
            "eps_4q_growth_year": -12.7,
            "roe": 3.31,
            "roe_4q": 7.95,
            "gross_profit": 224166,
            "gross_margin": 18.24,
            "gross_margin_4q_avg": 20.03,
            "net_income": 148281,
            "revenue": 1228897,
            "common_shares": 2152208,
            "book_valuer_per_share": 16.72,
            "book_valuer_per_share_4q_avg": 17.05,
            "equity": 3599408,
            "current_ratio": 148.68,
            "debt_ratio": 35.29,
            "inventory_turnover_ratio": 0.99,
            "account_receivable_turnover_ratio": null,
            "reinvestment_rate": 3.14,
            "research_to_sale_ratio": null,
            "price_fair": 113.4,
            "eps_avg_yearly": 3.24,
            "eps_latest_yearly": 2.8,
            "eps_growth_yearly": 597.6
        },
        "20062": {
            "year_quarter": 20062,
            "year": 2006,
            "quarter": 2,
            "eps": 0.62,
            "eps_growth_year": 463.64,
            "eps_4q": 1.89,
            "eps_4q_growth_year": 94.72,
            "roe": 4.05,
            "roe_4q": 11.28,
            "gross_profit": 238315,
            "gross_margin": 19.43,
            "gross_margin_4q_avg": 19.32,
            "net_income": 144024,
            "revenue": 1226640,
            "common_shares": 2152208,
            "book_valuer_per_share": 16.35,
            "book_valuer_per_share_4q_avg": 16.69,
            "equity": 3518595,
            "current_ratio": 74.44,
            "debt_ratio": 39.05,
            "inventory_turnover_ratio": 25.19,
            "account_receivable_turnover_ratio": null,
            "reinvestment_rate": 3.54,
            "research_to_sale_ratio": null,
            "price_fair": 106.1,
            "eps_avg_yearly": 3.03,
            "eps_latest_yearly": 2.48,
            "eps_growth_yearly": 600.08
        },
        "20063": {
            "year_quarter": 20063,
            "year": 2006,
            "quarter": 3,
            "eps": 0.62,
            "eps_growth_year": 19.23,
            "eps_4q": 2.04,
            "eps_4q_growth_year": 94.36,
            "roe": 3.92,
            "roe_4q": 12.059999999999999,
            "gross_profit": 251013,
            "gross_margin": 19.01,
            "gross_margin_4q_avg": 18.31,
            "net_income": 142675,
            "revenue": 1320694,
            "common_shares": 2367429,
            "book_valuer_per_share": 15.85,
            "book_valuer_per_share_4q_avg": 16.41,
            "equity": 3752446,
            "current_ratio": 71.79,
            "debt_ratio": 36.67,
            "inventory_turnover_ratio": 26.28,
            "account_receivable_turnover_ratio": null,
            "reinvestment_rate": 2.15,
            "research_to_sale_ratio": null,
            "price_fair": 95.2,
            "eps_avg_yearly": 2.72,
            "eps_latest_yearly": 2.48,
            "eps_growth_yearly": 592.47
        },
        "20064": {
            "year_quarter": 20064,
            "year": 2006,
            "quarter": 4,
            "eps": 0.28,
            "eps_growth_year": 75,
            "eps_4q": 2.15,
            "eps_4q_growth_year": 116.51,
            "roe": 1.35,
            "roe_4q": 12.63,
            "gross_profit": 230446,
            "gross_margin": 15.37,
            "gross_margin_4q_avg": 18.01,
            "net_income": 65182,
            "revenue": 1499237,
            "common_shares": 2374889,
            "book_valuer_per_share": 16.62,
            "book_valuer_per_share_4q_avg": 16.39,
            "equity": 5923251,
            "current_ratio": 174.6,
            "debt_ratio": 47.09,
            "inventory_turnover_ratio": 0.85,
            "account_receivable_turnover_ratio": null,
            "reinvestment_rate": 51.73,
            "research_to_sale_ratio": null,
            "price_fair": 83.6,
            "eps_avg_yearly": 2.39,
            "eps_latest_yearly": 1.12,
            "eps_growth_yearly": 581.31
        },
        "20071": {
            "year_quarter": 20071,
            "year": 2007,
            "quarter": 1,
            "eps": 0.29,
            "eps_growth_year": -58.57,
            "eps_4q": 1.78,
            "eps_4q_growth_year": 17.62,
            "roe": 1.37,
            "roe_4q": 10.690000000000001,
            "gross_profit": 149598,
            "gross_margin": 12.74,
            "gross_margin_4q_avg": 16.64,
            "net_income": 68699,
            "revenue": 1174049,
            "common_shares": 2385429,
            "book_valuer_per_share": 17.21,
            "book_valuer_per_share_4q_avg": 16.51,
            "equity": 4106130,
            "current_ratio": 70.05,
            "debt_ratio": 39.33,
            "inventory_turnover_ratio": 0.69,
            "account_receivable_turnover_ratio": null,
            "reinvestment_rate": -0.22,
            "research_to_sale_ratio": null,
            "price_fair": 67.4,
            "eps_avg_yearly": 1.93,
            "eps_latest_yearly": 1.16,
            "eps_growth_yearly": 573
        },
        "20072": {
            "year_quarter": 20072,
            "year": 2007,
            "quarter": 2,
            "eps": 1.42,
            "eps_growth_year": 129.03,
            "eps_4q": 2.48,
            "eps_4q_growth_year": 30.88,
            "roe": 8.63,
            "roe_4q": 15.27,
            "gross_profit": 190439,
            "gross_margin": 12.18,
            "gross_margin_4q_avg": 14.83,
            "net_income": 372183,
            "revenue": 1563074,
            "common_shares": 2553414,
            "book_valuer_per_share": 17.71,
            "book_valuer_per_share_4q_avg": 16.85,
            "equity": 4523140,
            "current_ratio": 106.17,
            "debt_ratio": 47.16,
            "inventory_turnover_ratio": 33.37,
            "account_receivable_turnover_ratio": null,
            "reinvestment_rate": -1.55,
            "research_to_sale_ratio": null,
            "price_fair": 76.16,
            "eps_avg_yearly": 2.18,
            "eps_latest_yearly": 5.68,
            "eps_growth_yearly": 638.71
        },
        "20073": {
            "year_quarter": 20073,
            "year": 2007,
            "quarter": 3,
            "eps": 0.8,
            "eps_growth_year": 29.03,
            "eps_4q": 2.7,
            "eps_4q_growth_year": 32.06,
            "roe": 4.6,
            "roe_4q": 15.950000000000001,
            "gross_profit": 272134,
            "gross_margin": 17.02,
            "gross_margin_4q_avg": 14.33,
            "net_income": 213320,
            "revenue": 1598433,
            "common_shares": 2795704,
            "book_valuer_per_share": 17,
            "book_valuer_per_share_4q_avg": 17.14,
            "equity": 4752629,
            "current_ratio": 120.94,
            "debt_ratio": 46.19,
            "inventory_turnover_ratio": 20.67,
            "account_receivable_turnover_ratio": null,
            "reinvestment_rate": -1.66,
            "research_to_sale_ratio": null,
            "price_fair": 78.4,
            "eps_avg_yearly": 2.24,
            "eps_latest_yearly": 3.2,
            "eps_growth_yearly": 587.88
        },
        "20074": {
            "year_quarter": 20074,
            "year": 2007,
            "quarter": 4,
            "eps": 0.2,
            "eps_growth_year": -28.57,
            "eps_4q": 2.61,
            "eps_4q_growth_year": 21.34,
            "roe": 0.89,
            "roe_4q": 15.490000000000002,
            "gross_profit": 258137,
            "gross_margin": 21.47,
            "gross_margin_4q_avg": 15.85,
            "net_income": 54356,
            "revenue": 1202484,
            "common_shares": 2797928,
            "book_valuer_per_share": 17.54,
            "book_valuer_per_share_4q_avg": 17.37,
            "equity": 7483226,
            "current_ratio": 190.58,
            "debt_ratio": 61.54,
            "inventory_turnover_ratio": 0.4,
            "account_receivable_turnover_ratio": null,
            "reinvestment_rate": 20.5,
            "research_to_sale_ratio": null,
            "price_fair": 74.46,
            "eps_avg_yearly": 2.13,
            "eps_latest_yearly": 0.8,
            "eps_growth_yearly": 187.88
        },
        "20081": {
            "year_quarter": 20081,
            "year": 2008,
            "quarter": 1,
            "eps": 0.53,
            "eps_growth_year": 82.76,
            "eps_4q": 2.32,
            "eps_4q_growth_year": 30.52,
            "roe": 2.43,
            "roe_4q": 16.55,
            "gross_profit": 1827796,
            "gross_margin": 31.06,
            "gross_margin_4q_avg": 20.43,
            "net_income": 180027,
            "revenue": 5884522,
            "common_shares": 2803208,
            "book_valuer_per_share": 16.84,
            "book_valuer_per_share_4q_avg": 17.27,
            "equity": 7326565,
            "current_ratio": 200.37,
            "debt_ratio": 60.32,
            "inventory_turnover_ratio": 0.89,
            "account_receivable_turnover_ratio": null,
            "reinvestment_rate": 94.07,
            "research_to_sale_ratio": null,
            "price_fair": 69.65,
            "eps_avg_yearly": 1.99,
            "eps_latest_yearly": 2.12,
            "eps_growth_yearly": 212.59
        },
        "20082": {
            "year_quarter": 20082,
            "year": 2008,
            "quarter": 2,
            "eps": 0.19,
            "eps_growth_year": -86.62,
            "eps_4q": 0.97,
            "eps_4q_growth_year": -60.81,
            "roe": 1.31,
            "roe_4q": 9.23,
            "gross_profit": 1883003,
            "gross_margin": 30.8,
            "gross_margin_4q_avg": 25.09,
            "net_income": 91676,
            "revenue": 6112648,
            "common_shares": 2804078,
            "book_valuer_per_share": 15.61,
            "book_valuer_per_share_4q_avg": 16.75,
            "equity": 6671783,
            "current_ratio": 158.56,
            "debt_ratio": 64.29,
            "inventory_turnover_ratio": 0.95,
            "account_receivable_turnover_ratio": null,
            "reinvestment_rate": 106.13,
            "research_to_sale_ratio": null,
            "price_fair": 64.93,
            "eps_avg_yearly": 1.86,
            "eps_latest_yearly": 0.76,
            "eps_growth_yearly": 204.65
        },
        "20083": {
            "year_quarter": 20083,
            "year": 2008,
            "quarter": 3,
            "eps": 0.34,
            "eps_growth_year": -57.5,
            "eps_4q": 2.08,
            "eps_4q_growth_year": -23.06,
            "roe": 0.84,
            "roe_4q": 5.47,
            "gross_profit": 1586886,
            "gross_margin": 25.13,
            "gross_margin_4q_avg": 27.12,
            "net_income": 57177,
            "revenue": 6314685,
            "common_shares": 2943975,
            "book_valuer_per_share": 15.64,
            "book_valuer_per_share_4q_avg": 16.41,
            "equity": 6967415,
            "current_ratio": 164.03,
            "debt_ratio": 61.66,
            "inventory_turnover_ratio": 1.05,
            "account_receivable_turnover_ratio": null,
            "reinvestment_rate": 129.31,
            "research_to_sale_ratio": null,
            "price_fair": 63.35,
            "eps_avg_yearly": 1.81,
            "eps_latest_yearly": 1.36,
            "eps_growth_yearly": 231.58
        },
        "20084": {
            "year_quarter": 20084,
            "year": 2008,
            "quarter": 4,
            "eps": 0.02,
            "eps_growth_year": -90,
            "eps_4q": 0.09,
            "eps_4q_growth_year": -96.43,
            "roe": 0.91,
            "roe_4q": 5.49,
            "gross_profit": 1367830,
            "gross_margin": 29.79,
            "gross_margin_4q_avg": 29.2,
            "net_income": 64682,
            "revenue": 4591232,
            "common_shares": 2943974,
            "book_valuer_per_share": 15.07,
            "book_valuer_per_share_4q_avg": 15.79,
            "equity": 7230783,
            "current_ratio": 153.83,
            "debt_ratio": 60.36,
            "inventory_turnover_ratio": 0.7,
            "account_receivable_turnover_ratio": 2.62,
            "reinvestment_rate": 67.15,
            "research_to_sale_ratio": null,
            "price_fair": 61.6,
            "eps_avg_yearly": 1.76,
            "eps_latest_yearly": 0.08,
            "eps_growth_yearly": 222.47
        },
        "20091": {
            "year_quarter": 20091,
            "year": 2009,
            "quarter": 1,
            "eps": 0.28,
            "eps_growth_year": -47.17,
            "eps_4q": 1.84,
            "eps_4q_growth_year": -20.62,
            "roe": 0.49,
            "roe_4q": 3.55,
            "gross_profit": 1455196,
            "gross_margin": 29.52,
            "gross_margin_4q_avg": 28.81,
            "net_income": 35783,
            "revenue": 4929249,
            "common_shares": 2943975,
            "book_valuer_per_share": 15.58,
            "book_valuer_per_share_4q_avg": 15.48,
            "equity": 7365740,
            "current_ratio": 155.11,
            "debt_ratio": 60.02,
            "inventory_turnover_ratio": 0.76,
            "account_receivable_turnover_ratio": 1.29,
            "reinvestment_rate": 133.4,
            "research_to_sale_ratio": null,
            "price_fair": 61.95,
            "eps_avg_yearly": 1.77,
            "eps_latest_yearly": 1.12,
            "eps_growth_yearly": 545.2
        },
        "20092": {
            "year_quarter": 20092,
            "year": 2009,
            "quarter": 2,
            "eps": 0.26,
            "eps_growth_year": 36.84,
            "eps_4q": 0.54,
            "eps_4q_growth_year": -44.46,
            "roe": 1.71,
            "roe_4q": 3.95,
            "gross_profit": 1616976,
            "gross_margin": 30.81,
            "gross_margin_4q_avg": 28.81,
            "net_income": 124173,
            "revenue": 5248057,
            "common_shares": 2943974,
            "book_valuer_per_share": 15.22,
            "book_valuer_per_share_4q_avg": 15.38,
            "equity": 7170481,
            "current_ratio": 162.72,
            "debt_ratio": 58.34,
            "inventory_turnover_ratio": 0.82,
            "account_receivable_turnover_ratio": 1.41,
            "reinvestment_rate": 123.38,
            "research_to_sale_ratio": null,
            "price_fair": 63.26,
            "eps_avg_yearly": 1.81,
            "eps_latest_yearly": 1.04,
            "eps_growth_yearly": 556.96
        },
        "20093": {
            "year_quarter": 20093,
            "year": 2009,
            "quarter": 3,
            "eps": 0.54,
            "eps_growth_year": 58.82,
            "eps_4q": 0.66,
            "eps_4q_growth_year": -68.32,
            "roe": 3.62,
            "roe_4q": 6.73,
            "gross_profit": 1750294,
            "gross_margin": 31.15,
            "gross_margin_4q_avg": 30.32,
            "net_income": 260687,
            "revenue": 5619548,
            "common_shares": 2943975,
            "book_valuer_per_share": 15.29,
            "book_valuer_per_share_4q_avg": 15.29,
            "equity": 7244176,
            "current_ratio": 166.34,
            "debt_ratio": 57.34,
            "inventory_turnover_ratio": 0.94,
            "account_receivable_turnover_ratio": 1.59,
            "reinvestment_rate": 118.01,
            "research_to_sale_ratio": null,
            "price_fair": 63.44,
            "eps_avg_yearly": 1.81,
            "eps_latest_yearly": 2.16,
            "eps_growth_yearly": 490.7
        },
        "20094": {
            "year_quarter": 20094,
            "year": 2009,
            "quarter": 4,
            "eps": 0.33,
            "eps_growth_year": 1550,
            "eps_4q": 1.41,
            "eps_4q_growth_year": 1419.74,
            "roe": 2.38,
            "roe_4q": 8.2,
            "gross_profit": 1767054,
            "gross_margin": 32.13,
            "gross_margin_4q_avg": 30.9,
            "net_income": 168912,
            "revenue": 5499292,
            "common_shares": 2949979,
            "book_valuer_per_share": 15.65,
            "book_valuer_per_share_4q_avg": 15.44,
            "equity": 6951129,
            "current_ratio": 186.73,
            "debt_ratio": 58.8,
            "inventory_turnover_ratio": 0.95,
            "account_receivable_turnover_ratio": 2.93,
            "reinvestment_rate": 55.75,
            "research_to_sale_ratio": null,
            "price_fair": 64.93,
            "eps_avg_yearly": 1.86,
            "eps_latest_yearly": 1.32,
            "eps_growth_yearly": 498.28
        },
        "20101": {
            "year_quarter": 20101,
            "year": 2010,
            "quarter": 1,
            "eps": 1.18,
            "eps_growth_year": 321.43,
            "eps_4q": 2.29,
            "eps_4q_growth_year": 24.27,
            "roe": 4.86,
            "roe_4q": 12.57,
            "gross_profit": 1611634,
            "gross_margin": 29.26,
            "gross_margin_4q_avg": 30.84,
            "net_income": 344434,
            "revenue": 5508889,
            "common_shares": 2977615,
            "book_valuer_per_share": 16.17,
            "book_valuer_per_share_4q_avg": 15.58,
            "equity": 7222316,
            "current_ratio": 184.27,
            "debt_ratio": 58.3,
            "inventory_turnover_ratio": 1,
            "account_receivable_turnover_ratio": 1.38,
            "reinvestment_rate": 105.07,
            "research_to_sale_ratio": 1.22,
            "price_fair": 69.13,
            "eps_avg_yearly": 1.98,
            "eps_latest_yearly": 4.72,
            "eps_growth_yearly": 478.3
        },
        "20102": {
            "year_quarter": 20102,
            "year": 2010,
            "quarter": 2,
            "eps": 1.11,
            "eps_growth_year": 326.89,
            "eps_4q": 3.1,
            "eps_4q_growth_year": 474.95,
            "roe": 5.1,
            "roe_4q": 15.96,
            "gross_profit": 1752174,
            "gross_margin": 31.12,
            "gross_margin_4q_avg": 30.92,
            "net_income": 378213,
            "revenue": 5630049,
            "common_shares": 3007183,
            "book_valuer_per_share": 16.89,
            "book_valuer_per_share_4q_avg": 16,
            "equity": 7604148,
            "current_ratio": 185.57,
            "debt_ratio": 56.91,
            "inventory_turnover_ratio": 0.98,
            "account_receivable_turnover_ratio": 1.28,
            "reinvestment_rate": 102.96,
            "research_to_sale_ratio": 1.28,
            "price_fair": 73.41,
            "eps_avg_yearly": 2.1,
            "eps_latest_yearly": 4.44,
            "eps_growth_yearly": 479.68
        },
        "20103": {
            "year_quarter": 20103,
            "year": 2010,
            "quarter": 3,
            "eps": 0.42,
            "eps_growth_year": -22.48,
            "eps_4q": 2.94,
            "eps_4q_growth_year": 347.24,
            "roe": 2.05,
            "roe_4q": 14.39,
            "gross_profit": 1548929,
            "gross_margin": 29.71,
            "gross_margin_4q_avg": 30.56,
            "net_income": 157532,
            "revenue": 5213483,
            "common_shares": 3087714,
            "book_valuer_per_share": 17.16,
            "book_valuer_per_share_4q_avg": 16.47,
            "equity": 7765262,
            "current_ratio": 201.74,
            "debt_ratio": 55.07,
            "inventory_turnover_ratio": 0.9,
            "account_receivable_turnover_ratio": 1.29,
            "reinvestment_rate": 101.06,
            "research_to_sale_ratio": 1.58,
            "price_fair": 71.66,
            "eps_avg_yearly": 2.05,
            "eps_latest_yearly": 1.68,
            "eps_growth_yearly": 464.14
        },
        "20104": {
            "year_quarter": 20104,
            "year": 2010,
            "quarter": 4,
            "eps": 0.03,
            "eps_growth_year": -90.33,
            "eps_4q": 2.66,
            "eps_4q_growth_year": 87.85,
            "roe": -0.74,
            "roe_4q": 11.27,
            "gross_profit": 1387224,
            "gross_margin": 27.38,
            "gross_margin_4q_avg": 29.37,
            "net_income": -54629,
            "revenue": 5066963,
            "common_shares": 3094213,
            "book_valuer_per_share": 15.36,
            "book_valuer_per_share_4q_avg": 16.4,
            "equity": 7082662,
            "current_ratio": 186.42,
            "debt_ratio": 57.5,
            "inventory_turnover_ratio": 0.9,
            "account_receivable_turnover_ratio": 1.44,
            "reinvestment_rate": 33.88,
            "research_to_sale_ratio": 1.77,
            "price_fair": 69.48,
            "eps_avg_yearly": 1.99,
            "eps_latest_yearly": 0.12,
            "eps_growth_yearly": 454.63
        },
        "20111": {
            "year_quarter": 20111,
            "year": 2011,
            "quarter": 1,
            "eps": 0.22,
            "eps_growth_year": -81.36,
            "eps_4q": 1.75,
            "eps_4q_growth_year": -23.28,
            "roe": 0.28,
            "roe_4q": 6.6899999999999995,
            "gross_profit": 1364378,
            "gross_margin": 27.63,
            "gross_margin_4q_avg": 28.96,
            "net_income": 19867,
            "revenue": 4938744,
            "common_shares": 3095713,
            "book_valuer_per_share": 16.21,
            "book_valuer_per_share_4q_avg": 16.41,
            "equity": 7343400,
            "current_ratio": 184.46,
            "debt_ratio": 58.16,
            "inventory_turnover_ratio": 0.83,
            "account_receivable_turnover_ratio": 1.33,
            "reinvestment_rate": 95.63,
            "research_to_sale_ratio": 1.47,
            "price_fair": 68.86,
            "eps_avg_yearly": 1.97,
            "eps_latest_yearly": 0.88,
            "eps_growth_yearly": 612.07
        },
        "20112": {
            "year_quarter": 20112,
            "year": 2011,
            "quarter": 2,
            "eps": 0.36,
            "eps_growth_year": -67.49,
            "eps_4q": 1.03,
            "eps_4q_growth_year": -66.8,
            "roe": 0.59,
            "roe_4q": 2.1799999999999997,
            "gross_profit": 1319512,
            "gross_margin": 27.68,
            "gross_margin_4q_avg": 28.1,
            "net_income": 42291,
            "revenue": 4766847,
            "common_shares": 3069586,
            "book_valuer_per_share": 15.45,
            "book_valuer_per_share_4q_avg": 16.05,
            "equity": 7028691,
            "current_ratio": 192.22,
            "debt_ratio": 57.17,
            "inventory_turnover_ratio": 0.82,
            "account_receivable_turnover_ratio": 1.29,
            "reinvestment_rate": 106.86,
            "research_to_sale_ratio": 1.87,
            "price_fair": 59.59,
            "eps_avg_yearly": 1.7,
            "eps_latest_yearly": 1.44,
            "eps_growth_yearly": 530.57
        },
        "20113": {
            "year_quarter": 20113,
            "year": 2011,
            "quarter": 3,
            "eps": 0.4,
            "eps_growth_year": -4.88,
            "eps_4q": 1.01,
            "eps_4q_growth_year": -65.71,
            "roe": 0.07,
            "roe_4q": 0.19999999999999996,
            "gross_profit": 1227494,
            "gross_margin": 28.28,
            "gross_margin_4q_avg": 27.74,
            "net_income": 5142,
            "revenue": 4340079,
            "common_shares": 3069786,
            "book_valuer_per_share": 17.1,
            "book_valuer_per_share_4q_avg": 16.03,
            "equity": 7629785,
            "current_ratio": 202,
            "debt_ratio": 55.44,
            "inventory_turnover_ratio": 0.8,
            "account_receivable_turnover_ratio": 1.28,
            "reinvestment_rate": 119.37,
            "research_to_sale_ratio": 2.12,
            "price_fair": 56.09,
            "eps_avg_yearly": 1.6,
            "eps_latest_yearly": 1.6,
            "eps_growth_yearly": 544.26
        },
        "20114": {
            "year_quarter": 20114,
            "year": 2011,
            "quarter": 4,
            "eps": 0.04,
            "eps_growth_year": 28.37,
            "eps_4q": 1.03,
            "eps_4q_growth_year": -61.37,
            "roe": -1.09,
            "roe_4q": -0.15000000000000002,
            "gross_profit": 1190085,
            "gross_margin": 26.7,
            "gross_margin_4q_avg": 27.57,
            "net_income": -82654,
            "revenue": 4456579,
            "common_shares": 3069811,
            "book_valuer_per_share": 17.04,
            "book_valuer_per_share_4q_avg": 16.45,
            "equity": 7504524,
            "current_ratio": 201.42,
            "debt_ratio": 56.67,
            "inventory_turnover_ratio": 0.82,
            "account_receivable_turnover_ratio": 1.35,
            "reinvestment_rate": 30.16,
            "research_to_sale_ratio": 1.98,
            "price_fair": 54.69,
            "eps_avg_yearly": 1.56,
            "eps_latest_yearly": 0.16,
            "eps_growth_yearly": 540.51
        },
        "20121": {
            "year_quarter": 20121,
            "year": 2012,
            "quarter": 1,
            "eps": 0.21,
            "eps_growth_year": -4.55,
            "eps_4q": 1.02,
            "eps_4q_growth_year": -42.09,
            "roe": 0.5,
            "roe_4q": 0.06999999999999995,
            "gross_profit": 1234607,
            "gross_margin": 28.3,
            "gross_margin_4q_avg": 27.74,
            "net_income": 37507,
            "revenue": 4363149,
            "common_shares": 2991999,
            "book_valuer_per_share": 16.89,
            "book_valuer_per_share_4q_avg": 16.62,
            "equity": 7369884,
            "current_ratio": 191.65,
            "debt_ratio": 57.67,
            "inventory_turnover_ratio": 0.77,
            "account_receivable_turnover_ratio": 1.31,
            "reinvestment_rate": 23.57,
            "research_to_sale_ratio": 1.5,
            "price_fair": 51.89,
            "eps_avg_yearly": 1.48,
            "eps_latest_yearly": 0.84,
            "eps_growth_yearly": 605.51
        },
        "20122": {
            "year_quarter": 20122,
            "year": 2012,
            "quarter": 2,
            "eps": 0.09,
            "eps_growth_year": -76.22,
            "eps_4q": 0.74,
            "eps_4q_growth_year": -28.11,
            "roe": 0.27,
            "roe_4q": -0.25000000000000006,
            "gross_profit": 1319920,
            "gross_margin": 27.41,
            "gross_margin_4q_avg": 27.67,
            "net_income": 19762,
            "revenue": 4815453,
            "common_shares": 2994479,
            "book_valuer_per_share": 15.82,
            "book_valuer_per_share_4q_avg": 16.71,
            "equity": 7106265,
            "current_ratio": 182.58,
            "debt_ratio": 59.49,
            "inventory_turnover_ratio": 0.84,
            "account_receivable_turnover_ratio": 1.36,
            "reinvestment_rate": 13.09,
            "research_to_sale_ratio": 1.83,
            "price_fair": 51.01,
            "eps_avg_yearly": 1.46,
            "eps_latest_yearly": 0.36,
            "eps_growth_yearly": 607.26
        },
        "20123": {
            "year_quarter": 20123,
            "year": 2012,
            "quarter": 3,
            "eps": -0.36,
            "eps_growth_year": -190.92,
            "eps_4q": -0.03,
            "eps_4q_growth_year": -102.94,
            "roe": -1.8,
            "roe_4q": -2.12,
            "gross_profit": 1162166,
            "gross_margin": 25.66,
            "gross_margin_4q_avg": 27.02,
            "net_income": -126283,
            "revenue": 4529015,
            "common_shares": 2990508,
            "book_valuer_per_share": 15.44,
            "book_valuer_per_share_4q_avg": 16.3,
            "equity": 6939726,
            "current_ratio": 205.04,
            "debt_ratio": 56.41,
            "inventory_turnover_ratio": 0.84,
            "account_receivable_turnover_ratio": 1.3,
            "reinvestment_rate": -17.23,
            "research_to_sale_ratio": 1.89,
            "price_fair": 51.24,
            "eps_avg_yearly": 1.46,
            "eps_latest_yearly": 0.36,
            "eps_growth_yearly": 626.69
        },
        "20124": {
            "year_quarter": 20124,
            "year": 2012,
            "quarter": 4,
            "eps": -0.7,
            "eps_growth_year": -1813.98,
            "eps_4q": -0.77,
            "eps_4q_growth_year": -175.27,
            "roe": -4.59,
            "roe_4q": -5.619999999999999,
            "gross_profit": 1082252,
            "gross_margin": 24.68,
            "gross_margin_4q_avg": 26.51,
            "net_income": -309352,
            "revenue": 4385270,
            "common_shares": 3013074,
            "book_valuer_per_share": 14.38,
            "book_valuer_per_share_4q_avg": 15.63,
            "equity": 6531155,
            "current_ratio": 209.42,
            "debt_ratio": 56.62,
            "inventory_turnover_ratio": 0.83,
            "account_receivable_turnover_ratio": 1.35,
            "reinvestment_rate": -35.28,
            "research_to_sale_ratio": 1.83,
            "price_fair": 54.7,
            "eps_avg_yearly": 1.56,
            "eps_latest_yearly": 0.36,
            "eps_growth_yearly": 698.35
        },
        "20131": {
            "year_quarter": 20131,
            "year": 2013,
            "quarter": 1,
            "eps": 0.04,
            "eps_growth_year": -80.95,
            "eps_4q": -0.94,
            "eps_4q_growth_year": -192.41,
            "roe": 0.03,
            "roe_4q": -6.09,
            "gross_profit": 1197889,
            "gross_margin": 26.17,
            "gross_margin_4q_avg": 25.98,
            "net_income": 1777,
            "revenue": 4577255,
            "common_shares": 3013074,
            "book_valuer_per_share": 14.52,
            "book_valuer_per_share_4q_avg": 15.04,
            "equity": 6647064,
            "current_ratio": 213.45,
            "debt_ratio": 56.47,
            "inventory_turnover_ratio": 0.85,
            "account_receivable_turnover_ratio": 1.42,
            "reinvestment_rate": -39.89,
            "research_to_sale_ratio": 1.55,
            "price_fair": 55.89,
            "eps_avg_yearly": 1.6,
            "eps_latest_yearly": 0.36,
            "eps_growth_yearly": 352.07
        },
        "20132": {
            "year_quarter": 20132,
            "year": 2013,
            "quarter": 2,
            "eps": 0.11,
            "eps_growth_year": 28.23,
            "eps_4q": -0.93,
            "eps_4q_growth_year": -225.45,
            "roe": 0.76,
            "roe_4q": -5.6,
            "gross_profit": 1274609,
            "gross_margin": 27.18,
            "gross_margin_4q_avg": 25.92,
            "net_income": 50846,
            "revenue": 4689381,
            "common_shares": 3013074,
            "book_valuer_per_share": 14.8,
            "book_valuer_per_share_4q_avg": 14.79,
            "equity": 6722495,
            "current_ratio": 210.45,
            "debt_ratio": 56.78,
            "inventory_turnover_ratio": 0.9,
            "account_receivable_turnover_ratio": 1.4,
            "reinvestment_rate": -43.15,
            "research_to_sale_ratio": 1.2,
            "price_fair": 54.28,
            "eps_avg_yearly": 1.55,
            "eps_latest_yearly": 0.44,
            "eps_growth_yearly": 408.11
        },
        "20133": {
            "year_quarter": 20133,
            "year": 2013,
            "quarter": 3,
            "eps": 0.11,
            "eps_growth_year": null,
            "eps_4q": -0.42,
            "eps_4q_growth_year": null,
            "roe": 0.64,
            "roe_4q": -3.16,
            "gross_profit": 1281252,
            "gross_margin": 27.52,
            "gross_margin_4q_avg": 26.39,
            "net_income": 44824,
            "revenue": 4656482,
            "common_shares": 2938634,
            "book_valuer_per_share": 16.56,
            "book_valuer_per_share_4q_avg": 15.07,
            "equity": 7189329,
            "current_ratio": 205.05,
            "debt_ratio": 53.33,
            "inventory_turnover_ratio": 0.91,
            "account_receivable_turnover_ratio": 1.37,
            "reinvestment_rate": -51.84,
            "research_to_sale_ratio": 1.63,
            "price_fair": 49.65,
            "eps_avg_yearly": 1.42,
            "eps_latest_yearly": 0.44,
            "eps_growth_yearly": 374.98
        },
        "20134": {
            "year_quarter": 20134,
            "year": 2013,
            "quarter": 4,
            "eps": 5.69,
            "eps_growth_year": null,
            "eps_4q": 5.93,
            "eps_4q_growth_year": null,
            "roe": 26.74,
            "roe_4q": 28.17,
            "gross_profit": 1251998,
            "gross_margin": 25.6,
            "gross_margin_4q_avg": 26.62,
            "net_income": 1845512,
            "revenue": 4890953,
            "common_shares": 3238416,
            "book_valuer_per_share": 20.12,
            "book_valuer_per_share_4q_avg": 16.5,
            "equity": 6616492,
            "current_ratio": 148.12,
            "debt_ratio": 60.24,
            "inventory_turnover_ratio": 0.96,
            "account_receivable_turnover_ratio": 1.43,
            "reinvestment_rate": -19.23,
            "research_to_sale_ratio": 1.37,
            "price_fair": 107.37,
            "eps_avg_yearly": 3.07,
            "eps_latest_yearly": 22.76,
            "eps_growth_yearly": 1947.78
        },
        "20141": {
            "year_quarter": 20141,
            "year": 2014,
            "quarter": 1,
            "eps": 0.08,
            "eps_growth_year": 100,
            "eps_4q": 5.94,
            "eps_4q_growth_year": null,
            "roe": 0.37,
            "roe_4q": 28.51,
            "gross_profit": 1283276,
            "gross_margin": 26.23,
            "gross_margin_4q_avg": 26.63,
            "net_income": 24333,
            "revenue": 4891651,
            "common_shares": 3241206,
            "book_valuer_per_share": 20.25,
            "book_valuer_per_share_4q_avg": 17.93,
            "equity": 6663120,
            "current_ratio": 148.41,
            "debt_ratio": 59.76,
            "inventory_turnover_ratio": 0.94,
            "account_receivable_turnover_ratio": 1.36,
            "reinvestment_rate": -14.75,
            "research_to_sale_ratio": 1.29,
            "price_fair": 95.52,
            "eps_avg_yearly": 2.73,
            "eps_latest_yearly": 0.32,
            "eps_growth_yearly": 1838.19
        },
        "20142": {
            "year_quarter": 20142,
            "year": 2014,
            "quarter": 2,
            "eps": 0.11,
            "eps_growth_year": 0,
            "eps_4q": 5.47,
            "eps_4q_growth_year": null,
            "roe": 0.54,
            "roe_4q": 28.29,
            "gross_profit": 1400555,
            "gross_margin": 26.96,
            "gross_margin_4q_avg": 26.58,
            "net_income": 35635,
            "revenue": 5195527,
            "common_shares": 3295853,
            "book_valuer_per_share": 19.2,
            "book_valuer_per_share_4q_avg": 19.03,
            "equity": 6428044,
            "current_ratio": 152.76,
            "debt_ratio": 60.99,
            "inventory_turnover_ratio": 0.97,
            "account_receivable_turnover_ratio": 1.45,
            "reinvestment_rate": -25.74,
            "research_to_sale_ratio": 1.34,
            "price_fair": 84.75,
            "eps_avg_yearly": 2.42,
            "eps_latest_yearly": 0.44,
            "eps_growth_yearly": 1851.55
        },
        "20143": {
            "year_quarter": 20143,
            "year": 2014,
            "quarter": 3,
            "eps": 0.23,
            "eps_growth_year": 109.09,
            "eps_4q": 5.6,
            "eps_4q_growth_year": null,
            "roe": 1.24,
            "roe_4q": 28.889999999999997,
            "gross_profit": 1305226,
            "gross_margin": 26.7,
            "gross_margin_4q_avg": 26.37,
            "net_income": 81310,
            "revenue": 4889242,
            "common_shares": 3543042,
            "book_valuer_per_share": 18.49,
            "book_valuer_per_share_4q_avg": 19.52,
            "equity": 6650007,
            "current_ratio": 153.32,
            "debt_ratio": 60.73,
            "inventory_turnover_ratio": 0.89,
            "account_receivable_turnover_ratio": 1.4,
            "reinvestment_rate": -21.72,
            "research_to_sale_ratio": 1.37,
            "price_fair": 82.71,
            "eps_avg_yearly": 2.36,
            "eps_latest_yearly": 0.92,
            "eps_growth_yearly": 1904.25
        },
        "20144": {
            "year_quarter": 20144,
            "year": 2014,
            "quarter": 4,
            "eps": 0.04,
            "eps_growth_year": -99.38,
            "eps_4q": 0.44,
            "eps_4q_growth_year": -92.65,
            "roe": 0.23,
            "roe_4q": 2.38,
            "gross_profit": 1307428,
            "gross_margin": 26.09,
            "gross_margin_4q_avg": 26.5,
            "net_income": 15859,
            "revenue": 5011106,
            "common_shares": 3543042,
            "book_valuer_per_share": 19.2,
            "book_valuer_per_share_4q_avg": 19.29,
            "equity": 6903029,
            "current_ratio": 167.57,
            "debt_ratio": 59.08,
            "inventory_turnover_ratio": 0.89,
            "account_receivable_turnover_ratio": 1.42,
            "reinvestment_rate": -12.8,
            "research_to_sale_ratio": 1.3,
            "price_fair": 82.82,
            "eps_avg_yearly": 2.37,
            "eps_latest_yearly": 0.16,
            "eps_growth_yearly": 1907.4
        },
        "20151": {
            "year_quarter": 20151,
            "year": 2015,
            "quarter": 1,
            "eps": 0.24,
            "eps_growth_year": 200,
            "eps_4q": 0.6,
            "eps_4q_growth_year": -89.84,
            "roe": 1.24,
            "roe_4q": 3.25,
            "gross_profit": 1313272,
            "gross_margin": 28.47,
            "gross_margin_4q_avg": 27.06,
            "net_income": 85784,
            "revenue": 4612894,
            "common_shares": 3543042,
            "book_valuer_per_share": 19.41,
            "book_valuer_per_share_4q_avg": 19.08,
            "equity": 6976155,
            "current_ratio": 181.1,
            "debt_ratio": 56.34,
            "inventory_turnover_ratio": 0.77,
            "account_receivable_turnover_ratio": 1.32,
            "reinvestment_rate": -14.56,
            "research_to_sale_ratio": 1.33,
            "price_fair": 83.03,
            "eps_avg_yearly": 2.37,
            "eps_latest_yearly": 0.96,
            "eps_growth_yearly": 1866.38
        },
        "20152": {
            "year_quarter": 20152,
            "year": 2015,
            "quarter": 2,
            "eps": 0.57,
            "eps_growth_year": 418.18,
            "eps_4q": 1.08,
            "eps_4q_growth_year": -80.34,
            "roe": 2.94,
            "roe_4q": 5.65,
            "gross_profit": 1362506,
            "gross_margin": 27.47,
            "gross_margin_4q_avg": 27.18,
            "net_income": 205207,
            "revenue": 4959926,
            "common_shares": 3543042,
            "book_valuer_per_share": 19.43,
            "book_valuer_per_share_4q_avg": 19.13,
            "equity": 6985685,
            "current_ratio": 174.5,
            "debt_ratio": 56.65,
            "inventory_turnover_ratio": 0.87,
            "account_receivable_turnover_ratio": 1.43,
            "reinvestment_rate": -16.7,
            "research_to_sale_ratio": 1.07,
            "price_fair": 85.29,
            "eps_avg_yearly": 2.44,
            "eps_latest_yearly": 2.28,
            "eps_growth_yearly": 1889.1
        },
        "20153": {
            "year_quarter": 20153,
            "year": 2015,
            "quarter": 3,
            "eps": 0.36,
            "eps_growth_year": 56.52,
            "eps_4q": 1.21,
            "eps_4q_growth_year": -78.36,
            "roe": 1.79,
            "roe_4q": 6.200000000000001,
            "gross_profit": 1369112,
            "gross_margin": 26.95,
            "gross_margin_4q_avg": 27.25,
            "net_income": 129209,
            "revenue": 5079989,
            "common_shares": 3543042,
            "book_valuer_per_share": 20.78,
            "book_valuer_per_share_4q_avg": 19.71,
            "equity": 7466814,
            "current_ratio": 179.49,
            "debt_ratio": 54.48,
            "inventory_turnover_ratio": 0.9,
            "account_receivable_turnover_ratio": 1.42,
            "reinvestment_rate": -13.26,
            "research_to_sale_ratio": 1.23,
            "price_fair": 84.86,
            "eps_avg_yearly": 2.42,
            "eps_latest_yearly": 1.44,
            "eps_growth_yearly": 1874.35
        },
        "20154": {
            "year_quarter": 20154,
            "year": 2015,
            "quarter": 4,
            "eps": 0.24,
            "eps_growth_year": 584.79,
            "eps_4q": 1.42,
            "eps_4q_growth_year": 225.57,
            "roe": 1.17,
            "roe_4q": 7.140000000000001,
            "gross_profit": 1468811,
            "gross_margin": 27.73,
            "gross_margin_4q_avg": 27.66,
            "net_income": 86588,
            "revenue": 5296736,
            "common_shares": 3543042,
            "book_valuer_per_share": 20.35,
            "book_valuer_per_share_4q_avg": 19.99,
            "equity": 7311667,
            "current_ratio": 182.56,
            "debt_ratio": 54.29,
            "inventory_turnover_ratio": 0.93,
            "account_receivable_turnover_ratio": 1.45,
            "reinvestment_rate": -17.59,
            "research_to_sale_ratio": 1.31,
            "price_fair": 87.02,
            "eps_avg_yearly": 2.49,
            "eps_latest_yearly": 0.96,
            "eps_growth_yearly": 1891.78
        },
        "20161": {
            "year_quarter": 20161,
            "year": 2016,
            "quarter": 1,
            "eps": 0.18,
            "eps_growth_year": -25,
            "eps_4q": 1.35,
            "eps_4q_growth_year": 124.17,
            "roe": 0.86,
            "roe_4q": 6.76,
            "gross_profit": 1398152,
            "gross_margin": 28.85,
            "gross_margin_4q_avg": 27.75,
            "net_income": 62569,
            "revenue": 4846297,
            "common_shares": 3543042,
            "book_valuer_per_share": 20.18,
            "book_valuer_per_share_4q_avg": 20.19,
            "equity": 7252906,
            "current_ratio": 188.02,
            "debt_ratio": 52.34,
            "inventory_turnover_ratio": 0.88,
            "account_receivable_turnover_ratio": 1.34,
            "reinvestment_rate": -14.03,
            "research_to_sale_ratio": 1.15,
            "price_fair": 86.69,
            "eps_avg_yearly": 2.48,
            "eps_latest_yearly": 0.72,
            "eps_growth_yearly": 1753.32
        },
        "20162": {
            "year_quarter": 20162,
            "year": 2016,
            "quarter": 2,
            "eps": 0.57,
            "eps_growth_year": 0,
            "eps_4q": 1.36,
            "eps_4q_growth_year": 26.25,
            "roe": 2.89,
            "roe_4q": 6.71,
            "gross_profit": 1506206,
            "gross_margin": 28.22,
            "gross_margin_4q_avg": 27.94,
            "net_income": 203453,
            "revenue": 5337871,
            "common_shares": 3543042,
            "book_valuer_per_share": 18.95,
            "book_valuer_per_share_4q_avg": 20.07,
            "equity": 6814527,
            "current_ratio": 174.22,
            "debt_ratio": 54.53,
            "inventory_turnover_ratio": 1.09,
            "account_receivable_turnover_ratio": 1.46,
            "reinvestment_rate": -16.04,
            "research_to_sale_ratio": 1.16,
            "price_fair": 91.86,
            "eps_avg_yearly": 2.62,
            "eps_latest_yearly": 2.28,
            "eps_growth_yearly": 1837.57
        },
        "20163": {
            "year_quarter": 20163,
            "year": 2016,
            "quarter": 3,
            "eps": -2.41,
            "eps_growth_year": -769.44,
            "eps_4q": -1.41,
            "eps_4q_growth_year": -216.38,
            "roe": -13.98,
            "roe_4q": -9.06,
            "gross_profit": 1355946,
            "gross_margin": 29.73,
            "gross_margin_4q_avg": 28.63,
            "net_income": -874782,
            "revenue": 4560470,
            "common_shares": 3543042,
            "book_valuer_per_share": 15.87,
            "book_valuer_per_share_4q_avg": 18.84,
            "equity": 5700337,
            "current_ratio": 182.71,
            "debt_ratio": 56.16,
            "inventory_turnover_ratio": 1.02,
            "account_receivable_turnover_ratio": 1.34,
            "reinvestment_rate": -24.77,
            "research_to_sale_ratio": 1.43,
            "price_fair": 91.86,
            "eps_avg_yearly": 2.62,
            "eps_latest_yearly": 2.28,
            "eps_growth_yearly": 1837.57
        },
        "20164": {
            "year_quarter": 20164,
            "year": 2016,
            "quarter": 4,
            "eps": 0.35,
            "eps_growth_year": 43.59,
            "eps_4q": -1.31,
            "eps_4q_growth_year": -192.57,
            "roe": 2.22,
            "roe_4q": -8.01,
            "gross_profit": 1397218,
            "gross_margin": 30.64,
            "gross_margin_4q_avg": 29.36,
            "net_income": 126203,
            "revenue": 4559487,
            "common_shares": 3553042,
            "book_valuer_per_share": 15.81,
            "book_valuer_per_share_4q_avg": 17.7,
            "equity": 5653232,
            "current_ratio": 172.87,
            "debt_ratio": 57.66,
            "inventory_turnover_ratio": 1.03,
            "account_receivable_turnover_ratio": 1.54,
            "reinvestment_rate": -17.55,
            "research_to_sale_ratio": 1.28,
            "price_fair": 91.86,
            "eps_avg_yearly": 2.62,
            "eps_latest_yearly": 2.28,
            "eps_growth_yearly": 1837.57
        },
        "20171": {
            "year_quarter": 20171,
            "year": 2017,
            "quarter": 1,
            "eps": 0.4,
            "eps_growth_year": 122.22,
            "eps_4q": -1.09,
            "eps_4q_growth_year": -180.76,
            "roe": 2.56,
            "roe_4q": -6.309999999999999,
            "gross_profit": 1303091,
            "gross_margin": 29.29,
            "gross_margin_4q_avg": 29.47,
            "net_income": 141771,
            "revenue": 4449386,
            "common_shares": 3517692,
            "book_valuer_per_share": 15.2,
            "book_valuer_per_share_4q_avg": 16.46,
            "equity": 5429438,
            "current_ratio": 176.79,
            "debt_ratio": 57.46,
            "inventory_turnover_ratio": 1.05,
            "account_receivable_turnover_ratio": 1.56,
            "reinvestment_rate": -21.22,
            "research_to_sale_ratio": 1.12,
            "price_fair": 89.3,
            "eps_avg_yearly": 2.55,
            "eps_latest_yearly": 1.6,
            "eps_growth_yearly": 1710.4
        },
        "20172": {
            "year_quarter": 20172,
            "year": 2017,
            "quarter": 2,
            "eps": 0.75,
            "eps_growth_year": 31.58,
            "eps_4q": -0.9,
            "eps_4q_growth_year": -166.41,
            "roe": 4.73,
            "roe_4q": -4.469999999999999,
            "gross_profit": 1358675,
            "gross_margin": 29.35,
            "gross_margin_4q_avg": 29.75,
            "net_income": 260640,
            "revenue": 4628516,
            "common_shares": 3517692,
            "book_valuer_per_share": 15.67,
            "book_valuer_per_share_4q_avg": 15.64,
            "equity": 5590424,
            "current_ratio": 166.23,
            "debt_ratio": 57.86,
            "inventory_turnover_ratio": 1.13,
            "account_receivable_turnover_ratio": 1.52,
            "reinvestment_rate": -21.25,
            "research_to_sale_ratio": 1.07,
            "price_fair": 95.7,
            "eps_avg_yearly": 2.73,
            "eps_latest_yearly": 3,
            "eps_growth_yearly": 1685.4
        },
        "20173": {
            "year_quarter": 20173,
            "year": 2017,
            "quarter": 3,
            "eps": 0.51,
            "eps_growth_year": null,
            "eps_4q": 1.94,
            "eps_4q_growth_year": null,
            "roe": 3.13,
            "roe_4q": 12.64,
            "gross_profit": 1225148,
            "gross_margin": 27.13,
            "gross_margin_4q_avg": 29.1,
            "net_income": 180354,
            "revenue": 4516024,
            "common_shares": 3631690,
            "book_valuer_per_share": 16.12,
            "book_valuer_per_share_4q_avg": 15.7,
            "equity": 5933406,
            "current_ratio": 174.5,
            "debt_ratio": 55.37,
            "inventory_turnover_ratio": 1.11,
            "account_receivable_turnover_ratio": 1.46,
            "reinvestment_rate": -17.71,
            "research_to_sale_ratio": 1.18,
            "price_fair": 99.7,
            "eps_avg_yearly": 2.85,
            "eps_latest_yearly": 2.04,
            "eps_growth_yearly": 1676.25
        },
        "20174": {
            "year_quarter": 20174,
            "year": 2017,
            "quarter": 4,
            "eps": 0.31,
            "eps_growth_year": -12.34,
            "eps_4q": 1.9,
            "eps_4q_growth_year": null,
            "roe": 2.06,
            "roe_4q": 12.48,
            "gross_profit": 1189220,
            "gross_margin": 27.55,
            "gross_margin_4q_avg": 28.33,
            "net_income": 123964,
            "revenue": 4316198,
            "common_shares": 3668560,
            "book_valuer_per_share": 16.4,
            "book_valuer_per_share_4q_avg": 15.85,
            "equity": 6099238,
            "current_ratio": 177.89,
            "debt_ratio": 54.08,
            "inventory_turnover_ratio": 1.03,
            "account_receivable_turnover_ratio": 1.45,
            "reinvestment_rate": -48.05,
            "research_to_sale_ratio": 1.61,
            "price_fair": 45.9,
            "eps_avg_yearly": 1.31,
            "eps_latest_yearly": 1.24,
            "eps_growth_yearly": 215.7
        },
        "20181": {
            "year_quarter": 20181,
            "year": 2018,
            "quarter": 1,
            "eps": 0.2,
            "eps_growth_year": -50,
            "eps_4q": 1.71,
            "eps_4q_growth_year": null,
            "roe": 1.18,
            "roe_4q": 11.100000000000001,
            "gross_profit": 1116509,
            "gross_margin": 25.63,
            "gross_margin_4q_avg": 27.42,
            "net_income": 72249,
            "revenue": 4356080,
            "common_shares": 3674410,
            "book_valuer_per_share": 16.65,
            "book_valuer_per_share_4q_avg": 16.21,
            "equity": 6193845,
            "current_ratio": 187.42,
            "debt_ratio": 51.23,
            "inventory_turnover_ratio": 1.07,
            "account_receivable_turnover_ratio": 1.54,
            "reinvestment_rate": -43.72,
            "research_to_sale_ratio": 1.17,
            "price_fair": 47.1,
            "eps_avg_yearly": 1.35,
            "eps_latest_yearly": 0.8,
            "eps_growth_yearly": 233.73
        },
        "20182": {
            "year_quarter": 20182,
            "year": 2018,
            "quarter": 2,
            "eps": 0.35,
            "eps_growth_year": -53.33,
            "eps_4q": 1.34,
            "eps_4q_growth_year": null,
            "roe": 2.14,
            "roe_4q": 8.510000000000002,
            "gross_profit": 1185856,
            "gross_margin": 25.47,
            "gross_margin_4q_avg": 26.45,
            "net_income": 128267,
            "revenue": 4655549,
            "common_shares": 3675760,
            "book_valuer_per_share": 15.62,
            "book_valuer_per_share_4q_avg": 16.2,
            "equity": 5818356,
            "current_ratio": 151.89,
            "debt_ratio": 55.91,
            "inventory_turnover_ratio": 1.14,
            "account_receivable_turnover_ratio": 1.62,
            "reinvestment_rate": -33.75,
            "research_to_sale_ratio": 1.3,
            "price_fair": 49.5,
            "eps_avg_yearly": 1.41,
            "eps_latest_yearly": 1.4,
            "eps_growth_yearly": 244.45
        },
        "20183": {
            "year_quarter": 20183,
            "year": 2018,
            "quarter": 3,
            "eps": 0.54,
            "eps_growth_year": 5.88,
            "eps_4q": 1.39,
            "eps_4q_growth_year": -28.66,
            "roe": 3.38,
            "roe_4q": 8.76,
            "gross_profit": 1310078,
            "gross_margin": 29.1,
            "gross_margin_4q_avg": 26.94,
            "net_income": 197771,
            "revenue": 4502284,
            "common_shares": 3677080,
            "book_valuer_per_share": 15.78,
            "book_valuer_per_share_4q_avg": 16.11,
            "equity": 5882259,
            "current_ratio": 185.78,
            "debt_ratio": 54.42,
            "inventory_turnover_ratio": 1,
            "account_receivable_turnover_ratio": 1.51,
            "reinvestment_rate": -36.77,
            "research_to_sale_ratio": 1.34,
            "price_fair": 52.6,
            "eps_avg_yearly": 1.5,
            "eps_latest_yearly": 2.16,
            "eps_growth_yearly": 228.79
        },
        "20184": {
            "year_quarter": 20184,
            "year": 2018,
            "quarter": 4,
            "eps": 0.62,
            "eps_growth_year": 102.62,
            "eps_4q": 1.74,
            "eps_4q_growth_year": -8.65,
            "roe": 3.72,
            "roe_4q": 10.42,
            "gross_profit": 1281915,
            "gross_margin": 29.37,
            "gross_margin_4q_avg": 27.39,
            "net_income": 220629,
            "revenue": 4365207,
            "common_shares": 3681600,
            "book_valuer_per_share": 16.56,
            "book_valuer_per_share_4q_avg": 16.15,
            "equity": 5974815,
            "current_ratio": 190.9,
            "debt_ratio": 53.37,
            "inventory_turnover_ratio": 0.94,
            "account_receivable_turnover_ratio": 1.59,
            "reinvestment_rate": -36.93,
            "research_to_sale_ratio": 1.45,
            "price_fair": 58.4,
            "eps_avg_yearly": 1.67,
            "eps_latest_yearly": 2.48,
            "eps_growth_yearly": 256.62
        },
        "20191": {
            "year_quarter": 20191,
            "year": 2019,
            "quarter": 1,
            "eps": 0.33,
            "eps_growth_year": 65,
            "eps_4q": 1.86,
            "eps_4q_growth_year": 8.78,
            "roe": 1.94,
            "roe_4q": 11.18,
            "gross_profit": 1155375,
            "gross_margin": 26.87,
            "gross_margin_4q_avg": 27.7,
            "net_income": 118348,
            "revenue": 4299545,
            "common_shares": 3562120,
            "book_valuer_per_share": 17.27,
            "book_valuer_per_share_4q_avg": 16.31,
            "equity": 6210495,
            "current_ratio": 186.86,
            "debt_ratio": 57.06,
            "inventory_turnover_ratio": 0.93,
            "account_receivable_turnover_ratio": 1.64,
            "reinvestment_rate": -31.05,
            "research_to_sale_ratio": 1.34,
            "price_fair": 59.3,
            "eps_avg_yearly": 1.69,
            "eps_latest_yearly": 1.32,
            "eps_growth_yearly": 100.4
        },
        "20192": {
            "year_quarter": 20192,
            "year": 2019,
            "quarter": 2,
            "eps": 0.4,
            "eps_growth_year": 14.29,
            "eps_4q": 1.9,
            "eps_4q_growth_year": 42.02,
            "roe": 2.38,
            "roe_4q": 11.420000000000002,
            "gross_profit": 1218986,
            "gross_margin": 28.36,
            "gross_margin_4q_avg": 28.43,
            "net_income": 143816,
            "revenue": 4298142,
            "common_shares": 3562370,
            "book_valuer_per_share": 16.26,
            "book_valuer_per_share_4q_avg": 16.47,
            "equity": 5856932,
            "current_ratio": 176.14,
            "debt_ratio": 59.61,
            "inventory_turnover_ratio": 0.89,
            "account_receivable_turnover_ratio": 1.6,
            "reinvestment_rate": -27.71,
            "research_to_sale_ratio": 1.41,
            "price_fair": 57.6,
            "eps_avg_yearly": 1.65,
            "eps_latest_yearly": 1.6,
            "eps_growth_yearly": 67.18
        },
        "20193": {
            "year_quarter": 20193,
            "year": 2019,
            "quarter": 3,
            "eps": 0.55,
            "eps_growth_year": 1.85,
            "eps_4q": 1.89,
            "eps_4q_growth_year": 36.65,
            "roe": 3.35,
            "roe_4q": 11.39,
            "gross_profit": 1316394,
            "gross_margin": 30,
            "gross_margin_4q_avg": 28.65,
            "net_income": 194940,
            "revenue": 4387819,
            "common_shares": 3567430,
            "book_valuer_per_share": 16.23,
            "book_valuer_per_share_4q_avg": 16.58,
            "equity": 5798199,
            "current_ratio": 184.53,
            "debt_ratio": 57.65,
            "inventory_turnover_ratio": 0.95,
            "account_receivable_turnover_ratio": 1.64,
            "reinvestment_rate": -63.36,
            "research_to_sale_ratio": 1.62,
            "price_fair": 59.5,
            "eps_avg_yearly": 1.7,
            "eps_latest_yearly": 2.2,
            "eps_growth_yearly": 88.42
        },
        "20194": {
            "year_quarter": 20194,
            "year": 2019,
            "quarter": 4,
            "eps": -0.34,
            "eps_growth_year": -154.85,
            "eps_4q": 0.94,
            "eps_4q_growth_year": -45.84,
            "roe": -2.13,
            "roe_4q": 5.54,
            "gross_profit": 1107125,
            "gross_margin": 27.42,
            "gross_margin_4q_avg": 28.16,
            "net_income": -121049,
            "revenue": 4037920,
            "common_shares": 3562130,
            "book_valuer_per_share": 15.63,
            "book_valuer_per_share_4q_avg": 16.35,
            "equity": 5573610,
            "current_ratio": 180.54,
            "debt_ratio": 64.83,
            "inventory_turnover_ratio": 0.97,
            "account_receivable_turnover_ratio": 1.65,
            "reinvestment_rate": 39.28,
            "research_to_sale_ratio": 2.21,
            "price_fair": 61.49,
            "eps_avg_yearly": 1.76,
            "eps_latest_yearly": 2.2,
            "eps_growth_yearly": 105.47
        },
        "20201": {
            "year_quarter": 20201,
            "year": 2020,
            "quarter": 1,
            "eps": -0.2,
            "eps_growth_year": -160.61,
            "eps_4q": 0.4,
            "eps_4q_growth_year": -78.3,
            "roe": -1.32,
            "roe_4q": 2.28,
            "gross_profit": 1042231,
            "gross_margin": 27.6,
            "gross_margin_4q_avg": 28.35,
            "net_income": -72594,
            "revenue": 3775536,
            "common_shares": 3568490,
            "book_valuer_per_share": 15.12,
            "book_valuer_per_share_4q_avg": 15.81,
            "equity": 5396740,
            "current_ratio": 189.08,
            "debt_ratio": 63.89,
            "inventory_turnover_ratio": 0.94,
            "account_receivable_turnover_ratio": 1.66,
            "reinvestment_rate": 62.06,
            "research_to_sale_ratio": 1.84,
            "price_fair": 64.52,
            "eps_avg_yearly": 1.84,
            "eps_latest_yearly": 2.2,
            "eps_growth_yearly": 122.6
        },
        "20202": {
            "year_quarter": 20202,
            "year": 2020,
            "quarter": 2,
            "eps": 0.07,
            "eps_growth_year": -82.5,
            "eps_4q": 0.07,
            "eps_4q_growth_year": -96.26,
            "roe": 0.46,
            "roe_4q": 0.3599999999999999,
            "gross_profit": 955993,
            "gross_margin": 28.06,
            "gross_margin_4q_avg": 28.27,
            "net_income": 24275,
            "revenue": 3406961,
            "common_shares": 3568490,
            "book_valuer_per_share": 14.16,
            "book_valuer_per_share_4q_avg": 15.29,
            "equity": 5053311,
            "current_ratio": 176.53,
            "debt_ratio": 66.58,
            "inventory_turnover_ratio": 0.88,
            "account_receivable_turnover_ratio": 1.45,
            "reinvestment_rate": 87.47,
            "research_to_sale_ratio": 2.1,
            "price_fair": 63.13,
            "eps_avg_yearly": 1.8,
            "eps_latest_yearly": 2.2,
            "eps_growth_yearly": 54.95
        },
        "20203": {
            "year_quarter": 20203,
            "year": 2020,
            "quarter": 3,
            "eps": 0.48,
            "eps_growth_year": -12.73,
            "eps_4q": 0,
            "eps_4q_growth_year": -99.87,
            "roe": 3.31,
            "roe_4q": 0.3200000000000003,
            "gross_profit": 1359357,
            "gross_margin": 28.31,
            "gross_margin_4q_avg": 27.85,
            "net_income": 170255,
            "revenue": 4801484,
            "common_shares": 3568490,
            "book_valuer_per_share": 14.63,
            "book_valuer_per_share_4q_avg": 14.89,
            "equity": 5231593,
            "current_ratio": 166.15,
            "debt_ratio": 67.33,
            "inventory_turnover_ratio": 1.23,
            "account_receivable_turnover_ratio": 1.74,
            "reinvestment_rate": 46.17,
            "research_to_sale_ratio": 1.34,
            "price_fair": 63.47,
            "eps_avg_yearly": 1.81,
            "eps_latest_yearly": 1.92,
            "eps_growth_yearly": 245.61
        },
        "20204": {
            "year_quarter": 20204,
            "year": 2020,
            "quarter": 4,
            "eps": 0.46,
            "eps_growth_year": null,
            "eps_4q": 0.8,
            "eps_4q_growth_year": -14.6,
            "roe": 3.08,
            "roe_4q": 5.53,
            "gross_profit": 1259170,
            "gross_margin": 26.28,
            "gross_margin_4q_avg": 27.56,
            "net_income": 165551,
            "revenue": 4791228,
            "common_shares": 3581640,
            "book_valuer_per_share": 15.4,
            "book_valuer_per_share_4q_avg": 14.83,
            "equity": 5517277,
            "current_ratio": 168.1,
            "debt_ratio": 67.22,
            "inventory_turnover_ratio": 1.13,
            "account_receivable_turnover_ratio": 1.57,
            "reinvestment_rate": 48.17,
            "research_to_sale_ratio": 1.59,
            "price_fair": 63.54,
            "eps_avg_yearly": 1.82,
            "eps_latest_yearly": 1.84,
            "eps_growth_yearly": 225.44
        },
        "20211": {
            "year_quarter": 20211,
            "year": 2021,
            "quarter": 1,
            "eps": 0.15,
            "eps_growth_year": null,
            "eps_4q": 1.16,
            "eps_4q_growth_year": 187.01,
            "roe": 1,
            "roe_4q": 7.8500000000000005,
            "gross_profit": 1262146,
            "gross_margin": 25.23,
            "gross_margin_4q_avg": 26.97,
            "net_income": 55499,
            "revenue": 5002093,
            "common_shares": 3581640,
            "book_valuer_per_share": 15.46,
            "book_valuer_per_share_4q_avg": 14.91,
            "equity": 5536253,
            "current_ratio": 164.03,
            "debt_ratio": 65.6,
            "inventory_turnover_ratio": 1.11,
            "account_receivable_turnover_ratio": 1.6,
            "reinvestment_rate": 52.33,
            "research_to_sale_ratio": 1.22,
            "price_fair": 60.85,
            "eps_avg_yearly": 1.74,
            "eps_latest_yearly": 0.6,
            "eps_growth_yearly": 200.31
        },
        "20212": {
            "year_quarter": 20212,
            "year": 2021,
            "quarter": 2,
            "eps": 0.22,
            "eps_growth_year": 214.29,
            "eps_4q": 1.31,
            "eps_4q_growth_year": 1742.74,
            "roe": 1.43,
            "roe_4q": 8.82,
            "gross_profit": 1271493,
            "gross_margin": 26.13,
            "gross_margin_4q_avg": 26.49,
            "net_income": 78789,
            "revenue": 4866317,
            "common_shares": 3581640,
            "book_valuer_per_share": 15.28,
            "book_valuer_per_share_4q_avg": 15.19,
            "equity": 5471828,
            "current_ratio": 159.21,
            "debt_ratio": 66.69,
            "inventory_turnover_ratio": 1.04,
            "account_receivable_turnover_ratio": 1.57,
            "reinvestment_rate": 57.69,
            "research_to_sale_ratio": 1.27,
            "price_fair": 55.14,
            "eps_avg_yearly": 1.58,
            "eps_latest_yearly": 0.88,
            "eps_growth_yearly": 187.74
        },
        "20213": {
            "year_quarter": 20213,
            "year": 2021,
            "quarter": 3,
            "eps": 0,
            "eps_growth_year": -100,
            "eps_4q": 0.84,
            "eps_4q_growth_year": 33668.87,
            "roe": 0,
            "roe_4q": 5.51,
            "gross_profit": 1237317,
            "gross_margin": 25.33,
            "gross_margin_4q_avg": 25.74,
            "net_income": 112,
            "revenue": 4885724,
            "common_shares": 3581640,
            "book_valuer_per_share": 14.64,
            "book_valuer_per_share_4q_avg": 15.2,
            "equity": 5244527,
            "current_ratio": 156.88,
            "debt_ratio": 67.56,
            "inventory_turnover_ratio": 0.97,
            "account_receivable_turnover_ratio": 1.65,
            "reinvestment_rate": 59.81,
            "research_to_sale_ratio": 1.28,
            "price_fair": 53.78,
            "eps_avg_yearly": 1.54,
            "eps_latest_yearly": 0.88,
            "eps_growth_yearly": 214.05
        },
        "20214": {
            "year_quarter": 20214,
            "year": 2021,
            "quarter": 4,
            "eps": -0.34,
            "eps_growth_year": -173.45,
            "eps_4q": 0.04,
            "eps_4q_growth_year": -95.55,
            "roe": -2.33,
            "roe_4q": 0.09999999999999987,
            "gross_profit": 1028081,
            "gross_margin": 21.7,
            "gross_margin_4q_avg": 24.6,
            "net_income": -121603,
            "revenue": 4737221,
            "common_shares": 3581640,
            "book_valuer_per_share": 14.44,
            "book_valuer_per_share_4q_avg": 14.96,
            "equity": 5172685,
            "current_ratio": 152.05,
            "debt_ratio": 68.02,
            "inventory_turnover_ratio": 0.9,
            "account_receivable_turnover_ratio": 1.61,
            "reinvestment_rate": 67.1,
            "research_to_sale_ratio": 1.28,
            "price_fair": 54.73,
            "eps_avg_yearly": 1.56,
            "eps_latest_yearly": 0.88,
            "eps_growth_yearly": 247.77
        },
        "20221": {
            "year_quarter": 20221,
            "year": 2022,
            "quarter": 1,
            "eps": -0.17,
            "eps_growth_year": -213.33,
            "eps_4q": -0.29,
            "eps_4q_growth_year": -125.04,
            "roe": -1.16,
            "roe_4q": -2.0600000000000005,
            "gross_profit": 1158329,
            "gross_margin": 22.18,
            "gross_margin_4q_avg": 23.84,
            "net_income": -61363,
            "revenue": 5221654,
            "common_shares": 3581640,
            "book_valuer_per_share": 15.09,
            "book_valuer_per_share_4q_avg": 14.86,
            "equity": 5402994,
            "current_ratio": 158.02,
            "debt_ratio": 67.03,
            "inventory_turnover_ratio": 0.95,
            "account_receivable_turnover_ratio": 1.74,
            "reinvestment_rate": 70.92,
            "research_to_sale_ratio": 1.12,
            "price_fair": 57.4,
            "eps_avg_yearly": 1.64,
            "eps_latest_yearly": 0.88,
            "eps_growth_yearly": 286.74
        },
        "20222": {
            "year_quarter": 20222,
            "year": 2022,
            "quarter": 2,
            "eps": -2.86,
            "eps_growth_year": -1400,
            "eps_4q": -3.37,
            "eps_4q_growth_year": -356.8,
            "roe": -20.96,
            "roe_4q": -24.450000000000003,
            "gross_profit": 1269801,
            "gross_margin": 24.38,
            "gross_margin_4q_avg": 23.4,
            "net_income": -1024347,
            "revenue": 5207844,
            "common_shares": 3581640,
            "book_valuer_per_share": 12.2,
            "book_valuer_per_share_4q_avg": 14.09,
            "equity": 4369107,
            "current_ratio": 138.81,
            "debt_ratio": 74.05,
            "inventory_turnover_ratio": 0.89,
            "account_receivable_turnover_ratio": 1.68,
            "reinvestment_rate": null,
            "research_to_sale_ratio": 1.09,
            "price_fair": 58.33,
            "eps_avg_yearly": 1.67,
            "eps_latest_yearly": 0.88,
            "eps_growth_yearly": 285.27
        },
        "20223": {
            "year_quarter": 20223,
            "year": 2022,
            "quarter": 3,
            "eps": 0.26,
            "eps_growth_year": null,
            "eps_4q": -3.11,
            "eps_4q_growth_year": -471.2,
            "roe": 2.07,
            "roe_4q": -22.380000000000003,
            "gross_profit": 1265919,
            "gross_margin": 26.23,
            "gross_margin_4q_avg": 23.62,
            "net_income": 93909,
            "revenue": 4826910,
            "common_shares": 3581640,
            "book_valuer_per_share": 13.11,
            "book_valuer_per_share_4q_avg": 13.71,
            "equity": 4695748,
            "current_ratio": 141.34,
            "debt_ratio": 72.34,
            "inventory_turnover_ratio": 0.75,
            "account_receivable_turnover_ratio": 1.65,
            "reinvestment_rate": null,
            "research_to_sale_ratio": 1.13,
            "price_fair": 56.18,
            "eps_avg_yearly": 1.61,
            "eps_latest_yearly": 0.88,
            "eps_growth_yearly": 293.79
        },
        "20224": {
            "year_quarter": 20224,
            "year": 2022,
            "quarter": 4,
            "eps": 0.29,
            "eps_growth_year": null,
            "eps_4q": -2.48,
            "eps_4q_growth_year": -7040.03,
            "roe": 2.2,
            "roe_4q": -17.85,
            "gross_profit": 1269143,
            "gross_margin": 25.62,
            "gross_margin_4q_avg": 24.6,
            "net_income": 102927,
            "revenue": 4954603,
            "common_shares": 3581640,
            "book_valuer_per_share": 13.04,
            "book_valuer_per_share_4q_avg": 13.36,
            "equity": 4673804,
            "current_ratio": 160.22,
            "debt_ratio": 71.85,
            "inventory_turnover_ratio": 0.75,
            "account_receivable_turnover_ratio": 1.85,
            "reinvestment_rate": null,
            "research_to_sale_ratio": 1.05,
            "price_fair": 50.4,
            "eps_avg_yearly": 1.44,
            "eps_latest_yearly": 1.16,
            "eps_growth_yearly": 292.15
        },
        "20231": {
            "year_quarter": 20231,
            "year": 2023,
            "quarter": 1,
            "eps": 0.12,
            "eps_growth_year": null,
            "eps_4q": -1.92,
            "eps_4q_growth_year": null,
            "roe": 0.85,
            "roe_4q": -15.84,
            "gross_profit": 1226122,
            "gross_margin": 27.11,
            "gross_margin_4q_avg": 25.84,
            "net_income": 42549,
            "revenue": 4522613,
            "common_shares": 4084140,
            "book_valuer_per_share": 13.06,
            "book_valuer_per_share_4q_avg": 12.85,
            "equity": 5333393,
            "current_ratio": 151.67,
            "debt_ratio": 67.41,
            "inventory_turnover_ratio": 0.71,
            "account_receivable_turnover_ratio": 1.84,
            "reinvestment_rate": null,
            "research_to_sale_ratio": 0.95,
            "price_fair": 46.73,
            "eps_avg_yearly": 1.34,
            "eps_latest_yearly": 0.48,
            "eps_growth_yearly": 286.23
        }
    },
    "months": {
        "2001-06": {
            "month": "2001-06",
            "price": "51.04",
            "revenue": 185754
        },
        "2001-07": {
            "month": "2001-07",
            "price": "50.78",
            "revenue": 295685
        },
        "2001-08": {
            "month": "2001-08",
            "price": "45.03",
            "revenue": 349673
        },
        "2001-09": {
            "month": "2001-09",
            "price": "45.02",
            "revenue": 230381
        },
        "2001-10": {
            "month": "2001-10",
            "price": "37.86",
            "revenue": 167173
        },
        "2001-11": {
            "month": "2001-11",
            "price": "41.31",
            "revenue": 186663
        },
        "2001-12": {
            "month": "2001-12",
            "price": "49.16",
            "revenue": 175984
        },
        "2002-01": {
            "month": "2002-01",
            "price": "52.36",
            "revenue": 286366
        },
        "2002-02": {
            "month": "2002-02",
            "price": "51.92",
            "revenue": 183370
        },
        "2002-03": {
            "month": "2002-03",
            "price": "56.43",
            "revenue": 351971
        },
        "2002-04": {
            "month": "2002-04",
            "price": "59.81",
            "revenue": 357655
        },
        "2002-05": {
            "month": "2002-05",
            "price": "57.48",
            "revenue": 265864
        },
        "2002-06": {
            "month": "2002-06",
            "price": "57.18",
            "revenue": 227489
        },
        "2002-07": {
            "month": "2002-07",
            "price": "54.09",
            "revenue": 224689
        },
        "2002-08": {
            "month": "2002-08",
            "price": "48.51",
            "revenue": 451664
        },
        "2002-09": {
            "month": "2002-09",
            "price": "45.46",
            "revenue": 357683
        },
        "2002-10": {
            "month": "2002-10",
            "price": "44.24",
            "revenue": 334415
        },
        "2002-11": {
            "month": "2002-11",
            "price": "50.63",
            "revenue": 417308
        },
        "2002-12": {
            "month": "2002-12",
            "price": "54.66",
            "revenue": 373055
        },
        "2003-01": {
            "month": "2003-01",
            "price": "55.47",
            "revenue": 559002
        },
        "2003-02": {
            "month": "2003-02",
            "price": "58.38",
            "revenue": 321249
        },
        "2003-03": {
            "month": "2003-03",
            "price": "52.85",
            "revenue": 329315
        },
        "2003-04": {
            "month": "2003-04",
            "price": "46.40",
            "revenue": 186353
        },
        "2003-05": {
            "month": "2003-05",
            "price": "43.53",
            "revenue": 182931
        },
        "2003-06": {
            "month": "2003-06",
            "price": "46.85",
            "revenue": 182747
        },
        "2003-07": {
            "month": "2003-07",
            "price": "47.58",
            "revenue": 190409
        },
        "2003-08": {
            "month": "2003-08",
            "price": "42.45",
            "revenue": 209835
        },
        "2003-09": {
            "month": "2003-09",
            "price": "32.17",
            "revenue": 237159
        },
        "2003-10": {
            "month": "2003-10",
            "price": "34.06",
            "revenue": 234292
        },
        "2003-11": {
            "month": "2003-11",
            "price": "35.91",
            "revenue": 240774
        },
        "2003-12": {
            "month": "2003-12",
            "price": "34.98",
            "revenue": 314448
        },
        "2004-01": {
            "month": "2004-01",
            "price": "38.01",
            "revenue": 365249
        },
        "2004-02": {
            "month": "2004-02",
            "price": "42.48",
            "revenue": 197588
        },
        "2004-03": {
            "month": "2004-03",
            "price": "46.12",
            "revenue": 497678
        },
        "2004-04": {
            "month": "2004-04",
            "price": "44.53",
            "revenue": 379386
        },
        "2004-05": {
            "month": "2004-05",
            "price": "40.79",
            "revenue": 443395
        },
        "2004-06": {
            "month": "2004-06",
            "price": "43.31",
            "revenue": 391444
        },
        "2004-07": {
            "month": "2004-07",
            "price": "43.13",
            "revenue": 525595
        },
        "2004-08": {
            "month": "2004-08",
            "price": "39.08",
            "revenue": 400011
        },
        "2004-09": {
            "month": "2004-09",
            "price": "38.47",
            "revenue": 209216
        },
        "2004-10": {
            "month": "2004-10",
            "price": "36.22",
            "revenue": 323907
        },
        "2004-11": {
            "month": "2004-11",
            "price": "35.04",
            "revenue": 238521
        },
        "2004-12": {
            "month": "2004-12",
            "price": "36.20",
            "revenue": 316885
        },
        "2005-01": {
            "month": "2005-01",
            "price": "37.87",
            "revenue": 275007
        },
        "2005-02": {
            "month": "2005-02",
            "price": "39.05",
            "revenue": 198029
        },
        "2005-03": {
            "month": "2005-03",
            "price": "40.32",
            "revenue": 249732
        },
        "2005-04": {
            "month": "2005-04",
            "price": "39.56",
            "revenue": 314852
        },
        "2005-05": {
            "month": "2005-05",
            "price": "38.33",
            "revenue": 325770
        },
        "2005-06": {
            "month": "2005-06",
            "price": "37.84",
            "revenue": 402671
        },
        "2005-07": {
            "month": "2005-07",
            "price": "37.95",
            "revenue": 320291
        },
        "2005-08": {
            "month": "2005-08",
            "price": "33.97",
            "revenue": 363033
        },
        "2005-09": {
            "month": "2005-09",
            "price": "28.59",
            "revenue": 395343
        },
        "2005-10": {
            "month": "2005-10",
            "price": "25.02",
            "revenue": 340465
        },
        "2005-11": {
            "month": "2005-11",
            "price": "23.92",
            "revenue": 413600
        },
        "2005-12": {
            "month": "2005-12",
            "price": "26.81",
            "revenue": 525847
        },
        "2006-01": {
            "month": "2006-01",
            "price": "28.89",
            "revenue": 455835
        },
        "2006-02": {
            "month": "2006-02",
            "price": "27.92",
            "revenue": 368426
        },
        "2006-03": {
            "month": "2006-03",
            "price": "26.02",
            "revenue": 404636
        },
        "2006-04": {
            "month": "2006-04",
            "price": "27.55",
            "revenue": 449788
        },
        "2006-05": {
            "month": "2006-05",
            "price": "32.40",
            "revenue": 391661
        },
        "2006-06": {
            "month": "2006-06",
            "price": "31.05",
            "revenue": 385191
        },
        "2006-07": {
            "month": "2006-07",
            "price": "30.19",
            "revenue": 426761
        },
        "2006-08": {
            "month": "2006-08",
            "price": "27.66",
            "revenue": 446349
        },
        "2006-09": {
            "month": "2006-09",
            "price": "28.80",
            "revenue": 447584
        },
        "2006-10": {
            "month": "2006-10",
            "price": "31.65",
            "revenue": 420057
        },
        "2006-11": {
            "month": "2006-11",
            "price": "32.67",
            "revenue": 465472
        },
        "2006-12": {
            "month": "2006-12",
            "price": "38.50",
            "revenue": 576491
        },
        "2007-01": {
            "month": "2007-01",
            "price": "43.16",
            "revenue": 460470
        },
        "2007-02": {
            "month": "2007-02",
            "price": "41.18",
            "revenue": 338315
        },
        "2007-03": {
            "month": "2007-03",
            "price": "37.77",
            "revenue": 375264
        },
        "2007-04": {
            "month": "2007-04",
            "price": "44.94",
            "revenue": 481055
        },
        "2007-05": {
            "month": "2007-05",
            "price": "43.96",
            "revenue": 540647
        },
        "2007-06": {
            "month": "2007-06",
            "price": "44.15",
            "revenue": 541373
        },
        "2007-07": {
            "month": "2007-07",
            "price": "45.48",
            "revenue": 509502
        },
        "2007-08": {
            "month": "2007-08",
            "price": "38.80",
            "revenue": 621643
        },
        "2007-09": {
            "month": "2007-09",
            "price": "40.95",
            "revenue": 467288
        },
        "2007-10": {
            "month": "2007-10",
            "price": "38.55",
            "revenue": 407304
        },
        "2007-11": {
            "month": "2007-11",
            "price": "34.27",
            "revenue": 400007
        },
        "2007-12": {
            "month": "2007-12",
            "price": "35.06",
            "revenue": 376886
        },
        "2008-01": {
            "month": "2008-01",
            "price": "32.11",
            "revenue": 386264
        },
        "2008-02": {
            "month": "2008-02",
            "price": "29.83",
            "revenue": 126000
        },
        "2008-03": {
            "month": "2008-03",
            "price": "33.34",
            "revenue": 1769791
        },
        "2008-04": {
            "month": "2008-04",
            "price": "34.66",
            "revenue": 1977915
        },
        "2008-05": {
            "month": "2008-05",
            "price": "33.47",
            "revenue": 1873188
        },
        "2008-06": {
            "month": "2008-06",
            "price": "30.32",
            "revenue": 2085845
        },
        "2008-07": {
            "month": "2008-07",
            "price": "26.41",
            "revenue": 2075526
        },
        "2008-08": {
            "month": "2008-08",
            "price": "25.53",
            "revenue": 1864648
        },
        "2008-09": {
            "month": "2008-09",
            "price": "18.82",
            "revenue": 1832633
        },
        "2008-10": {
            "month": "2008-10",
            "price": "15.98",
            "revenue": 1938690
        },
        "2008-11": {
            "month": "2008-11",
            "price": "13.82",
            "revenue": 1664351
        },
        "2008-12": {
            "month": "2008-12",
            "price": "12.46",
            "revenue": 1745660
        },
        "2009-01": {
            "month": "2009-01",
            "price": "11.97",
            "revenue": 1590068
        },
        "2009-02": {
            "month": "2009-02",
            "price": "12.10",
            "revenue": 1762655
        },
        "2009-03": {
            "month": "2009-03",
            "price": "15.00",
            "revenue": 1550157
        },
        "2009-04": {
            "month": "2009-04",
            "price": "18.06",
            "revenue": 1849844
        },
        "2009-05": {
            "month": "2009-05",
            "price": "22.41",
            "revenue": 1631965
        },
        "2009-06": {
            "month": "2009-06",
            "price": "23.17",
            "revenue": 1571303
        },
        "2009-07": {
            "month": "2009-07",
            "price": "22.92",
            "revenue": 1763849
        },
        "2009-08": {
            "month": "2009-08",
            "price": "20.68",
            "revenue": 1822779
        },
        "2009-09": {
            "month": "2009-09",
            "price": "22.51",
            "revenue": 1953960
        },
        "2009-10": {
            "month": "2009-10",
            "price": "26.56",
            "revenue": 1828441
        },
        "2009-11": {
            "month": "2009-11",
            "price": "32.02",
            "revenue": 1849159
        },
        "2009-12": {
            "month": "2009-12",
            "price": "31.07",
            "revenue": 1897958
        },
        "2010-01": {
            "month": "2010-01",
            "price": "32.06",
            "revenue": 1789826
        },
        "2010-02": {
            "month": "2010-02",
            "price": "29.00",
            "revenue": 1634581
        },
        "2010-03": {
            "month": "2010-03",
            "price": "33.07",
            "revenue": 1995337
        },
        "2010-04": {
            "month": "2010-04",
            "price": "36.69",
            "revenue": 1838569
        },
        "2010-05": {
            "month": "2010-05",
            "price": "37.01",
            "revenue": 1920019
        },
        "2010-06": {
            "month": "2010-06",
            "price": "36.40",
            "revenue": 1801935
        },
        "2010-07": {
            "month": "2010-07",
            "price": "36.24",
            "revenue": 1710669
        },
        "2010-08": {
            "month": "2010-08",
            "price": "39.51",
            "revenue": 1700341
        },
        "2010-09": {
            "month": "2010-09",
            "price": "35.08",
            "revenue": 1702541
        },
        "2010-10": {
            "month": "2010-10",
            "price": "32.30",
            "revenue": 1447893
        },
        "2010-11": {
            "month": "2010-11",
            "price": "31.02",
            "revenue": 1726636
        },
        "2010-12": {
            "month": "2010-12",
            "price": "31.05",
            "revenue": 1808312
        },
        "2011-01": {
            "month": "2011-01",
            "price": "30.58",
            "revenue": 1631934
        },
        "2011-02": {
            "month": "2011-02",
            "price": "29.28",
            "revenue": 1421300
        },
        "2011-03": {
            "month": "2011-03",
            "price": "32.27",
            "revenue": 1884010
        },
        "2011-04": {
            "month": "2011-04",
            "price": "32.91",
            "revenue": 1610629
        },
        "2011-05": {
            "month": "2011-05",
            "price": "30.16",
            "revenue": 1564538
        },
        "2011-06": {
            "month": "2011-06",
            "price": "26.15",
            "revenue": 1662589
        },
        "2011-07": {
            "month": "2011-07",
            "price": "24.47",
            "revenue": 1373587
        },
        "2011-08": {
            "month": "2011-08",
            "price": "20.08",
            "revenue": 1435417
        },
        "2011-09": {
            "month": "2011-09",
            "price": "18.80",
            "revenue": 1556499
        },
        "2011-10": {
            "month": "2011-10",
            "price": "18.47",
            "revenue": 1398880
        },
        "2011-11": {
            "month": "2011-11",
            "price": "18.62",
            "revenue": 1570139
        },
        "2011-12": {
            "month": "2011-12",
            "price": "18.22",
            "revenue": 1651917
        },
        "2012-01": {
            "month": "2012-01",
            "price": "19.25",
            "revenue": 1300691
        },
        "2012-02": {
            "month": "2012-02",
            "price": "22.41",
            "revenue": 1476604
        },
        "2012-03": {
            "month": "2012-03",
            "price": "21.81",
            "revenue": 1640620
        },
        "2012-04": {
            "month": "2012-04",
            "price": "20.98",
            "revenue": 1478904
        },
        "2012-05": {
            "month": "2012-05",
            "price": "19.66",
            "revenue": 1657976
        },
        "2012-06": {
            "month": "2012-06",
            "price": "19.42",
            "revenue": 1665677
        },
        "2012-07": {
            "month": "2012-07",
            "price": "19.72",
            "revenue": 1632254
        },
        "2012-08": {
            "month": "2012-08",
            "price": "20.55",
            "revenue": 1544590
        },
        "2012-09": {
            "month": "2012-09",
            "price": "17.88",
            "revenue": 1363257
        },
        "2012-10": {
            "month": "2012-10",
            "price": "15.64",
            "revenue": 1396791
        },
        "2012-11": {
            "month": "2012-11",
            "price": "14.64",
            "revenue": 1500332
        },
        "2012-12": {
            "month": "2012-12",
            "price": "15.05",
            "revenue": 1506352
        },
        "2013-01": {
            "month": "2013-01",
            "price": "15.35",
            "revenue": 1723131
        },
        "2013-02": {
            "month": "2013-02",
            "price": "15.07",
            "revenue": 1233374
        },
        "2013-03": {
            "month": "2013-03",
            "price": "15.39",
            "revenue": 1615104
        },
        "2013-04": {
            "month": "2013-04",
            "price": "14.00",
            "revenue": 1523575
        },
        "2013-05": {
            "month": "2013-05",
            "price": "15.57",
            "revenue": 1604313
        },
        "2013-06": {
            "month": "2013-06",
            "price": "18.95",
            "revenue": 1604913
        },
        "2013-07": {
            "month": "2013-07",
            "price": "22.85",
            "revenue": 1504166
        },
        "2013-08": {
            "month": "2013-08",
            "price": "21.26",
            "revenue": 1625935
        },
        "2013-09": {
            "month": "2013-09",
            "price": "22.80",
            "revenue": 1532929
        },
        "2013-10": {
            "month": "2013-10",
            "price": "21.88",
            "revenue": 1601245
        },
        "2013-11": {
            "month": "2013-11",
            "price": "22.72",
            "revenue": 1625030
        },
        "2013-12": {
            "month": "2013-12",
            "price": "22.92",
            "revenue": 1674005
        },
        "2014-01": {
            "month": "2014-01",
            "price": "21.75",
            "revenue": 1698261
        },
        "2014-02": {
            "month": "2014-02",
            "price": "22.14",
            "revenue": 1479567
        },
        "2014-03": {
            "month": "2014-03",
            "price": "22.97",
            "revenue": 1671894
        },
        "2014-04": {
            "month": "2014-04",
            "price": "22.29",
            "revenue": 1797646
        },
        "2014-05": {
            "month": "2014-05",
            "price": "18.63",
            "revenue": 1728437
        },
        "2014-06": {
            "month": "2014-06",
            "price": "17.41",
            "revenue": 1674486
        },
        "2014-07": {
            "month": "2014-07",
            "price": "17.08",
            "revenue": 1726175
        },
        "2014-08": {
            "month": "2014-08",
            "price": "16.95",
            "revenue": 1587863
        },
        "2014-09": {
            "month": "2014-09",
            "price": "16.29",
            "revenue": 1579754
        },
        "2014-10": {
            "month": "2014-10",
            "price": "14.96",
            "revenue": 1632407
        },
        "2014-11": {
            "month": "2014-11",
            "price": "14.98",
            "revenue": 1582792
        },
        "2014-12": {
            "month": "2014-12",
            "price": "15.37",
            "revenue": 1773901
        },
        "2015-01": {
            "month": "2015-01",
            "price": "15.75",
            "revenue": 1622212
        },
        "2015-02": {
            "month": "2015-02",
            "price": "15.36",
            "revenue": 1302796
        },
        "2015-03": {
            "month": "2015-03",
            "price": "15.80",
            "revenue": 1687639
        },
        "2015-04": {
            "month": "2015-04",
            "price": "15.62",
            "revenue": 1667279
        },
        "2015-05": {
            "month": "2015-05",
            "price": "14.22",
            "revenue": 1685700
        },
        "2015-06": {
            "month": "2015-06",
            "price": "13.41",
            "revenue": 1629533
        },
        "2015-07": {
            "month": "2015-07",
            "price": "12.63",
            "revenue": 1674680
        },
        "2015-08": {
            "month": "2015-08",
            "price": "11.87",
            "revenue": 1579220
        },
        "2015-09": {
            "month": "2015-09",
            "price": "14.52",
            "revenue": 1822734
        },
        "2015-10": {
            "month": "2015-10",
            "price": "15.75",
            "revenue": 1737644
        },
        "2015-11": {
            "month": "2015-11",
            "price": "14.72",
            "revenue": 1824973
        },
        "2015-12": {
            "month": "2015-12",
            "price": "14.32",
            "revenue": 1720315
        },
        "2016-01": {
            "month": "2016-01",
            "price": "13.90",
            "revenue": 1832130
        },
        "2016-02": {
            "month": "2016-02",
            "price": "14.80",
            "revenue": 1353817
        },
        "2016-03": {
            "month": "2016-03",
            "price": "15.52",
            "revenue": 1648882
        },
        "2016-04": {
            "month": "2016-04",
            "price": "15.42",
            "revenue": 1802853
        },
        "2016-05": {
            "month": "2016-05",
            "price": "14.27",
            "revenue": 1788145
        },
        "2016-06": {
            "month": "2016-06",
            "price": "14.23",
            "revenue": 1756519
        },
        "2016-07": {
            "month": "2016-07",
            "price": "14.44",
            "revenue": 1462694
        },
        "2016-08": {
            "month": "2016-08",
            "price": "14.69",
            "revenue": 1585520
        },
        "2016-09": {
            "month": "2016-09",
            "price": "16.30",
            "revenue": 1506877
        },
        "2016-10": {
            "month": "2016-10",
            "price": "15.56",
            "revenue": 1475521
        },
        "2016-11": {
            "month": "2016-11",
            "price": "14.37",
            "revenue": 1597849
        },
        "2016-12": {
            "month": "2016-12",
            "price": "15.80",
            "revenue": 1469418
        },
        "2017-01": {
            "month": "2017-01",
            "price": "16.32",
            "revenue": 1496998
        },
        "2017-02": {
            "month": "2017-02",
            "price": "16.38",
            "revenue": 1318575
        },
        "2017-03": {
            "month": "2017-03",
            "price": "17.59",
            "revenue": 1635952
        },
        "2017-04": {
            "month": "2017-04",
            "price": "16.87",
            "revenue": 1568651
        },
        "2017-05": {
            "month": "2017-05",
            "price": "19.23",
            "revenue": 1569382
        },
        "2017-06": {
            "month": "2017-06",
            "price": "20.79",
            "revenue": 1492336
        },
        "2017-07": {
            "month": "2017-07",
            "price": "20.56",
            "revenue": 1409599
        },
        "2017-08": {
            "month": "2017-08",
            "price": "22.50",
            "revenue": 1538780
        },
        "2017-09": {
            "month": "2017-09",
            "price": "19.78",
            "revenue": 1567333
        },
        "2017-10": {
            "month": "2017-10",
            "price": "19.87",
            "revenue": 1514498
        },
        "2017-11": {
            "month": "2017-11",
            "price": "21.75",
            "revenue": 1515607
        },
        "2017-12": {
            "month": "2017-12",
            "price": "22.11",
            "revenue": 1334422
        },
        "2018-01": {
            "month": "2018-01",
            "price": "20.42",
            "revenue": 1757925
        },
        "2018-02": {
            "month": "2018-02",
            "price": "19.00",
            "revenue": 1151632
        },
        "2018-03": {
            "month": "2018-03",
            "price": "20.05",
            "revenue": 1445075
        },
        "2018-04": {
            "month": "2018-04",
            "price": "21.09",
            "revenue": 1514493
        },
        "2018-05": {
            "month": "2018-05",
            "price": "20.76",
            "revenue": 1559887
        },
        "2018-06": {
            "month": "2018-06",
            "price": "19.61",
            "revenue": 1603017
        },
        "2018-07": {
            "month": "2018-07",
            "price": "16.39",
            "revenue": 1512088
        },
        "2018-08": {
            "month": "2018-08",
            "price": "15.90",
            "revenue": 1502277
        },
        "2018-09": {
            "month": "2018-09",
            "price": "16.02",
            "revenue": 1493201
        },
        "2018-10": {
            "month": "2018-10",
            "price": "15.13",
            "revenue": 1559589
        },
        "2018-11": {
            "month": "2018-11",
            "price": "15.80",
            "revenue": 1577885
        },
        "2018-12": {
            "month": "2018-12",
            "price": "15.87",
            "revenue": 1225279
        },
        "2019-01": {
            "month": "2019-01",
            "price": "16.84",
            "revenue": 1651763
        },
        "2019-02": {
            "month": "2019-02",
            "price": "16.99",
            "revenue": 1162841
        },
        "2019-03": {
            "month": "2019-03",
            "price": "17.11",
            "revenue": 1473379
        },
        "2019-04": {
            "month": "2019-04",
            "price": "17.76",
            "revenue": 1528779
        },
        "2019-05": {
            "month": "2019-05",
            "price": "17.50",
            "revenue": 1395235
        },
        "2019-06": {
            "month": "2019-06",
            "price": "17.92",
            "revenue": 1364446
        },
        "2019-07": {
            "month": "2019-07",
            "price": "16.45",
            "revenue": 1483957
        },
        "2019-08": {
            "month": "2019-08",
            "price": "16.18",
            "revenue": 1445487
        },
        "2019-09": {
            "month": "2019-09",
            "price": "16.51",
            "revenue": 1480354
        },
        "2019-10": {
            "month": "2019-10",
            "price": "16.68",
            "revenue": 1364908
        },
        "2019-11": {
            "month": "2019-11",
            "price": "17.32",
            "revenue": 1435599
        },
        "2019-12": {
            "month": "2019-12",
            "price": "17.58",
            "revenue": 1234431
        },
        "2020-01": {
            "month": "2020-01",
            "price": "17.63",
            "revenue": 1420655
        },
        "2020-02": {
            "month": "2020-02",
            "price": "16.90",
            "revenue": 1156365
        },
        "2020-03": {
            "month": "2020-03",
            "price": "13.11",
            "revenue": 1198203
        },
        "2020-04": {
            "month": "2020-04",
            "price": "12.37",
            "revenue": 956004
        },
        "2020-05": {
            "month": "2020-05",
            "price": "12.52",
            "revenue": 1125400
        },
        "2020-06": {
            "month": "2020-06",
            "price": "13.34",
            "revenue": 1326800
        },
        "2020-07": {
            "month": "2020-07",
            "price": "12.80",
            "revenue": 1597663
        },
        "2020-08": {
            "month": "2020-08",
            "price": "13.14",
            "revenue": 1508969
        },
        "2020-09": {
            "month": "2020-09",
            "price": "14.95",
            "revenue": 1694772
        },
        "2020-10": {
            "month": "2020-10",
            "price": "15.16",
            "revenue": 1664846
        },
        "2020-11": {
            "month": "2020-11",
            "price": "15.62",
            "revenue": 1565630
        },
        "2020-12": {
            "month": "2020-12",
            "price": "15.42",
            "revenue": 1565160
        },
        "2021-01": {
            "month": "2021-01",
            "price": "15.06",
            "revenue": 1722637
        },
        "2021-02": {
            "month": "2021-02",
            "price": "15.42",
            "revenue": 1357181
        },
        "2021-03": {
            "month": "2021-03",
            "price": "16.55",
            "revenue": 1898746
        },
        "2021-04": {
            "month": "2021-04",
            "price": "18.14",
            "revenue": 1802372
        },
        "2021-05": {
            "month": "2021-05",
            "price": "16.82",
            "revenue": 1497688
        },
        "2021-06": {
            "month": "2021-06",
            "price": "16.91",
            "revenue": 1565595
        },
        "2021-07": {
            "month": "2021-07",
            "price": "17.58",
            "revenue": 1659018
        },
        "2021-08": {
            "month": "2021-08",
            "price": "16.50",
            "revenue": 1554146
        },
        "2021-09": {
            "month": "2021-09",
            "price": "15.58",
            "revenue": 1672492
        },
        "2021-10": {
            "month": "2021-10",
            "price": "15.22",
            "revenue": 1515570
        },
        "2021-11": {
            "month": "2021-11",
            "price": "15.05",
            "revenue": 1707361
        },
        "2021-12": {
            "month": "2021-12",
            "price": "14.77",
            "revenue": 1510314
        },
        "2022-01": {
            "month": "2022-01",
            "price": "14.71",
            "revenue": 1721312
        },
        "2022-02": {
            "month": "2022-02",
            "price": "14.74",
            "revenue": 1590284
        },
        "2022-03": {
            "month": "2022-03",
            "price": "13.82",
            "revenue": 1908942
        },
        "2022-04": {
            "month": "2022-04",
            "price": "12.64",
            "revenue": 1738258
        },
        "2022-05": {
            "month": "2022-05",
            "price": "12.06",
            "revenue": 1743407
        },
        "2022-06": {
            "month": "2022-06",
            "price": "12.13",
            "revenue": 1726293
        },
        "2022-07": {
            "month": "2022-07",
            "price": "11.61",
            "revenue": 1506098
        },
        "2022-08": {
            "month": "2022-08",
            "price": "12.46",
            "revenue": 1701395
        },
        "2022-09": {
            "month": "2022-09",
            "price": "12.27",
            "revenue": 1619395
        },
        "2022-10": {
            "month": "2022-10",
            "price": "11.72",
            "revenue": 1732771
        },
        "2022-11": {
            "month": "2022-11",
            "price": "12.73",
            "revenue": 1678333
        },
        "2022-12": {
            "month": "2022-12",
            "price": "13.42",
            "revenue": 1543502
        },
        "2023-01": {
            "month": "2023-01",
            "price": "13.17",
            "revenue": 1488758
        },
        "2023-02": {
            "month": "2023-02",
            "price": "13.18",
            "revenue": 1491316
        },
        "2023-03": {
            "month": "2023-03",
            "price": "12.77",
            "revenue": 1542544
        },
        "2023-04": {
            "month": "2023-04",
            "price": "13.73",
            "revenue": 1563626
        },
        "2023-05": {
            "month": "2023-05",
            "price": "13.82",
            "revenue": 1582906
        }
    }
}
