{
    "summary": {
        "stock_name": "全國",
        "stock_id": "9937",
        "category": "油電燃氣",
        "main_business": "經營加油站供售汽、柴油<br>汽、機車之潤滑保養、簡易檢驗、洗車及潤滑油脂之供應及零售<br>廣告看板之出租業務",
        "website_url": "http://www.npcgas.com.tw",
        "ceo": "蔡佳璋",
        "pe_ratio": 28,
        "report_year_from": 2001,
        "report_year_to": 2023,
        "age": 22,
        "eps_negative_percentage": 0,
        "eps_growth_avg": {
            "last_all": 8.34,
            "last_2y": -0.28,
            "last_4y": 1.36,
            "last_8y": 9.38,
            "last_12y": 6.71,
            "last_16y": 6.34,
            "last_20y": 8.34,
            "at_2006_last_3y": 7.19,
            "at_2007_last_3y": 7.66,
            "at_2008_last_3y": -2.18,
            "at_2009_last_3y": 5.13,
            "at_2010_last_3y": 17.04,
            "at_2011_last_3y": -0.56,
            "at_2012_last_3y": 6.75,
            "at_2013_last_3y": 0.71,
            "at_2014_last_3y": -27.57,
            "at_2015_last_3y": 4.32,
            "at_2016_last_3y": 17.83,
            "at_2017_last_3y": 19.41,
            "at_2018_last_3y": 24.49,
            "at_2019_last_3y": 12.1,
            "at_2020_last_3y": 3.13,
            "at_2021_last_3y": 4.28,
            "at_2022_last_3y": -0.1,
            "at_2023_last_3y": -0.1,
            "at_2006_last_all": 23.94,
            "at_2007_last_all": 18.76,
            "at_2008_last_all": 10.38,
            "at_2009_last_all": 10.98,
            "at_2010_last_all": 20.87,
            "at_2011_last_all": 11.03,
            "at_2012_last_all": 9.06,
            "at_2013_last_all": 7.56,
            "at_2014_last_all": 5.97,
            "at_2015_last_all": 9.11,
            "at_2016_last_all": 11.4,
            "at_2017_last_all": 10.52,
            "at_2018_last_all": 10.32,
            "at_2019_last_all": 9.77,
            "at_2020_last_all": 9.66,
            "at_2021_last_all": 9.27,
            "at_2022_last_all": 8.34,
            "at_2023_last_all": 8.34
        },
        "latest_eps": 2.28,
        "latest_price": 64,
        "latest_roe": 12.62,
        "latest_gross_margin": 11.14,
        "latest_equity": 5568413,
        "latest_revenue": 5867505,
        "latest_gross_profit": 653915,
        "latest_net_income": 170209,
        "latest_debt_ratio": 60.06,
        "latest_current_ratio": 45.19,
        "latest_account_receivable_turnover_ratio": 47.95,
        "latest_inventory_turnover_ratio": 15.2,
        "latest_reinvestment_rate": 51.76,
        "latest_research_to_sale_ratio": null
    },
    "eps_dividends": {
        "1993": {
            "cash": 0,
            "stock": 2,
            "eps": 0
        },
        "1994": {
            "cash": 1,
            "stock": 0,
            "eps": 0
        },
        "1995": {
            "cash": 1,
            "stock": 1,
            "eps": 0
        },
        "1996": {
            "cash": 0,
            "stock": 1,
            "eps": 0
        },
        "1997": {
            "cash": 0,
            "stock": 2,
            "eps": 0
        },
        "1998": {
            "cash": 2,
            "stock": 2,
            "eps": 0
        },
        "1999": {
            "cash": 1,
            "stock": 1,
            "eps": 0
        },
        "2000": {
            "cash": 0,
            "stock": 1,
            "eps": 0
        },
        "2001": {
            "cash": 0,
            "stock": 1,
            "eps": 0.99
        },
        "2002": {
            "cash": 1,
            "stock": 1,
            "eps": 1.89
        },
        "2003": {
            "cash": 2,
            "stock": 0,
            "eps": 1.72
        },
        "2004": {
            "cash": 1,
            "stock": 1,
            "eps": 1.71
        },
        "2005": {
            "cash": 1,
            "stock": 0,
            "eps": 1.47
        },
        "2006": {
            "cash": 1,
            "stock": 0,
            "eps": 2.24
        },
        "2007": {
            "cash": 2,
            "stock": 0,
            "eps": 2.08
        },
        "2008": {
            "cash": 2,
            "stock": 0,
            "eps": 1.25
        },
        "2009": {
            "cash": 1,
            "stock": 0,
            "eps": 1.44
        },
        "2010": {
            "cash": 2,
            "stock": 0,
            "eps": 6.68
        },
        "2011": {
            "cash": 7,
            "stock": 0,
            "eps": 1.5
        },
        "2012": {
            "cash": 0,
            "stock": 0,
            "eps": 1.34
        },
        "2013": {
            "cash": 1,
            "stock": 0,
            "eps": 1.22
        },
        "2014": {
            "cash": 1,
            "stock": 0,
            "eps": 1.06
        },
        "2015": {
            "cash": 1,
            "stock": 0,
            "eps": 1.59
        },
        "2016": {
            "cash": 1,
            "stock": 0,
            "eps": 2.28
        },
        "2017": {
            "cash": 2,
            "stock": 0,
            "eps": 2.22
        },
        "2018": {
            "cash": 2,
            "stock": 0,
            "eps": 2.38
        },
        "2019": {
            "cash": 2,
            "stock": 0,
            "eps": 2.39
        },
        "2020": {
            "cash": 2,
            "stock": 0,
            "eps": 2.57
        },
        "2021": {
            "cash": 2,
            "stock": 0,
            "eps": 2.62
        },
        "2022": {
            "cash": 2,
            "stock": 0,
            "eps": 2.35
        },
        "2023": {
            "cash": 2,
            "stock": 0,
            "eps": 0.55
        }
    },
    "dividends": {
        "1993-06-07": {
            "cash": 0,
            "stock": 1.5
        },
        "1994-06-07": {
            "cash": 0.5,
            "stock": 0
        },
        "1995-06-29": {
            "cash": 0.6,
            "stock": 1
        },
        "1996-04-07": {
            "cash": 0,
            "stock": 1
        },
        "1997-05-12": {
            "cash": 0,
            "stock": 1.6
        },
        "1998-05-19": {
            "cash": 1.5,
            "stock": 1.5
        },
        "1999-05-25": {
            "cash": 1.35,
            "stock": 1.35
        },
        "2000-06-22": {
            "cash": 0,
            "stock": 1.3
        },
        "2001-05-30": {
            "cash": 0.35,
            "stock": 1
        },
        "2002-06-12": {
            "cash": 0.75,
            "stock": 0.75
        },
        "2003-03-25": {
            "cash": 1.6,
            "stock": 0
        },
        "2004-06-16": {
            "cash": 0.75,
            "stock": 0.75
        },
        "2005-03-25": {
            "cash": 1.3,
            "stock": 0
        },
        "2006-03-22": {
            "cash": 1.1,
            "stock": 0
        },
        "2007-03-30": {
            "cash": 1.8,
            "stock": 0
        },
        "2008-03-18": {
            "cash": 1.6,
            "stock": 0
        },
        "2009-03-25": {
            "cash": 1,
            "stock": 0
        },
        "2010-06-17": {
            "cash": 1.6,
            "stock": 0
        },
        "2011-01-01": {
            "cash": 3,
            "stock": 0
        },
        "2011-03-31": {
            "cash": 4,
            "stock": 0
        },
        "2013-03-26": {
            "cash": 1.3,
            "stock": 0
        },
        "2014-08-29": {
            "cash": 1.2,
            "stock": 0
        },
        "2015-08-28": {
            "cash": 1.2,
            "stock": 0
        },
        "2016-08-29": {
            "cash": 1.4,
            "stock": 0
        },
        "2017-08-25": {
            "cash": 2,
            "stock": 0
        },
        "2018-08-24": {
            "cash": 2,
            "stock": 0
        },
        "2019-08-23": {
            "cash": 2,
            "stock": 0
        },
        "2020-08-21": {
            "cash": 2,
            "stock": 0
        },
        "2021-09-17": {
            "cash": 2.3,
            "stock": 0
        },
        "2022-08-19": {
            "cash": 2.1,
            "stock": 0
        },
        "2023-03-10": {
            "cash": 2.1,
            "stock": 0
        }
    },
    "prices": {
        "200101": "14.87",
        "200102": "18.01",
        "200103": "20.03",
        "200104": "24.30",
        "200105": "21.00",
        "200106": "18.63",
        "200107": "13.76",
        "200108": "13.79",
        "200109": "15.13",
        "200110": "14.37",
        "200111": "14.86",
        "200112": "15.83",
        "200201": "18.39",
        "200202": "18.60",
        "200203": "21.74",
        "200204": "22.71",
        "200205": "27.76",
        "200206": "30.56",
        "200207": "32.45",
        "200208": "31.18",
        "200209": "25.51",
        "200210": "25.14",
        "200211": "26.24",
        "200212": "26.66",
        "200301": "26.39",
        "200302": "27.98",
        "200303": "26.89",
        "200304": "26.88",
        "200305": "25.32",
        "200306": "26.78",
        "200307": "27.07",
        "200308": "26.60",
        "200309": "25.48",
        "200310": "25.55",
        "200311": "26.15",
        "200312": "25.54",
        "200401": "25.26",
        "200402": "25.64",
        "200403": "25.35",
        "200404": "24.07",
        "200405": "22.88",
        "200406": "22.87",
        "200407": "22.11",
        "200408": "20.26",
        "200409": "21.58",
        "200410": "23.05",
        "200411": "21.89",
        "200412": "23.36",
        "200501": "24.85",
        "200502": "25.07",
        "200503": "24.91",
        "200504": "25.62",
        "200505": "25.29",
        "200506": "25.30",
        "200507": "24.96",
        "200508": "24.94",
        "200509": "23.66",
        "200510": "23.69",
        "200511": "23.47",
        "200512": "23.66",
        "200601": "23.70",
        "200602": "23.65",
        "200603": "23.89",
        "200604": "24.78",
        "200605": "25.17",
        "200606": "24.96",
        "200607": "24.45",
        "200608": "23.49",
        "200609": "22.70",
        "200610": "22.64",
        "200611": "23.97",
        "200612": "25.08",
        "200701": "26.05",
        "200702": "26.07",
        "200703": "26.42",
        "200704": "28.12",
        "200705": "28.62",
        "200706": "29.12",
        "200707": "37.85",
        "200708": "32.00",
        "200709": "32.58",
        "200710": "31.65",
        "200711": "27.00",
        "200712": "25.68",
        "200801": "26.52",
        "200802": "27.80",
        "200803": "29.67",
        "200804": "29.59",
        "200805": "31.45",
        "200806": "28.09",
        "200807": "25.12",
        "200808": "23.11",
        "200809": "20.22",
        "200810": "17.92",
        "200811": "19.43",
        "200812": "20.46",
        "200901": "20.04",
        "200902": "19.91",
        "200903": "22.08",
        "200904": "25.69",
        "200905": "25.55",
        "200906": "25.94",
        "200907": "25.97",
        "200908": "25.91",
        "200909": "30.71",
        "200910": "34.17",
        "200911": "35.15",
        "200912": "37.30",
        "201001": "35.87",
        "201002": "34.32",
        "201003": "35.19",
        "201004": "36.51",
        "201005": "35.65",
        "201006": "35.71",
        "201007": "36.08",
        "201008": "35.08",
        "201009": "34.94",
        "201010": "34.71",
        "201011": "35.00",
        "201012": "37.63",
        "201101": "37.08",
        "201102": "36.22",
        "201103": "36.51",
        "201104": "39.20",
        "201105": "39.71",
        "201106": "40.44",
        "201107": "38.99",
        "201108": "33.60",
        "201109": "31.54",
        "201110": "31.30",
        "201111": "31.84",
        "201112": "31.32",
        "201201": "30.72",
        "201202": "32.87",
        "201203": "34.73",
        "201204": "35.24",
        "201205": "33.85",
        "201206": "31.85",
        "201207": "32.19",
        "201208": "30.14",
        "201209": "30.76",
        "201210": "30.23",
        "201211": "29.51",
        "201212": "29.75",
        "201301": "29.75",
        "201302": "29.73",
        "201303": "29.99",
        "201304": "28.96",
        "201305": "29.00",
        "201306": "28.04",
        "201307": "27.00",
        "201308": "26.35",
        "201309": "26.10",
        "201310": "27.98",
        "201311": "27.91",
        "201312": "27.95",
        "201401": "29.23",
        "201402": "29.06",
        "201403": "28.31",
        "201404": "27.46",
        "201405": "27.55",
        "201406": "29.96",
        "201407": "32.33",
        "201408": "33.83",
        "201409": "33.99",
        "201410": "34.55",
        "201411": "35.46",
        "201412": "35.97",
        "201501": "36.10",
        "201502": "36.76",
        "201503": "38.83",
        "201504": "37.78",
        "201505": "37.91",
        "201506": "37.53",
        "201507": "36.65",
        "201508": "35.31",
        "201509": "35.73",
        "201510": "36.06",
        "201511": "36.25",
        "201512": "36.01",
        "201601": "35.80",
        "201602": "35.91",
        "201603": "36.04",
        "201604": "36.48",
        "201605": "36.53",
        "201606": "36.63",
        "201607": "36.90",
        "201608": "36.33",
        "201609": "36.57",
        "201610": "36.62",
        "201611": "37.01",
        "201612": "38.94",
        "201701": "39.35",
        "201702": "39.50",
        "201703": "39.43",
        "201704": "39.89",
        "201705": "39.41",
        "201706": "39.27",
        "201707": "39.93",
        "201708": "39.13",
        "201709": "38.80",
        "201710": "38.96",
        "201711": "39.37",
        "201712": "39.51",
        "201801": "39.61",
        "201802": "39.57",
        "201803": "40.37",
        "201804": "40.87",
        "201805": "39.98",
        "201806": "40.12",
        "201807": "39.34",
        "201808": "39.04",
        "201809": "39.79",
        "201810": "40.07",
        "201811": "40.17",
        "201812": "40.56",
        "201901": "40.52",
        "201902": "40.65",
        "201903": "40.75",
        "201904": "42.57",
        "201905": "42.81",
        "201906": "42.91",
        "201907": "42.81",
        "201908": "40.75",
        "201909": "40.90",
        "201910": "42.11",
        "201911": "42.77",
        "201912": "43.42",
        "202001": "45.55",
        "202002": "43.81",
        "202003": "41.65",
        "202004": "43.01",
        "202005": "43.99",
        "202006": "44.68",
        "202007": "47.14",
        "202008": "45.49",
        "202009": "46.26",
        "202010": "46.39",
        "202011": "48.55",
        "202012": "50.53",
        "202101": "51.26",
        "202102": "51.86",
        "202103": "50.50",
        "202104": "49.58",
        "202105": "47.93",
        "202106": "47.66",
        "202107": "48.24",
        "202108": "48.86",
        "202109": "48.69",
        "202110": "48.11",
        "202111": "48.57",
        "202112": "48.93",
        "202201": "49.19",
        "202202": "49.18",
        "202203": "49.07",
        "202204": "48.78",
        "202205": "48.58",
        "202206": "49.05",
        "202207": "49.82",
        "202208": "49.03",
        "202209": "49.45",
        "202210": "49.65",
        "202211": "50.80",
        "202212": "51.65",
        "202301": "52.48",
        "202302": "56.31",
        "202303": "62.47",
        "202304": "59.81",
        "202305": "60.32"
    },
    "quarters": {
        "20011": {
            "year_quarter": 20011,
            "year": 2001,
            "quarter": 1,
            "eps": 0.24,
            "eps_growth_year": -57.89,
            "eps_4q": 0.39,
            "eps_4q_growth_year": -61.35,
            "roe": 1.81,
            "roe_4q": 1.81,
            "gross_profit": 214981,
            "gross_margin": 11.67,
            "gross_margin_4q_avg": 11.67,
            "net_income": 56677,
            "revenue": 1842260,
            "common_shares": 2407226,
            "book_valuer_per_share": 13.16,
            "book_valuer_per_share_4q_avg": 13.16,
            "equity": 3166725,
            "current_ratio": 19.99,
            "debt_ratio": 42.94,
            "inventory_turnover_ratio": 19.52,
            "account_receivable_turnover_ratio": null,
            "reinvestment_rate": null,
            "research_to_sale_ratio": null,
            "price_fair": 0,
            "eps_avg_yearly": 0,
            "eps_latest_yearly": 0,
            "eps_growth_yearly": 0
        },
        "20012": {
            "year_quarter": 20012,
            "year": 2001,
            "quarter": 2,
            "eps": 0.19,
            "eps_growth_year": 171.43,
            "eps_4q": 0.53,
            "eps_4q_growth_year": -41.7,
            "roe": 1.42,
            "roe_4q": 3.23,
            "gross_profit": 290608,
            "gross_margin": 13.99,
            "gross_margin_4q_avg": 12.83,
            "net_income": 44785,
            "revenue": 2076759,
            "common_shares": 2407226,
            "book_valuer_per_share": 12.96,
            "book_valuer_per_share_4q_avg": 13.06,
            "equity": 3119984,
            "current_ratio": 21.72,
            "debt_ratio": 44.48,
            "inventory_turnover_ratio": 19.14,
            "account_receivable_turnover_ratio": null,
            "reinvestment_rate": null,
            "research_to_sale_ratio": null,
            "price_fair": 0,
            "eps_avg_yearly": 0,
            "eps_latest_yearly": 0,
            "eps_growth_yearly": 0
        },
        "20013": {
            "year_quarter": 20013,
            "year": 2001,
            "quarter": 3,
            "eps": 0.35,
            "eps_growth_year": 1650,
            "eps_4q": 0.81,
            "eps_4q_growth_year": -10.84,
            "roe": 2.94,
            "roe_4q": 6.17,
            "gross_profit": 402238,
            "gross_margin": 15.07,
            "gross_margin_4q_avg": 13.58,
            "net_income": 92815,
            "revenue": 2668806,
            "common_shares": 2655222,
            "book_valuer_per_share": 12.05,
            "book_valuer_per_share_4q_avg": 12.72,
            "equity": 3199635,
            "current_ratio": 23.98,
            "debt_ratio": 44.61,
            "inventory_turnover_ratio": 23.7,
            "account_receivable_turnover_ratio": null,
            "reinvestment_rate": null,
            "research_to_sale_ratio": null,
            "price_fair": 0,
            "eps_avg_yearly": 0,
            "eps_latest_yearly": 0,
            "eps_growth_yearly": 0
        },
        "20014": {
            "year_quarter": 20014,
            "year": 2001,
            "quarter": 4,
            "eps": 0.21,
            "eps_growth_year": 110,
            "eps_4q": 0.94,
            "eps_4q_growth_year": 35.57,
            "roe": 1.72,
            "roe_4q": 7.890000000000001,
            "gross_profit": 465794,
            "gross_margin": 16.54,
            "gross_margin_4q_avg": 14.32,
            "net_income": 55670,
            "revenue": 2816303,
            "common_shares": 2655222,
            "book_valuer_per_share": 12.27,
            "book_valuer_per_share_4q_avg": 12.61,
            "equity": 3259061,
            "current_ratio": 18.3,
            "debt_ratio": 41.04,
            "inventory_turnover_ratio": 26.44,
            "account_receivable_turnover_ratio": null,
            "reinvestment_rate": null,
            "research_to_sale_ratio": null,
            "price_fair": 0,
            "eps_avg_yearly": 0,
            "eps_latest_yearly": 0,
            "eps_growth_yearly": 0
        },
        "20021": {
            "year_quarter": 20021,
            "year": 2002,
            "quarter": 1,
            "eps": 0.49,
            "eps_growth_year": 104.17,
            "eps_4q": 1.22,
            "eps_4q_growth_year": 211.64,
            "roe": 3.88,
            "roe_4q": 9.959999999999999,
            "gross_profit": 493462,
            "gross_margin": 19.23,
            "gross_margin_4q_avg": 16.21,
            "net_income": 129023,
            "revenue": 2566428,
            "common_shares": 2655222,
            "book_valuer_per_share": 12.77,
            "book_valuer_per_share_4q_avg": 12.51,
            "equity": 3390309,
            "current_ratio": 31.08,
            "debt_ratio": 42.24,
            "inventory_turnover_ratio": 23.36,
            "account_receivable_turnover_ratio": null,
            "reinvestment_rate": null,
            "research_to_sale_ratio": null,
            "price_fair": 68.6,
            "eps_avg_yearly": 1.96,
            "eps_latest_yearly": 1.96,
            "eps_growth_yearly": 533.33
        },
        "20022": {
            "year_quarter": 20022,
            "year": 2002,
            "quarter": 2,
            "eps": 0.46,
            "eps_growth_year": 142.11,
            "eps_4q": 1.5,
            "eps_4q_growth_year": 184.1,
            "roe": 3.65,
            "roe_4q": 12.19,
            "gross_profit": 553714,
            "gross_margin": 19.68,
            "gross_margin_4q_avg": 17.63,
            "net_income": 122264,
            "revenue": 2814107,
            "common_shares": 2655222,
            "book_valuer_per_share": 12.45,
            "book_valuer_per_share_4q_avg": 12.39,
            "equity": 3304467,
            "current_ratio": 40.59,
            "debt_ratio": 49.82,
            "inventory_turnover_ratio": 22.36,
            "account_receivable_turnover_ratio": null,
            "reinvestment_rate": null,
            "research_to_sale_ratio": null,
            "price_fair": 66.5,
            "eps_avg_yearly": 1.9,
            "eps_latest_yearly": 1.84,
            "eps_growth_yearly": 254.42
        },
        "20023": {
            "year_quarter": 20023,
            "year": 2002,
            "quarter": 3,
            "eps": 0.53,
            "eps_growth_year": 51.43,
            "eps_4q": 1.61,
            "eps_4q_growth_year": 98.76,
            "roe": 4.46,
            "roe_4q": 13.709999999999999,
            "gross_profit": 556983,
            "gross_margin": 17.03,
            "gross_margin_4q_avg": 18.12,
            "net_income": 150840,
            "revenue": 3270321,
            "common_shares": 2865141,
            "book_valuer_per_share": 12.06,
            "book_valuer_per_share_4q_avg": 12.39,
            "equity": 3455396,
            "current_ratio": 43.77,
            "debt_ratio": 49.01,
            "inventory_turnover_ratio": 22.06,
            "account_receivable_turnover_ratio": null,
            "reinvestment_rate": null,
            "research_to_sale_ratio": null,
            "price_fair": 69.07,
            "eps_avg_yearly": 1.97,
            "eps_latest_yearly": 2.12,
            "eps_growth_yearly": 189.9
        },
        "20024": {
            "year_quarter": 20024,
            "year": 2002,
            "quarter": 4,
            "eps": 0.41,
            "eps_growth_year": 95.24,
            "eps_4q": 1.83,
            "eps_4q_growth_year": 94.14,
            "roe": 3.3,
            "roe_4q": 15.29,
            "gross_profit": 704078,
            "gross_margin": 21.7,
            "gross_margin_4q_avg": 19.41,
            "net_income": 116071,
            "revenue": 3244218,
            "common_shares": 2865141,
            "book_valuer_per_share": 12.47,
            "book_valuer_per_share_4q_avg": 12.44,
            "equity": 3571971,
            "current_ratio": 47.48,
            "debt_ratio": 48.46,
            "inventory_turnover_ratio": 18.51,
            "account_receivable_turnover_ratio": null,
            "reinvestment_rate": 81.21,
            "research_to_sale_ratio": null,
            "price_fair": 66.15,
            "eps_avg_yearly": 1.89,
            "eps_latest_yearly": 1.64,
            "eps_growth_yearly": 119.79
        },
        "20031": {
            "year_quarter": 20031,
            "year": 2003,
            "quarter": 1,
            "eps": 0.57,
            "eps_growth_year": 16.33,
            "eps_4q": 1.94,
            "eps_4q_growth_year": 58.15,
            "roe": 4.44,
            "roe_4q": 15.85,
            "gross_profit": 577586,
            "gross_margin": 18.08,
            "gross_margin_4q_avg": 19.12,
            "net_income": 162427,
            "revenue": 3193799,
            "common_shares": 2865141,
            "book_valuer_per_share": 13.04,
            "book_valuer_per_share_4q_avg": 12.51,
            "equity": 3737427,
            "current_ratio": 46.09,
            "debt_ratio": 47.61,
            "inventory_turnover_ratio": 16.55,
            "account_receivable_turnover_ratio": null,
            "reinvestment_rate": 73.89,
            "research_to_sale_ratio": null,
            "price_fair": 68.88,
            "eps_avg_yearly": 1.97,
            "eps_latest_yearly": 2.28,
            "eps_growth_yearly": 127.05
        },
        "20032": {
            "year_quarter": 20032,
            "year": 2003,
            "quarter": 2,
            "eps": 0.22,
            "eps_growth_year": -52.17,
            "eps_4q": 1.72,
            "eps_4q_growth_year": 14.24,
            "roe": 1.79,
            "roe_4q": 13.990000000000002,
            "gross_profit": 529765,
            "gross_margin": 16.67,
            "gross_margin_4q_avg": 18.37,
            "net_income": 63044,
            "revenue": 3177787,
            "common_shares": 2865141,
            "book_valuer_per_share": 11.49,
            "book_valuer_per_share_4q_avg": 12.27,
            "equity": 3292622,
            "current_ratio": 38.13,
            "debt_ratio": 53.45,
            "inventory_turnover_ratio": 15.54,
            "account_receivable_turnover_ratio": null,
            "reinvestment_rate": 69.56,
            "research_to_sale_ratio": null,
            "price_fair": 62.53,
            "eps_avg_yearly": 1.79,
            "eps_latest_yearly": 0.88,
            "eps_growth_yearly": 64.94
        },
        "20033": {
            "year_quarter": 20033,
            "year": 2003,
            "quarter": 3,
            "eps": 0.51,
            "eps_growth_year": -3.77,
            "eps_4q": 1.7,
            "eps_4q_growth_year": 5.51,
            "roe": 4.36,
            "roe_4q": 13.89,
            "gross_profit": 598023,
            "gross_margin": 16.44,
            "gross_margin_4q_avg": 18.22,
            "net_income": 146732,
            "revenue": 3636508,
            "common_shares": 2865141,
            "book_valuer_per_share": 12.01,
            "book_valuer_per_share_4q_avg": 12.25,
            "equity": 3441179,
            "current_ratio": 38.55,
            "debt_ratio": 52.12,
            "inventory_turnover_ratio": 20.51,
            "account_receivable_turnover_ratio": null,
            "reinvestment_rate": 70.58,
            "research_to_sale_ratio": null,
            "price_fair": 63.8,
            "eps_avg_yearly": 1.82,
            "eps_latest_yearly": 2.04,
            "eps_growth_yearly": 130.99
        },
        "20034": {
            "year_quarter": 20034,
            "year": 2003,
            "quarter": 4,
            "eps": 0.42,
            "eps_growth_year": 2.44,
            "eps_4q": 1.72,
            "eps_4q_growth_year": -6.29,
            "roe": 3.45,
            "roe_4q": 14.040000000000003,
            "gross_profit": 574213,
            "gross_margin": 17.12,
            "gross_margin_4q_avg": 17.08,
            "net_income": 120679,
            "revenue": 3353112,
            "common_shares": 2865141,
            "book_valuer_per_share": 12.43,
            "book_valuer_per_share_4q_avg": 12.24,
            "equity": 3561858,
            "current_ratio": 30.92,
            "debt_ratio": 48.99,
            "inventory_turnover_ratio": 19.21,
            "account_receivable_turnover_ratio": null,
            "reinvestment_rate": 68.41,
            "research_to_sale_ratio": null,
            "price_fair": 63.18,
            "eps_avg_yearly": 1.81,
            "eps_latest_yearly": 1.68,
            "eps_growth_yearly": 105.79
        },
        "20041": {
            "year_quarter": 20041,
            "year": 2004,
            "quarter": 1,
            "eps": 0.48,
            "eps_growth_year": -15.79,
            "eps_4q": 1.63,
            "eps_4q_growth_year": -15.54,
            "roe": 3.78,
            "roe_4q": 13.379999999999999,
            "gross_profit": 611072,
            "gross_margin": 17.61,
            "gross_margin_4q_avg": 16.96,
            "net_income": 137337,
            "revenue": 3469258,
            "common_shares": 2865141,
            "book_valuer_per_share": 12.91,
            "book_valuer_per_share_4q_avg": 12.21,
            "equity": 3699195,
            "current_ratio": 38.81,
            "debt_ratio": 49.59,
            "inventory_turnover_ratio": 16.42,
            "account_receivable_turnover_ratio": null,
            "reinvestment_rate": 58.8,
            "research_to_sale_ratio": null,
            "price_fair": 63.62,
            "eps_avg_yearly": 1.82,
            "eps_latest_yearly": 1.92,
            "eps_growth_yearly": 100.38
        },
        "20042": {
            "year_quarter": 20042,
            "year": 2004,
            "quarter": 2,
            "eps": 0.42,
            "eps_growth_year": 90.91,
            "eps_4q": 1.84,
            "eps_4q_growth_year": 7.3,
            "roe": 3.29,
            "roe_4q": 14.879999999999999,
            "gross_profit": 656786,
            "gross_margin": 16.75,
            "gross_margin_4q_avg": 16.98,
            "net_income": 119406,
            "revenue": 3921610,
            "common_shares": 2865141,
            "book_valuer_per_share": 12.46,
            "book_valuer_per_share_4q_avg": 12.45,
            "equity": 3569300,
            "current_ratio": 46.97,
            "debt_ratio": 54.86,
            "inventory_turnover_ratio": 16.19,
            "account_receivable_turnover_ratio": null,
            "reinvestment_rate": 69.1,
            "research_to_sale_ratio": null,
            "price_fair": 63.14,
            "eps_avg_yearly": 1.8,
            "eps_latest_yearly": 1.68,
            "eps_growth_yearly": 85.35
        },
        "20043": {
            "year_quarter": 20043,
            "year": 2004,
            "quarter": 3,
            "eps": 0.57,
            "eps_growth_year": 11.76,
            "eps_4q": 1.8,
            "eps_4q_growth_year": 5.91,
            "roe": 4.79,
            "roe_4q": 15.309999999999999,
            "gross_profit": 666486,
            "gross_margin": 16,
            "gross_margin_4q_avg": 16.87,
            "net_income": 175269,
            "revenue": 4166667,
            "common_shares": 3090430,
            "book_valuer_per_share": 12.12,
            "book_valuer_per_share_4q_avg": 12.48,
            "equity": 3744568,
            "current_ratio": 48.94,
            "debt_ratio": 53.51,
            "inventory_turnover_ratio": 15.83,
            "account_receivable_turnover_ratio": null,
            "reinvestment_rate": 55.42,
            "research_to_sale_ratio": null,
            "price_fair": 64.65,
            "eps_avg_yearly": 1.85,
            "eps_latest_yearly": 2.28,
            "eps_growth_yearly": 90.57
        },
        "20044": {
            "year_quarter": 20044,
            "year": 2004,
            "quarter": 4,
            "eps": 0.24,
            "eps_growth_year": -42.86,
            "eps_4q": 1.65,
            "eps_4q_growth_year": -3.88,
            "roe": 1.95,
            "roe_4q": 13.81,
            "gross_profit": 647424,
            "gross_margin": 15.61,
            "gross_margin_4q_avg": 16.49,
            "net_income": 73599,
            "revenue": 4148280,
            "common_shares": 3090430,
            "book_valuer_per_share": 12.35,
            "book_valuer_per_share_4q_avg": 12.46,
            "equity": 3818167,
            "current_ratio": 41.86,
            "debt_ratio": 54.44,
            "inventory_turnover_ratio": 17.48,
            "account_receivable_turnover_ratio": null,
            "reinvestment_rate": 92.64,
            "research_to_sale_ratio": null,
            "price_fair": 62.07,
            "eps_avg_yearly": 1.77,
            "eps_latest_yearly": 0.96,
            "eps_growth_yearly": 63.73
        },
        "20051": {
            "year_quarter": 20051,
            "year": 2005,
            "quarter": 1,
            "eps": 0.45,
            "eps_growth_year": -6.25,
            "eps_4q": 1.65,
            "eps_4q_growth_year": 0.86,
            "roe": 3.56,
            "roe_4q": 13.59,
            "gross_profit": 623073,
            "gross_margin": 15.59,
            "gross_margin_4q_avg": 15.99,
            "net_income": 138220,
            "revenue": 3997244,
            "common_shares": 3090430,
            "book_valuer_per_share": 12.8,
            "book_valuer_per_share_4q_avg": 12.43,
            "equity": 3956388,
            "current_ratio": 39.01,
            "debt_ratio": 52.77,
            "inventory_turnover_ratio": 17.46,
            "account_receivable_turnover_ratio": null,
            "reinvestment_rate": 93.65,
            "research_to_sale_ratio": null,
            "price_fair": 62.14,
            "eps_avg_yearly": 1.78,
            "eps_latest_yearly": 1.8,
            "eps_growth_yearly": 85.75
        },
        "20052": {
            "year_quarter": 20052,
            "year": 2005,
            "quarter": 2,
            "eps": 0.43,
            "eps_growth_year": 2.38,
            "eps_4q": 1.69,
            "eps_4q_growth_year": -8.37,
            "roe": 3.48,
            "roe_4q": 13.780000000000001,
            "gross_profit": 648623,
            "gross_margin": 14.89,
            "gross_margin_4q_avg": 15.52,
            "net_income": 132171,
            "revenue": 4356745,
            "common_shares": 3090430,
            "book_valuer_per_share": 11.78,
            "book_valuer_per_share_4q_avg": 12.26,
            "equity": 3641298,
            "current_ratio": 43,
            "debt_ratio": 59.01,
            "inventory_turnover_ratio": 15.47,
            "account_receivable_turnover_ratio": null,
            "reinvestment_rate": 91.78,
            "research_to_sale_ratio": null,
            "price_fair": 62,
            "eps_avg_yearly": 1.77,
            "eps_latest_yearly": 1.72,
            "eps_growth_yearly": 78.35
        },
        "20053": {
            "year_quarter": 20053,
            "year": 2005,
            "quarter": 3,
            "eps": 0.36,
            "eps_growth_year": -36.84,
            "eps_4q": 1.48,
            "eps_4q_growth_year": -17.67,
            "roe": 3,
            "roe_4q": 11.99,
            "gross_profit": 602470,
            "gross_margin": 13.76,
            "gross_margin_4q_avg": 14.96,
            "net_income": 110578,
            "revenue": 4377044,
            "common_shares": 3090430,
            "book_valuer_per_share": 12.09,
            "book_valuer_per_share_4q_avg": 12.26,
            "equity": 3737505,
            "current_ratio": 33.58,
            "debt_ratio": 55.91,
            "inventory_turnover_ratio": 14.43,
            "account_receivable_turnover_ratio": null,
            "reinvestment_rate": 99.48,
            "research_to_sale_ratio": null,
            "price_fair": 61.23,
            "eps_avg_yearly": 1.75,
            "eps_latest_yearly": 1.44,
            "eps_growth_yearly": 68.79
        },
        "20054": {
            "year_quarter": 20054,
            "year": 2005,
            "quarter": 4,
            "eps": 0.23,
            "eps_growth_year": -4.17,
            "eps_4q": 1.47,
            "eps_4q_growth_year": -10.8,
            "roe": 1.87,
            "roe_4q": 11.91,
            "gross_profit": 564187,
            "gross_margin": 11.44,
            "gross_margin_4q_avg": 13.92,
            "net_income": 70626,
            "revenue": 4931958,
            "common_shares": 3090430,
            "book_valuer_per_share": 12.32,
            "book_valuer_per_share_4q_avg": 12.25,
            "equity": 3817386,
            "current_ratio": 43.91,
            "debt_ratio": 59.11,
            "inventory_turnover_ratio": 15.32,
            "account_receivable_turnover_ratio": null,
            "reinvestment_rate": 103.52,
            "research_to_sale_ratio": null,
            "price_fair": 59.41,
            "eps_avg_yearly": 1.7,
            "eps_latest_yearly": 0.92,
            "eps_growth_yearly": 55.46
        },
        "20061": {
            "year_quarter": 20061,
            "year": 2006,
            "quarter": 1,
            "eps": 0.46,
            "eps_growth_year": 2.22,
            "eps_4q": 1.48,
            "eps_4q_growth_year": -10.04,
            "roe": 3.57,
            "roe_4q": 11.92,
            "gross_profit": 625845,
            "gross_margin": 13.33,
            "gross_margin_4q_avg": 13.36,
            "net_income": 140855,
            "revenue": 4694354,
            "common_shares": 3090430,
            "book_valuer_per_share": 13.19,
            "book_valuer_per_share_4q_avg": 12.35,
            "equity": 4075681,
            "current_ratio": 44.85,
            "debt_ratio": 56.01,
            "inventory_turnover_ratio": 14.04,
            "account_receivable_turnover_ratio": null,
            "reinvestment_rate": 103.73,
            "research_to_sale_ratio": null,
            "price_fair": 59.15,
            "eps_avg_yearly": 1.69,
            "eps_latest_yearly": 1.84,
            "eps_growth_yearly": 47.13
        },
        "20062": {
            "year_quarter": 20062,
            "year": 2006,
            "quarter": 2,
            "eps": 0.46,
            "eps_growth_year": 6.98,
            "eps_4q": 1.5,
            "eps_4q_growth_year": -11.27,
            "roe": 3.62,
            "roe_4q": 12.059999999999999,
            "gross_profit": 735088,
            "gross_margin": 13.65,
            "gross_margin_4q_avg": 13.05,
            "net_income": 142587,
            "revenue": 5386929,
            "common_shares": 3090430,
            "book_valuer_per_share": 12.28,
            "book_valuer_per_share_4q_avg": 12.47,
            "equity": 3795716,
            "current_ratio": 51.76,
            "debt_ratio": 62.12,
            "inventory_turnover_ratio": 16.17,
            "account_receivable_turnover_ratio": null,
            "reinvestment_rate": 88.95,
            "research_to_sale_ratio": null,
            "price_fair": 59.15,
            "eps_avg_yearly": 1.69,
            "eps_latest_yearly": 1.84,
            "eps_growth_yearly": 48.66
        },
        "20063": {
            "year_quarter": 20063,
            "year": 2006,
            "quarter": 3,
            "eps": 0.67,
            "eps_growth_year": 86.11,
            "eps_4q": 1.82,
            "eps_4q_growth_year": 23.14,
            "roe": 5.28,
            "roe_4q": 14.34,
            "gross_profit": 581899,
            "gross_margin": 10.07,
            "gross_margin_4q_avg": 12.12,
            "net_income": 205874,
            "revenue": 5780665,
            "common_shares": 3090430,
            "book_valuer_per_share": 12.97,
            "book_valuer_per_share_4q_avg": 12.69,
            "equity": 4009730,
            "current_ratio": 52.58,
            "debt_ratio": 59.69,
            "inventory_turnover_ratio": 17.24,
            "account_receivable_turnover_ratio": null,
            "reinvestment_rate": 83.4,
            "research_to_sale_ratio": null,
            "price_fair": 60.38,
            "eps_avg_yearly": 1.73,
            "eps_latest_yearly": 2.68,
            "eps_growth_yearly": 56.27
        },
        "20064": {
            "year_quarter": 20064,
            "year": 2006,
            "quarter": 4,
            "eps": 0.65,
            "eps_growth_year": 182.61,
            "eps_4q": 2.24,
            "eps_4q_growth_year": 52.47,
            "roe": 4.87,
            "roe_4q": 17.34,
            "gross_profit": 616888,
            "gross_margin": 11.56,
            "gross_margin_4q_avg": 12.15,
            "net_income": 199741,
            "revenue": 5336371,
            "common_shares": 3090430,
            "book_valuer_per_share": 13.54,
            "book_valuer_per_share_4q_avg": 13,
            "equity": 4185252,
            "current_ratio": 51.12,
            "debt_ratio": 55.01,
            "inventory_turnover_ratio": 15.62,
            "account_receivable_turnover_ratio": null,
            "reinvestment_rate": 58.77,
            "research_to_sale_ratio": null,
            "price_fair": 62.48,
            "eps_avg_yearly": 1.79,
            "eps_latest_yearly": 2.6,
            "eps_growth_yearly": 61.18
        },
        "20071": {
            "year_quarter": 20071,
            "year": 2007,
            "quarter": 1,
            "eps": 0.72,
            "eps_growth_year": 56.52,
            "eps_4q": 2.49,
            "eps_4q_growth_year": 67.86,
            "roe": 5.22,
            "roe_4q": 18.990000000000002,
            "gross_profit": 527199,
            "gross_margin": 10.85,
            "gross_margin_4q_avg": 11.53,
            "net_income": 223000,
            "revenue": 4858884,
            "common_shares": 3090430,
            "book_valuer_per_share": 14.09,
            "book_valuer_per_share_4q_avg": 13.22,
            "equity": 4355293,
            "current_ratio": 63.25,
            "debt_ratio": 59.12,
            "inventory_turnover_ratio": 13.69,
            "account_receivable_turnover_ratio": null,
            "reinvestment_rate": 52.26,
            "research_to_sale_ratio": null,
            "price_fair": 63.79,
            "eps_avg_yearly": 1.82,
            "eps_latest_yearly": 2.88,
            "eps_growth_yearly": 54.12
        },
        "20072": {
            "year_quarter": 20072,
            "year": 2007,
            "quarter": 2,
            "eps": 0.42,
            "eps_growth_year": -8.7,
            "eps_4q": 2.46,
            "eps_4q_growth_year": 63.84,
            "roe": 3.15,
            "roe_4q": 18.52,
            "gross_profit": 532421,
            "gross_margin": 10,
            "gross_margin_4q_avg": 10.62,
            "net_income": 129674,
            "revenue": 5323740,
            "common_shares": 3090430,
            "book_valuer_per_share": 12.51,
            "book_valuer_per_share_4q_avg": 13.28,
            "equity": 3865339,
            "current_ratio": 54.41,
            "debt_ratio": 61.14,
            "inventory_turnover_ratio": 15.24,
            "account_receivable_turnover_ratio": null,
            "reinvestment_rate": 46.95,
            "research_to_sale_ratio": null,
            "price_fair": 65.54,
            "eps_avg_yearly": 1.87,
            "eps_latest_yearly": 1.68,
            "eps_growth_yearly": 59.05
        },
        "20073": {
            "year_quarter": 20073,
            "year": 2007,
            "quarter": 3,
            "eps": 0.52,
            "eps_growth_year": -22.39,
            "eps_4q": 2.31,
            "eps_4q_growth_year": 26.78,
            "roe": 4.07,
            "roe_4q": 17.310000000000002,
            "gross_profit": 567425,
            "gross_margin": 10.3,
            "gross_margin_4q_avg": 10.68,
            "net_income": 160449,
            "revenue": 5510792,
            "common_shares": 3090430,
            "book_valuer_per_share": 13.03,
            "book_valuer_per_share_4q_avg": 13.29,
            "equity": 4025798,
            "current_ratio": 39.35,
            "debt_ratio": 59.08,
            "inventory_turnover_ratio": 14.91,
            "account_receivable_turnover_ratio": null,
            "reinvestment_rate": 37.86,
            "research_to_sale_ratio": null,
            "price_fair": 65.63,
            "eps_avg_yearly": 1.88,
            "eps_latest_yearly": 2.08,
            "eps_growth_yearly": 32.05
        },
        "20074": {
            "year_quarter": 20074,
            "year": 2007,
            "quarter": 4,
            "eps": 0.42,
            "eps_growth_year": -35.38,
            "eps_4q": 2.08,
            "eps_4q_growth_year": -7.09,
            "roe": 3.17,
            "roe_4q": 15.61,
            "gross_profit": 587906,
            "gross_margin": 10.76,
            "gross_margin_4q_avg": 10.48,
            "net_income": 129572,
            "revenue": 5462701,
            "common_shares": 3090430,
            "book_valuer_per_share": 13.45,
            "book_valuer_per_share_4q_avg": 13.27,
            "equity": 4155370,
            "current_ratio": 39.94,
            "debt_ratio": 57.36,
            "inventory_turnover_ratio": 13.62,
            "account_receivable_turnover_ratio": null,
            "reinvestment_rate": 32.08,
            "research_to_sale_ratio": null,
            "price_fair": 65.63,
            "eps_avg_yearly": 1.88,
            "eps_latest_yearly": 1.68,
            "eps_growth_yearly": 31.65
        },
        "20081": {
            "year_quarter": 20081,
            "year": 2008,
            "quarter": 1,
            "eps": 0.32,
            "eps_growth_year": -55.56,
            "eps_4q": 1.69,
            "eps_4q_growth_year": -32.06,
            "roe": 2.33,
            "roe_4q": 12.72,
            "gross_profit": 554122,
            "gross_margin": 10.2,
            "gross_margin_4q_avg": 10.32,
            "net_income": 97917,
            "revenue": 5430110,
            "common_shares": 3090430,
            "book_valuer_per_share": 13.76,
            "book_valuer_per_share_4q_avg": 13.19,
            "equity": 4253287,
            "current_ratio": 42.21,
            "debt_ratio": 56.99,
            "inventory_turnover_ratio": 12.47,
            "account_receivable_turnover_ratio": null,
            "reinvestment_rate": 29.44,
            "research_to_sale_ratio": null,
            "price_fair": 58.96,
            "eps_avg_yearly": 1.84,
            "eps_latest_yearly": 1.28,
            "eps_growth_yearly": 22.13
        },
        "20082": {
            "year_quarter": 20082,
            "year": 2008,
            "quarter": 2,
            "eps": 0.19,
            "eps_growth_year": -54.76,
            "eps_4q": 1.45,
            "eps_4q_growth_year": -40.94,
            "roe": 1.46,
            "roe_4q": 11.030000000000001,
            "gross_profit": 380317,
            "gross_margin": 13.04,
            "gross_margin_4q_avg": 11.08,
            "net_income": 58470,
            "revenue": 2916099,
            "common_shares": 3090430,
            "book_valuer_per_share": 12.16,
            "book_valuer_per_share_4q_avg": 13.1,
            "equity": 3759446,
            "current_ratio": 37.15,
            "debt_ratio": 58.43,
            "inventory_turnover_ratio": 5.95,
            "account_receivable_turnover_ratio": null,
            "reinvestment_rate": 28.94,
            "research_to_sale_ratio": null,
            "price_fair": 44.61,
            "eps_avg_yearly": 1.78,
            "eps_latest_yearly": 0.76,
            "eps_growth_yearly": 15.1
        },
        "20083": {
            "year_quarter": 20083,
            "year": 2008,
            "quarter": 3,
            "eps": 0.39,
            "eps_growth_year": -25,
            "eps_4q": 1.3,
            "eps_4q_growth_year": -43.56,
            "roe": 3.2,
            "roe_4q": 10.16,
            "gross_profit": 460291,
            "gross_margin": 8.32,
            "gross_margin_4q_avg": 10.58,
            "net_income": 122013,
            "revenue": 5534533,
            "common_shares": 3090430,
            "book_valuer_per_share": 12.51,
            "book_valuer_per_share_4q_avg": 12.97,
            "equity": 3866448,
            "current_ratio": 43.01,
            "debt_ratio": 59.16,
            "inventory_turnover_ratio": 13.68,
            "account_receivable_turnover_ratio": null,
            "reinvestment_rate": 26.5,
            "research_to_sale_ratio": null,
            "price_fair": 60.64,
            "eps_avg_yearly": 1.73,
            "eps_latest_yearly": 1.56,
            "eps_growth_yearly": 32.49
        },
        "20084": {
            "year_quarter": 20084,
            "year": 2008,
            "quarter": 4,
            "eps": 0.35,
            "eps_growth_year": -16.67,
            "eps_4q": 1.26,
            "eps_4q_growth_year": -39.69,
            "roe": 2.76,
            "roe_4q": 9.75,
            "gross_profit": 485299,
            "gross_margin": 12.02,
            "gross_margin_4q_avg": 10.9,
            "net_income": 107508,
            "revenue": 4037135,
            "common_shares": 3090430,
            "book_valuer_per_share": 12.72,
            "book_valuer_per_share_4q_avg": 12.79,
            "equity": 3929545,
            "current_ratio": 27.8,
            "debt_ratio": 51.79,
            "inventory_turnover_ratio": 15.63,
            "account_receivable_turnover_ratio": 201.21,
            "reinvestment_rate": -1.63,
            "research_to_sale_ratio": null,
            "price_fair": 61.6,
            "eps_avg_yearly": 1.76,
            "eps_latest_yearly": 1.4,
            "eps_growth_yearly": 44.4
        },
        "20091": {
            "year_quarter": 20091,
            "year": 2009,
            "quarter": 1,
            "eps": 0.37,
            "eps_growth_year": 15.62,
            "eps_4q": 1.3,
            "eps_4q_growth_year": -23.34,
            "roe": 2.88,
            "roe_4q": 10.3,
            "gross_profit": 541570,
            "gross_margin": 13.01,
            "gross_margin_4q_avg": 11.6,
            "net_income": 114975,
            "revenue": 4162245,
            "common_shares": 3090430,
            "book_valuer_per_share": 13.09,
            "book_valuer_per_share_4q_avg": 12.62,
            "equity": 4044535,
            "current_ratio": 41.76,
            "debt_ratio": 50.75,
            "inventory_turnover_ratio": 20.43,
            "account_receivable_turnover_ratio": 55.05,
            "reinvestment_rate": -3.05,
            "research_to_sale_ratio": null,
            "price_fair": 59.07,
            "eps_avg_yearly": 1.74,
            "eps_latest_yearly": 1.48,
            "eps_growth_yearly": 23.95
        },
        "20092": {
            "year_quarter": 20092,
            "year": 2009,
            "quarter": 2,
            "eps": 0.36,
            "eps_growth_year": 89.47,
            "eps_4q": 1.46,
            "eps_4q_growth_year": 0.92,
            "roe": 2.84,
            "roe_4q": 11.68,
            "gross_profit": 563721,
            "gross_margin": 11.35,
            "gross_margin_4q_avg": 11.18,
            "net_income": 112335,
            "revenue": 4968713,
            "common_shares": 3090430,
            "book_valuer_per_share": 12.54,
            "book_valuer_per_share_4q_avg": 12.72,
            "equity": 3876029,
            "current_ratio": 36.8,
            "debt_ratio": 51.57,
            "inventory_turnover_ratio": 18.89,
            "account_receivable_turnover_ratio": 42.59,
            "reinvestment_rate": -6.74,
            "research_to_sale_ratio": null,
            "price_fair": 59.23,
            "eps_avg_yearly": 1.72,
            "eps_latest_yearly": 1.44,
            "eps_growth_yearly": 24.39
        },
        "20093": {
            "year_quarter": 20093,
            "year": 2009,
            "quarter": 3,
            "eps": 0.37,
            "eps_growth_year": -5.13,
            "eps_4q": 1.46,
            "eps_4q_growth_year": 11.93,
            "roe": 2.88,
            "roe_4q": 11.36,
            "gross_profit": 508974,
            "gross_margin": 8.32,
            "gross_margin_4q_avg": 11.18,
            "net_income": 113698,
            "revenue": 6115056,
            "common_shares": 3090430,
            "book_valuer_per_share": 13.01,
            "book_valuer_per_share_4q_avg": 12.84,
            "equity": 4020950,
            "current_ratio": 40.99,
            "debt_ratio": 50.79,
            "inventory_turnover_ratio": 23.75,
            "account_receivable_turnover_ratio": 55.96,
            "reinvestment_rate": -17.83,
            "research_to_sale_ratio": null,
            "price_fair": 60.38,
            "eps_avg_yearly": 1.73,
            "eps_latest_yearly": 1.48,
            "eps_growth_yearly": 29.15
        },
        "20094": {
            "year_quarter": 20094,
            "year": 2009,
            "quarter": 4,
            "eps": 0.34,
            "eps_growth_year": -2.86,
            "eps_4q": 1.44,
            "eps_4q_growth_year": 14.88,
            "roe": 2.58,
            "roe_4q": 11.18,
            "gross_profit": 586334,
            "gross_margin": 8.96,
            "gross_margin_4q_avg": 10.41,
            "net_income": 105020,
            "revenue": 6545535,
            "common_shares": 3090430,
            "book_valuer_per_share": 13.35,
            "book_valuer_per_share_4q_avg": 13,
            "equity": 4126020,
            "current_ratio": 56.09,
            "debt_ratio": 56.38,
            "inventory_turnover_ratio": 23,
            "account_receivable_turnover_ratio": 107.43,
            "reinvestment_rate": -17.13,
            "research_to_sale_ratio": null,
            "price_fair": 61.34,
            "eps_avg_yearly": 1.75,
            "eps_latest_yearly": 1.36,
            "eps_growth_yearly": 36.15
        },
        "20101": {
            "year_quarter": 20101,
            "year": 2010,
            "quarter": 1,
            "eps": 0.39,
            "eps_growth_year": 5.41,
            "eps_4q": 1.46,
            "eps_4q_growth_year": 12.63,
            "roe": 2.87,
            "roe_4q": 11.17,
            "gross_profit": 557116,
            "gross_margin": 8.87,
            "gross_margin_4q_avg": 9.38,
            "net_income": 120337,
            "revenue": 6281260,
            "common_shares": 3090430,
            "book_valuer_per_share": 13.74,
            "book_valuer_per_share_4q_avg": 13.16,
            "equity": 4246382,
            "current_ratio": 67.54,
            "debt_ratio": 63.01,
            "inventory_turnover_ratio": 19.87,
            "account_receivable_turnover_ratio": 58.35,
            "reinvestment_rate": -11.29,
            "research_to_sale_ratio": null,
            "price_fair": 43.07,
            "eps_avg_yearly": 1.74,
            "eps_latest_yearly": 1.56,
            "eps_growth_yearly": 14.83
        },
        "20102": {
            "year_quarter": 20102,
            "year": 2010,
            "quarter": 2,
            "eps": 0.34,
            "eps_growth_year": -4.43,
            "eps_4q": 1.44,
            "eps_4q_growth_year": -1.56,
            "roe": 2.62,
            "roe_4q": 10.95,
            "gross_profit": 525052,
            "gross_margin": 7.7,
            "gross_margin_4q_avg": 8.46,
            "net_income": 106331,
            "revenue": 6820994,
            "common_shares": 3090430,
            "book_valuer_per_share": 12.48,
            "book_valuer_per_share_4q_avg": 13.15,
            "equity": 3858257,
            "current_ratio": 43.93,
            "debt_ratio": 61.17,
            "inventory_turnover_ratio": 21.45,
            "account_receivable_turnover_ratio": 72.6,
            "reinvestment_rate": -1.97,
            "research_to_sale_ratio": null,
            "price_fair": 36.87,
            "eps_avg_yearly": 1.71,
            "eps_latest_yearly": 1.36,
            "eps_growth_yearly": 11.62
        },
        "20103": {
            "year_quarter": 20103,
            "year": 2010,
            "quarter": 3,
            "eps": 0.41,
            "eps_growth_year": 11.31,
            "eps_4q": 1.49,
            "eps_4q_growth_year": 1.75,
            "roe": 3.25,
            "roe_4q": 11.32,
            "gross_profit": 550478,
            "gross_margin": 7.6,
            "gross_margin_4q_avg": 8.28,
            "net_income": 127278,
            "revenue": 7242370,
            "common_shares": 3090430,
            "book_valuer_per_share": 12.9,
            "book_valuer_per_share_4q_avg": 13.12,
            "equity": 3985580,
            "current_ratio": 33.04,
            "debt_ratio": 58.9,
            "inventory_turnover_ratio": 22.4,
            "account_receivable_turnover_ratio": 72.88,
            "reinvestment_rate": -2.47,
            "research_to_sale_ratio": null,
            "price_fair": 25.18,
            "eps_avg_yearly": 1.64,
            "eps_latest_yearly": 1.64,
            "eps_growth_yearly": 5.36
        },
        "20104": {
            "year_quarter": 20104,
            "year": 2010,
            "quarter": 4,
            "eps": 5.54,
            "eps_growth_year": 1530.87,
            "eps_4q": 6.69,
            "eps_4q_growth_year": 363.55,
            "roe": 35.39,
            "roe_4q": 44.129999999999995,
            "gross_profit": 617617,
            "gross_margin": 8.31,
            "gross_margin_4q_avg": 8.12,
            "net_income": 1713629,
            "revenue": 7429226,
            "common_shares": 3090430,
            "book_valuer_per_share": 18.44,
            "book_valuer_per_share_4q_avg": 14.39,
            "equity": 5699197,
            "current_ratio": 77.77,
            "debt_ratio": 48.83,
            "inventory_turnover_ratio": 21.17,
            "account_receivable_turnover_ratio": 68.11,
            "reinvestment_rate": -24.55,
            "research_to_sale_ratio": null,
            "price_fair": 100.19,
            "eps_avg_yearly": 2.86,
            "eps_latest_yearly": 22.16,
            "eps_growth_yearly": 318.91
        },
        "20111": {
            "year_quarter": 20111,
            "year": 2011,
            "quarter": 1,
            "eps": 0.46,
            "eps_growth_year": 17.95,
            "eps_4q": 6.76,
            "eps_4q_growth_year": 362.91,
            "roe": 2.46,
            "roe_4q": 43.72,
            "gross_profit": 626171,
            "gross_margin": 8.27,
            "gross_margin_4q_avg": 7.97,
            "net_income": 142279,
            "revenue": 7575634,
            "common_shares": 3090430,
            "book_valuer_per_share": 18.92,
            "book_valuer_per_share_4q_avg": 15.69,
            "equity": 5847768,
            "current_ratio": 86.21,
            "debt_ratio": 57.61,
            "inventory_turnover_ratio": 19.19,
            "account_receivable_turnover_ratio": 67.34,
            "reinvestment_rate": -25.96,
            "research_to_sale_ratio": null,
            "price_fair": 97.91,
            "eps_avg_yearly": 2.8,
            "eps_latest_yearly": 1.84,
            "eps_growth_yearly": 293.29
        },
        "20112": {
            "year_quarter": 20112,
            "year": 2011,
            "quarter": 2,
            "eps": 0.18,
            "eps_growth_year": -46.74,
            "eps_4q": 6.6,
            "eps_4q_growth_year": 357.99,
            "roe": 1.08,
            "roe_4q": 42.18,
            "gross_profit": 597610,
            "gross_margin": 7.49,
            "gross_margin_4q_avg": 7.92,
            "net_income": 56632,
            "revenue": 7974998,
            "common_shares": 3090430,
            "book_valuer_per_share": 15.1,
            "book_valuer_per_share_4q_avg": 16.34,
            "equity": 4666568,
            "current_ratio": 67.14,
            "debt_ratio": 60.15,
            "inventory_turnover_ratio": 22.23,
            "account_receivable_turnover_ratio": 71.37,
            "reinvestment_rate": -24.09,
            "research_to_sale_ratio": null,
            "price_fair": 95.81,
            "eps_avg_yearly": 2.74,
            "eps_latest_yearly": 0.72,
            "eps_growth_yearly": 288.49
        },
        "20113": {
            "year_quarter": 20113,
            "year": 2011,
            "quarter": 3,
            "eps": 0.6,
            "eps_growth_year": 46.01,
            "eps_4q": 6.79,
            "eps_4q_growth_year": 357.2,
            "roe": 3.91,
            "roe_4q": 42.84,
            "gross_profit": 551782,
            "gross_margin": 6.95,
            "gross_margin_4q_avg": 7.76,
            "net_income": 185844,
            "revenue": 7936597,
            "common_shares": 3090430,
            "book_valuer_per_share": 15.67,
            "book_valuer_per_share_4q_avg": 17.03,
            "equity": 4842741,
            "current_ratio": 59.37,
            "debt_ratio": 54.21,
            "inventory_turnover_ratio": 24.78,
            "account_receivable_turnover_ratio": 68.14,
            "reinvestment_rate": -17.66,
            "research_to_sale_ratio": null,
            "price_fair": 96.51,
            "eps_avg_yearly": 2.76,
            "eps_latest_yearly": 2.4,
            "eps_growth_yearly": 340.87
        },
        "20114": {
            "year_quarter": 20114,
            "year": 2011,
            "quarter": 4,
            "eps": 0.26,
            "eps_growth_year": -95.24,
            "eps_4q": 1.51,
            "eps_4q_growth_year": -77.45,
            "roe": 1.67,
            "roe_4q": 9.120000000000001,
            "gross_profit": 506372,
            "gross_margin": 6.38,
            "gross_margin_4q_avg": 7.27,
            "net_income": 81544,
            "revenue": 7938965,
            "common_shares": 3090430,
            "book_valuer_per_share": 15.95,
            "book_valuer_per_share_4q_avg": 16.41,
            "equity": 4929253,
            "current_ratio": 61.71,
            "debt_ratio": 53.87,
            "inventory_turnover_ratio": 24.06,
            "account_receivable_turnover_ratio": 45.89,
            "reinvestment_rate": -16.41,
            "research_to_sale_ratio": null,
            "price_fair": 95.11,
            "eps_avg_yearly": 2.72,
            "eps_latest_yearly": 1.04,
            "eps_growth_yearly": 331.51
        },
        "20121": {
            "year_quarter": 20121,
            "year": 2012,
            "quarter": 1,
            "eps": 0.43,
            "eps_growth_year": -6.52,
            "eps_4q": 1.48,
            "eps_4q_growth_year": -78.14,
            "roe": 2.66,
            "roe_4q": 9.32,
            "gross_profit": 586339,
            "gross_margin": 7.65,
            "gross_margin_4q_avg": 7.12,
            "net_income": 132767,
            "revenue": 7667964,
            "common_shares": 3090430,
            "book_valuer_per_share": 16.38,
            "book_valuer_per_share_4q_avg": 15.78,
            "equity": 5062056,
            "current_ratio": 63.61,
            "debt_ratio": 53.06,
            "inventory_turnover_ratio": 18.81,
            "account_receivable_turnover_ratio": 33.71,
            "reinvestment_rate": -15.62,
            "research_to_sale_ratio": null,
            "price_fair": 96.08,
            "eps_avg_yearly": 2.75,
            "eps_latest_yearly": 1.72,
            "eps_growth_yearly": 353.81
        },
        "20122": {
            "year_quarter": 20122,
            "year": 2012,
            "quarter": 2,
            "eps": 0.31,
            "eps_growth_year": 71.33,
            "eps_4q": 1.61,
            "eps_4q_growth_year": -75.63,
            "roe": 2.09,
            "roe_4q": 10.33,
            "gross_profit": 472565,
            "gross_margin": 6.21,
            "gross_margin_4q_avg": 6.8,
            "net_income": 97030,
            "revenue": 7614763,
            "common_shares": 3090430,
            "book_valuer_per_share": 13.69,
            "book_valuer_per_share_4q_avg": 15.42,
            "equity": 4231946,
            "current_ratio": 56.49,
            "debt_ratio": 60.17,
            "inventory_turnover_ratio": 23.9,
            "account_receivable_turnover_ratio": 36.06,
            "reinvestment_rate": -15.48,
            "research_to_sale_ratio": null,
            "price_fair": 97.13,
            "eps_avg_yearly": 2.78,
            "eps_latest_yearly": 1.24,
            "eps_growth_yearly": 356.99
        },
        "20123": {
            "year_quarter": 20123,
            "year": 2012,
            "quarter": 3,
            "eps": 0.39,
            "eps_growth_year": -35.11,
            "eps_4q": 1.4,
            "eps_4q_growth_year": -79.42,
            "roe": 2.81,
            "roe_4q": 9.23,
            "gross_profit": 487252,
            "gross_margin": 6,
            "gross_margin_4q_avg": 6.56,
            "net_income": 120597,
            "revenue": 8124892,
            "common_shares": 3090430,
            "book_valuer_per_share": 14.08,
            "book_valuer_per_share_4q_avg": 15.03,
            "equity": 4352562,
            "current_ratio": 54.26,
            "debt_ratio": 56.59,
            "inventory_turnover_ratio": 46.38,
            "account_receivable_turnover_ratio": 37.13,
            "reinvestment_rate": -16.67,
            "research_to_sale_ratio": null,
            "price_fair": 97.13,
            "eps_avg_yearly": 2.78,
            "eps_latest_yearly": 1.56,
            "eps_growth_yearly": 337.13
        },
        "20124": {
            "year_quarter": 20124,
            "year": 2012,
            "quarter": 4,
            "eps": 0.21,
            "eps_growth_year": -22.24,
            "eps_4q": 1.34,
            "eps_4q_growth_year": -11.26,
            "roe": 1.44,
            "roe_4q": 9,
            "gross_profit": 444796,
            "gross_margin": 5.74,
            "gross_margin_4q_avg": 6.4,
            "net_income": 63405,
            "revenue": 7749499,
            "common_shares": 3090430,
            "book_valuer_per_share": 14.42,
            "book_valuer_per_share_4q_avg": 14.64,
            "equity": 4456894,
            "current_ratio": 55.23,
            "debt_ratio": 55.47,
            "inventory_turnover_ratio": 26.58,
            "account_receivable_turnover_ratio": 29.14,
            "reinvestment_rate": -17.12,
            "research_to_sale_ratio": null,
            "price_fair": 95.9,
            "eps_avg_yearly": 2.74,
            "eps_latest_yearly": 0.84,
            "eps_growth_yearly": 328.15
        },
        "20131": {
            "year_quarter": 20131,
            "year": 2013,
            "quarter": 1,
            "eps": 0.39,
            "eps_growth_year": -9.3,
            "eps_4q": 1.3,
            "eps_4q_growth_year": -11.97,
            "roe": 2.7,
            "roe_4q": 9.040000000000001,
            "gross_profit": 445688,
            "gross_margin": 5.85,
            "gross_margin_4q_avg": 5.95,
            "net_income": 121089,
            "revenue": 7621064,
            "common_shares": 3090430,
            "book_valuer_per_share": 14.65,
            "book_valuer_per_share_4q_avg": 14.21,
            "equity": 4527124,
            "current_ratio": 49.09,
            "debt_ratio": 54.45,
            "inventory_turnover_ratio": 19.01,
            "account_receivable_turnover_ratio": 25.79,
            "reinvestment_rate": -18.33,
            "research_to_sale_ratio": null,
            "price_fair": 96.08,
            "eps_avg_yearly": 2.75,
            "eps_latest_yearly": 1.56,
            "eps_growth_yearly": 348.15
        },
        "20132": {
            "year_quarter": 20132,
            "year": 2013,
            "quarter": 2,
            "eps": 0.23,
            "eps_growth_year": -26.74,
            "eps_4q": 1.22,
            "eps_4q_growth_year": -24.45,
            "roe": 1.63,
            "roe_4q": 8.58,
            "gross_profit": 414311,
            "gross_margin": 5.59,
            "gross_margin_4q_avg": 5.8,
            "net_income": 70536,
            "revenue": 7410283,
            "common_shares": 3090430,
            "book_valuer_per_share": 13.31,
            "book_valuer_per_share_4q_avg": 14.12,
            "equity": 4114773,
            "current_ratio": 28.44,
            "debt_ratio": 51.08,
            "inventory_turnover_ratio": 23.52,
            "account_receivable_turnover_ratio": 26.49,
            "reinvestment_rate": -22.22,
            "research_to_sale_ratio": null,
            "price_fair": 94.94,
            "eps_avg_yearly": 2.71,
            "eps_latest_yearly": 0.92,
            "eps_growth_yearly": 338.57
        },
        "20133": {
            "year_quarter": 20133,
            "year": 2013,
            "quarter": 3,
            "eps": 0.39,
            "eps_growth_year": -0.06,
            "eps_4q": 1.21,
            "eps_4q_growth_year": -13.32,
            "roe": 2.85,
            "roe_4q": 8.620000000000001,
            "gross_profit": 437362,
            "gross_margin": 5.63,
            "gross_margin_4q_avg": 5.7,
            "net_income": 119361,
            "revenue": 7769141,
            "common_shares": 3090430,
            "book_valuer_per_share": 13.79,
            "book_valuer_per_share_4q_avg": 14.04,
            "equity": 4260538,
            "current_ratio": 24.59,
            "debt_ratio": 47.47,
            "inventory_turnover_ratio": 33.37,
            "account_receivable_turnover_ratio": 34.16,
            "reinvestment_rate": -23.01,
            "research_to_sale_ratio": null,
            "price_fair": 95.11,
            "eps_avg_yearly": 2.72,
            "eps_latest_yearly": 1.56,
            "eps_growth_yearly": 355.27
        },
        "20134": {
            "year_quarter": 20134,
            "year": 2013,
            "quarter": 4,
            "eps": 0.21,
            "eps_growth_year": 0.95,
            "eps_4q": 1.21,
            "eps_4q_growth_year": -9.38,
            "roe": 1.48,
            "roe_4q": 8.66,
            "gross_profit": 449717,
            "gross_margin": 5.85,
            "gross_margin_4q_avg": 5.73,
            "net_income": 64010,
            "revenue": 7685716,
            "common_shares": 3090430,
            "book_valuer_per_share": 14.12,
            "book_valuer_per_share_4q_avg": 13.97,
            "equity": 4364605,
            "current_ratio": 31.74,
            "debt_ratio": 49.47,
            "inventory_turnover_ratio": 23.45,
            "account_receivable_turnover_ratio": 38.16,
            "reinvestment_rate": -23.02,
            "research_to_sale_ratio": null,
            "price_fair": 93.98,
            "eps_avg_yearly": 2.69,
            "eps_latest_yearly": 0.84,
            "eps_growth_yearly": 345.76
        },
        "20141": {
            "year_quarter": 20141,
            "year": 2014,
            "quarter": 1,
            "eps": 0.27,
            "eps_growth_year": -30.77,
            "eps_4q": 1.09,
            "eps_4q_growth_year": -16.18,
            "roe": 1.89,
            "roe_4q": 7.8500000000000005,
            "gross_profit": 432012,
            "gross_margin": 5.97,
            "gross_margin_4q_avg": 5.76,
            "net_income": 83146,
            "revenue": 7231146,
            "common_shares": 3090430,
            "book_valuer_per_share": 14.29,
            "book_valuer_per_share_4q_avg": 13.88,
            "equity": 4415693,
            "current_ratio": 32.7,
            "debt_ratio": 48.66,
            "inventory_turnover_ratio": 16.69,
            "account_receivable_turnover_ratio": 37.48,
            "reinvestment_rate": -28.62,
            "research_to_sale_ratio": null,
            "price_fair": 92.93,
            "eps_avg_yearly": 2.66,
            "eps_latest_yearly": 1.08,
            "eps_growth_yearly": 349.22
        },
        "20142": {
            "year_quarter": 20142,
            "year": 2014,
            "quarter": 2,
            "eps": 0.22,
            "eps_growth_year": -4.35,
            "eps_4q": 1.09,
            "eps_4q_growth_year": -10.63,
            "roe": 1.63,
            "roe_4q": 7.85,
            "gross_profit": 393353,
            "gross_margin": 5.27,
            "gross_margin_4q_avg": 5.68,
            "net_income": 69197,
            "revenue": 7468549,
            "common_shares": 3090430,
            "book_valuer_per_share": 13.26,
            "book_valuer_per_share_4q_avg": 13.87,
            "equity": 4097472,
            "current_ratio": 29.33,
            "debt_ratio": 51.39,
            "inventory_turnover_ratio": 19.08,
            "account_receivable_turnover_ratio": 39.32,
            "reinvestment_rate": -30.56,
            "research_to_sale_ratio": null,
            "price_fair": 91.88,
            "eps_avg_yearly": 2.63,
            "eps_latest_yearly": 0.88,
            "eps_growth_yearly": 347.8
        },
        "20143": {
            "year_quarter": 20143,
            "year": 2014,
            "quarter": 3,
            "eps": 0.33,
            "eps_growth_year": -15.38,
            "eps_4q": 1.03,
            "eps_4q_growth_year": -14.75,
            "roe": 2.48,
            "roe_4q": 7.479999999999999,
            "gross_profit": 403757,
            "gross_margin": 5.49,
            "gross_margin_4q_avg": 5.65,
            "net_income": 102804,
            "revenue": 7350001,
            "common_shares": 3090430,
            "book_valuer_per_share": 13.57,
            "book_valuer_per_share_4q_avg": 13.81,
            "equity": 4193979,
            "current_ratio": 23.6,
            "debt_ratio": 47.38,
            "inventory_turnover_ratio": 24.47,
            "account_receivable_turnover_ratio": 38.2,
            "reinvestment_rate": -32.81,
            "research_to_sale_ratio": null,
            "price_fair": 91.18,
            "eps_avg_yearly": 2.61,
            "eps_latest_yearly": 1.32,
            "eps_growth_yearly": 355.15
        },
        "20144": {
            "year_quarter": 20144,
            "year": 2014,
            "quarter": 4,
            "eps": 0.24,
            "eps_growth_year": 15.4,
            "eps_4q": 1.06,
            "eps_4q_growth_year": -12.26,
            "roe": 1.75,
            "roe_4q": 7.75,
            "gross_profit": 446435,
            "gross_margin": 7.15,
            "gross_margin_4q_avg": 5.97,
            "net_income": 73868,
            "revenue": 6245069,
            "common_shares": 3090430,
            "book_valuer_per_share": 13.8,
            "book_valuer_per_share_4q_avg": 13.73,
            "equity": 4263393,
            "current_ratio": 31.34,
            "debt_ratio": 46.65,
            "inventory_turnover_ratio": 25.12,
            "account_receivable_turnover_ratio": 38.75,
            "reinvestment_rate": -12.76,
            "research_to_sale_ratio": null,
            "price_fair": 44.8,
            "eps_avg_yearly": 1.28,
            "eps_latest_yearly": 0.96,
            "eps_growth_yearly": 35.53
        },
        "20151": {
            "year_quarter": 20151,
            "year": 2015,
            "quarter": 1,
            "eps": 0.24,
            "eps_growth_year": -11.11,
            "eps_4q": 1.04,
            "eps_4q_growth_year": -4.98,
            "roe": 1.73,
            "roe_4q": 7.59,
            "gross_profit": 401936,
            "gross_margin": 7.99,
            "gross_margin_4q_avg": 6.48,
            "net_income": 74391,
            "revenue": 5030057,
            "common_shares": 3090430,
            "book_valuer_per_share": 14.04,
            "book_valuer_per_share_4q_avg": 13.67,
            "equity": 4339169,
            "current_ratio": 30.69,
            "debt_ratio": 45.08,
            "inventory_turnover_ratio": 19.8,
            "account_receivable_turnover_ratio": 44.34,
            "reinvestment_rate": -10.54,
            "research_to_sale_ratio": null,
            "price_fair": 42.88,
            "eps_avg_yearly": 1.23,
            "eps_latest_yearly": 0.96,
            "eps_growth_yearly": 58.45
        },
        "20152": {
            "year_quarter": 20152,
            "year": 2015,
            "quarter": 2,
            "eps": 0.68,
            "eps_growth_year": 209.09,
            "eps_4q": 1.49,
            "eps_4q_growth_year": 37.36,
            "roe": 4.94,
            "roe_4q": 10.9,
            "gross_profit": 422198,
            "gross_margin": 7.65,
            "gross_margin_4q_avg": 7.07,
            "net_income": 210068,
            "revenue": 5520012,
            "common_shares": 3090430,
            "book_valuer_per_share": 13.46,
            "book_valuer_per_share_4q_avg": 13.72,
            "equity": 4160364,
            "current_ratio": 23.64,
            "debt_ratio": 47.29,
            "inventory_turnover_ratio": 23.56,
            "account_receivable_turnover_ratio": 54.71,
            "reinvestment_rate": -14.02,
            "research_to_sale_ratio": null,
            "price_fair": 47.25,
            "eps_avg_yearly": 1.35,
            "eps_latest_yearly": 2.72,
            "eps_growth_yearly": 119.5
        },
        "20153": {
            "year_quarter": 20153,
            "year": 2015,
            "quarter": 3,
            "eps": 0.33,
            "eps_growth_year": 0,
            "eps_4q": 1.49,
            "eps_4q_growth_year": 44.53,
            "roe": 2.44,
            "roe_4q": 10.860000000000001,
            "gross_profit": 405531,
            "gross_margin": 7.76,
            "gross_margin_4q_avg": 7.64,
            "net_income": 102961,
            "revenue": 5225176,
            "common_shares": 3090430,
            "book_valuer_per_share": 13.83,
            "book_valuer_per_share_4q_avg": 13.78,
            "equity": 4273817,
            "current_ratio": 22.9,
            "debt_ratio": 45.59,
            "inventory_turnover_ratio": 24.02,
            "account_receivable_turnover_ratio": 52.58,
            "reinvestment_rate": -21.31,
            "research_to_sale_ratio": null,
            "price_fair": 44.89,
            "eps_avg_yearly": 1.28,
            "eps_latest_yearly": 1.32,
            "eps_growth_yearly": 48.3
        },
        "20154": {
            "year_quarter": 20154,
            "year": 2015,
            "quarter": 4,
            "eps": 0.34,
            "eps_growth_year": 42.71,
            "eps_4q": 1.59,
            "eps_4q_growth_year": 49.79,
            "roe": 2.43,
            "roe_4q": 11.540000000000001,
            "gross_profit": 419678,
            "gross_margin": 8.77,
            "gross_margin_4q_avg": 8.04,
            "net_income": 105415,
            "revenue": 4784319,
            "common_shares": 3090430,
            "book_valuer_per_share": 14.23,
            "book_valuer_per_share_4q_avg": 13.89,
            "equity": 4398856,
            "current_ratio": 18.69,
            "debt_ratio": 42.89,
            "inventory_turnover_ratio": 24.65,
            "account_receivable_turnover_ratio": 51.34,
            "reinvestment_rate": -19.55,
            "research_to_sale_ratio": null,
            "price_fair": 45.59,
            "eps_avg_yearly": 1.3,
            "eps_latest_yearly": 1.36,
            "eps_growth_yearly": 63.23
        },
        "20161": {
            "year_quarter": 20161,
            "year": 2016,
            "quarter": 1,
            "eps": 0.49,
            "eps_growth_year": 104.17,
            "eps_4q": 1.85,
            "eps_4q_growth_year": 78.3,
            "roe": 3.4,
            "roe_4q": 13.21,
            "gross_profit": 516108,
            "gross_margin": 12.71,
            "gross_margin_4q_avg": 9.22,
            "net_income": 152593,
            "revenue": 4061361,
            "common_shares": 3090430,
            "book_valuer_per_share": 14.77,
            "book_valuer_per_share_4q_avg": 14.07,
            "equity": 4565617,
            "current_ratio": 22.8,
            "debt_ratio": 41.03,
            "inventory_turnover_ratio": 22.5,
            "account_receivable_turnover_ratio": 44.54,
            "reinvestment_rate": -24.16,
            "research_to_sale_ratio": null,
            "price_fair": 46.11,
            "eps_avg_yearly": 1.32,
            "eps_latest_yearly": 1.96,
            "eps_growth_yearly": 57.91
        },
        "20162": {
            "year_quarter": 20162,
            "year": 2016,
            "quarter": 2,
            "eps": 0.59,
            "eps_growth_year": -13.24,
            "eps_4q": 1.76,
            "eps_4q_growth_year": 17.81,
            "roe": 4.1,
            "roe_4q": 12.37,
            "gross_profit": 547120,
            "gross_margin": 11.62,
            "gross_margin_4q_avg": 10.22,
            "net_income": 182273,
            "revenue": 4708103,
            "common_shares": 3090430,
            "book_valuer_per_share": 13.97,
            "book_valuer_per_share_4q_avg": 14.2,
            "equity": 4316863,
            "current_ratio": 21.91,
            "debt_ratio": 44.41,
            "inventory_turnover_ratio": 22.01,
            "account_receivable_turnover_ratio": 50.81,
            "reinvestment_rate": -22.08,
            "research_to_sale_ratio": null,
            "price_fair": 48.56,
            "eps_avg_yearly": 1.39,
            "eps_latest_yearly": 2.36,
            "eps_growth_yearly": 69.99
        },
        "20163": {
            "year_quarter": 20163,
            "year": 2016,
            "quarter": 3,
            "eps": 0.59,
            "eps_growth_year": 78.79,
            "eps_4q": 2.02,
            "eps_4q_growth_year": 35.19,
            "roe": 4.16,
            "roe_4q": 14.09,
            "gross_profit": 490258,
            "gross_margin": 10.77,
            "gross_margin_4q_avg": 10.97,
            "net_income": 183317,
            "revenue": 4553932,
            "common_shares": 3090430,
            "book_valuer_per_share": 14.54,
            "book_valuer_per_share_4q_avg": 14.38,
            "equity": 4494772,
            "current_ratio": 20.87,
            "debt_ratio": 41.67,
            "inventory_turnover_ratio": 22.23,
            "account_receivable_turnover_ratio": 47.22,
            "reinvestment_rate": -17.4,
            "research_to_sale_ratio": null,
            "price_fair": 50.31,
            "eps_avg_yearly": 1.44,
            "eps_latest_yearly": 2.36,
            "eps_growth_yearly": 63.54
        },
        "20164": {
            "year_quarter": 20164,
            "year": 2016,
            "quarter": 4,
            "eps": 0.61,
            "eps_growth_year": 78.04,
            "eps_4q": 2.28,
            "eps_4q_growth_year": 43.23,
            "roe": 4.09,
            "roe_4q": 15.75,
            "gross_profit": 504568,
            "gross_margin": 10.62,
            "gross_margin_4q_avg": 11.43,
            "net_income": 187683,
            "revenue": 4752082,
            "common_shares": 3090430,
            "book_valuer_per_share": 15.18,
            "book_valuer_per_share_4q_avg": 14.62,
            "equity": 4689899,
            "current_ratio": 27.61,
            "debt_ratio": 39.38,
            "inventory_turnover_ratio": 20.43,
            "account_receivable_turnover_ratio": 41.27,
            "reinvestment_rate": -23.5,
            "research_to_sale_ratio": null,
            "price_fair": 53.81,
            "eps_avg_yearly": 1.54,
            "eps_latest_yearly": 2.44,
            "eps_growth_yearly": 75.92
        },
        "20171": {
            "year_quarter": 20171,
            "year": 2017,
            "quarter": 1,
            "eps": 0.42,
            "eps_growth_year": -14.29,
            "eps_4q": 2.21,
            "eps_4q_growth_year": 19.7,
            "roe": 2.74,
            "roe_4q": 15.09,
            "gross_profit": 474964,
            "gross_margin": 10.04,
            "gross_margin_4q_avg": 10.76,
            "net_income": 130235,
            "revenue": 4728368,
            "common_shares": 3090430,
            "book_valuer_per_share": 15.59,
            "book_valuer_per_share_4q_avg": 14.82,
            "equity": 4817333,
            "current_ratio": 24.95,
            "debt_ratio": 37.44,
            "inventory_turnover_ratio": 20.5,
            "account_receivable_turnover_ratio": 40.01,
            "reinvestment_rate": -16.22,
            "research_to_sale_ratio": null,
            "price_fair": 54.08,
            "eps_avg_yearly": 1.55,
            "eps_latest_yearly": 1.68,
            "eps_growth_yearly": 46.71
        },
        "20172": {
            "year_quarter": 20172,
            "year": 2017,
            "quarter": 2,
            "eps": 0.5,
            "eps_growth_year": -15.25,
            "eps_4q": 2.13,
            "eps_4q_growth_year": 20.95,
            "roe": 3.41,
            "roe_4q": 14.4,
            "gross_profit": 512228,
            "gross_margin": 10.8,
            "gross_margin_4q_avg": 10.56,
            "net_income": 155825,
            "revenue": 4743964,
            "common_shares": 3090430,
            "book_valuer_per_share": 13.98,
            "book_valuer_per_share_4q_avg": 14.82,
            "equity": 4321750,
            "current_ratio": 33.45,
            "debt_ratio": 49.55,
            "inventory_turnover_ratio": 24.42,
            "account_receivable_turnover_ratio": 49.34,
            "reinvestment_rate": -2.64,
            "research_to_sale_ratio": null,
            "price_fair": 56.44,
            "eps_avg_yearly": 1.61,
            "eps_latest_yearly": 2,
            "eps_growth_yearly": 61.73
        },
        "20173": {
            "year_quarter": 20173,
            "year": 2017,
            "quarter": 3,
            "eps": 0.67,
            "eps_growth_year": 13.56,
            "eps_4q": 2.2,
            "eps_4q_growth_year": 9.24,
            "roe": 4.69,
            "roe_4q": 14.930000000000001,
            "gross_profit": 576121,
            "gross_margin": 11.57,
            "gross_margin_4q_avg": 10.76,
            "net_income": 207502,
            "revenue": 4979149,
            "common_shares": 3090430,
            "book_valuer_per_share": 14.64,
            "book_valuer_per_share_4q_avg": 14.85,
            "equity": 4523935,
            "current_ratio": 33.92,
            "debt_ratio": 45.23,
            "inventory_turnover_ratio": 17.64,
            "account_receivable_turnover_ratio": 52.06,
            "reinvestment_rate": -9.08,
            "research_to_sale_ratio": null,
            "price_fair": 58.89,
            "eps_avg_yearly": 1.68,
            "eps_latest_yearly": 2.68,
            "eps_growth_yearly": 52.83
        },
        "20174": {
            "year_quarter": 20174,
            "year": 2017,
            "quarter": 4,
            "eps": 0.63,
            "eps_growth_year": 3.26,
            "eps_4q": 2.22,
            "eps_4q_growth_year": -2.62,
            "roe": 4.19,
            "roe_4q": 15.030000000000001,
            "gross_profit": 601365,
            "gross_margin": 11.34,
            "gross_margin_4q_avg": 10.94,
            "net_income": 193806,
            "revenue": 5303126,
            "common_shares": 3090430,
            "book_valuer_per_share": 15.28,
            "book_valuer_per_share_4q_avg": 14.87,
            "equity": 4723002,
            "current_ratio": 43.01,
            "debt_ratio": 46.04,
            "inventory_turnover_ratio": 14.33,
            "account_receivable_turnover_ratio": 38.17,
            "reinvestment_rate": -6.69,
            "research_to_sale_ratio": null,
            "price_fair": 62.56,
            "eps_avg_yearly": 1.79,
            "eps_latest_yearly": 2.52,
            "eps_growth_yearly": 62.88
        },
        "20181": {
            "year_quarter": 20181,
            "year": 2018,
            "quarter": 1,
            "eps": 0.59,
            "eps_growth_year": 40.48,
            "eps_4q": 2.39,
            "eps_4q_growth_year": 8.13,
            "roe": 3.78,
            "roe_4q": 16.07,
            "gross_profit": 565994,
            "gross_margin": 10.81,
            "gross_margin_4q_avg": 11.13,
            "net_income": 181922,
            "revenue": 5235972,
            "common_shares": 3090430,
            "book_valuer_per_share": 15.89,
            "book_valuer_per_share_4q_avg": 14.95,
            "equity": 4911361,
            "current_ratio": 40.94,
            "debt_ratio": 44.67,
            "inventory_turnover_ratio": 13.65,
            "account_receivable_turnover_ratio": 37.39,
            "reinvestment_rate": -10.52,
            "research_to_sale_ratio": null,
            "price_fair": 65.36,
            "eps_avg_yearly": 1.87,
            "eps_latest_yearly": 2.36,
            "eps_growth_yearly": 54.15
        },
        "20182": {
            "year_quarter": 20182,
            "year": 2018,
            "quarter": 2,
            "eps": 0.64,
            "eps_growth_year": 28,
            "eps_4q": 2.53,
            "eps_4q_growth_year": 19.08,
            "roe": 4.24,
            "roe_4q": 16.900000000000002,
            "gross_profit": 598403,
            "gross_margin": 10.43,
            "gross_margin_4q_avg": 11.04,
            "net_income": 199222,
            "revenue": 5736746,
            "common_shares": 3090430,
            "book_valuer_per_share": 14.51,
            "book_valuer_per_share_4q_avg": 15.08,
            "equity": 4484353,
            "current_ratio": 44.86,
            "debt_ratio": 52.51,
            "inventory_turnover_ratio": 15.46,
            "account_receivable_turnover_ratio": 44.41,
            "reinvestment_rate": -7.92,
            "research_to_sale_ratio": null,
            "price_fair": 69.04,
            "eps_avg_yearly": 1.97,
            "eps_latest_yearly": 2.56,
            "eps_growth_yearly": 60.9
        },
        "20183": {
            "year_quarter": 20183,
            "year": 2018,
            "quarter": 3,
            "eps": 0.64,
            "eps_growth_year": -4.48,
            "eps_4q": 2.5,
            "eps_4q_growth_year": 13.43,
            "roe": 4.31,
            "roe_4q": 16.52,
            "gross_profit": 581184,
            "gross_margin": 9.64,
            "gross_margin_4q_avg": 10.56,
            "net_income": 197783,
            "revenue": 6030070,
            "common_shares": 3090430,
            "book_valuer_per_share": 15.16,
            "book_valuer_per_share_4q_avg": 15.21,
            "equity": 4685024,
            "current_ratio": 41.24,
            "debt_ratio": 49.11,
            "inventory_turnover_ratio": 15.33,
            "account_receivable_turnover_ratio": 32.61,
            "reinvestment_rate": -2.71,
            "research_to_sale_ratio": null,
            "price_fair": 71.75,
            "eps_avg_yearly": 2.05,
            "eps_latest_yearly": 2.56,
            "eps_growth_yearly": 48.4
        },
        "20184": {
            "year_quarter": 20184,
            "year": 2018,
            "quarter": 4,
            "eps": 0.51,
            "eps_growth_year": -19.22,
            "eps_4q": 2.38,
            "eps_4q_growth_year": 7,
            "roe": 3.3,
            "roe_4q": 15.629999999999999,
            "gross_profit": 568414,
            "gross_margin": 9.88,
            "gross_margin_4q_avg": 10.19,
            "net_income": 156550,
            "revenue": 5755900,
            "common_shares": 3090430,
            "book_valuer_per_share": 15.56,
            "book_valuer_per_share_4q_avg": 15.28,
            "equity": 4808014,
            "current_ratio": 24.99,
            "debt_ratio": 52.02,
            "inventory_turnover_ratio": 18.68,
            "account_receivable_turnover_ratio": 28.89,
            "reinvestment_rate": 13.43,
            "research_to_sale_ratio": null,
            "price_fair": 74.11,
            "eps_avg_yearly": 2.12,
            "eps_latest_yearly": 2.04,
            "eps_growth_yearly": 50.14
        },
        "20191": {
            "year_quarter": 20191,
            "year": 2019,
            "quarter": 1,
            "eps": 0.66,
            "eps_growth_year": 11.86,
            "eps_4q": 2.45,
            "eps_4q_growth_year": 2.59,
            "roe": 4.15,
            "roe_4q": 16,
            "gross_profit": 619940,
            "gross_margin": 11.52,
            "gross_margin_4q_avg": 10.37,
            "net_income": 204607,
            "revenue": 5381439,
            "common_shares": 3090430,
            "book_valuer_per_share": 16.36,
            "book_valuer_per_share_4q_avg": 15.4,
            "equity": 5054623,
            "current_ratio": 32.31,
            "debt_ratio": 58.99,
            "inventory_turnover_ratio": 18.94,
            "account_receivable_turnover_ratio": 30.51,
            "reinvestment_rate": 14.33,
            "research_to_sale_ratio": null,
            "price_fair": 77.79,
            "eps_avg_yearly": 2.22,
            "eps_latest_yearly": 2.64,
            "eps_growth_yearly": 57.49
        },
        "20192": {
            "year_quarter": 20192,
            "year": 2019,
            "quarter": 2,
            "eps": 0.58,
            "eps_growth_year": -9.38,
            "eps_4q": 2.39,
            "eps_4q_growth_year": -5.76,
            "roe": 3.7,
            "roe_4q": 15.46,
            "gross_profit": 629721,
            "gross_margin": 10.53,
            "gross_margin_4q_avg": 10.39,
            "net_income": 178477,
            "revenue": 5978623,
            "common_shares": 3090430,
            "book_valuer_per_share": 14.9,
            "book_valuer_per_share_4q_avg": 15.5,
            "equity": 4603805,
            "current_ratio": 32.19,
            "debt_ratio": 64.07,
            "inventory_turnover_ratio": 15.09,
            "account_receivable_turnover_ratio": 35.59,
            "reinvestment_rate": 20.46,
            "research_to_sale_ratio": null,
            "price_fair": 40.93,
            "eps_avg_yearly": 2.2,
            "eps_latest_yearly": 2.32,
            "eps_growth_yearly": 8.63
        },
        "20193": {
            "year_quarter": 20193,
            "year": 2019,
            "quarter": 3,
            "eps": 0.64,
            "eps_growth_year": 0,
            "eps_4q": 2.38,
            "eps_4q_growth_year": -4.63,
            "roe": 4.2,
            "roe_4q": 15.350000000000001,
            "gross_profit": 615322,
            "gross_margin": 10.55,
            "gross_margin_4q_avg": 10.62,
            "net_income": 197294,
            "revenue": 5834893,
            "common_shares": 3090430,
            "book_valuer_per_share": 15.51,
            "book_valuer_per_share_4q_avg": 15.58,
            "equity": 4793959,
            "current_ratio": 27,
            "debt_ratio": 62,
            "inventory_turnover_ratio": 16.69,
            "account_receivable_turnover_ratio": 34.93,
            "reinvestment_rate": 21.23,
            "research_to_sale_ratio": null,
            "price_fair": 77.53,
            "eps_avg_yearly": 2.28,
            "eps_latest_yearly": 2.56,
            "eps_growth_yearly": 24.08
        },
        "20194": {
            "year_quarter": 20194,
            "year": 2019,
            "quarter": 4,
            "eps": 0.51,
            "eps_growth_year": 0.45,
            "eps_4q": 2.39,
            "eps_4q_growth_year": 0.29,
            "roe": 3.22,
            "roe_4q": 15.270000000000001,
            "gross_profit": 634533,
            "gross_margin": 11.06,
            "gross_margin_4q_avg": 10.92,
            "net_income": 157262,
            "revenue": 5737488,
            "common_shares": 3090430,
            "book_valuer_per_share": 16.08,
            "book_valuer_per_share_4q_avg": 15.71,
            "equity": 4969854,
            "current_ratio": 27.77,
            "debt_ratio": 62.45,
            "inventory_turnover_ratio": 18.72,
            "account_receivable_turnover_ratio": 42.54,
            "reinvestment_rate": 37.44,
            "research_to_sale_ratio": null,
            "price_fair": 65.46,
            "eps_avg_yearly": 2.32,
            "eps_latest_yearly": 2.04,
            "eps_growth_yearly": 18.25
        },
        "20201": {
            "year_quarter": 20201,
            "year": 2020,
            "quarter": 1,
            "eps": 0.48,
            "eps_growth_year": -27.27,
            "eps_4q": 2.2,
            "eps_4q_growth_year": -10.29,
            "roe": 2.81,
            "roe_4q": 13.93,
            "gross_profit": 563011,
            "gross_margin": 11.29,
            "gross_margin_4q_avg": 10.86,
            "net_income": 141629,
            "revenue": 4984989,
            "common_shares": 3090430,
            "book_valuer_per_share": 16.42,
            "book_valuer_per_share_4q_avg": 15.73,
            "equity": 5104911,
            "current_ratio": 24.06,
            "debt_ratio": 61.04,
            "inventory_turnover_ratio": 20.65,
            "account_receivable_turnover_ratio": 55.79,
            "reinvestment_rate": 40.09,
            "research_to_sale_ratio": null,
            "price_fair": 36.45,
            "eps_avg_yearly": 2.32,
            "eps_latest_yearly": 1.92,
            "eps_growth_yearly": 5.75
        },
        "20202": {
            "year_quarter": 20202,
            "year": 2020,
            "quarter": 2,
            "eps": 0.62,
            "eps_growth_year": 6.9,
            "eps_4q": 2.24,
            "eps_4q_growth_year": -5.97,
            "roe": 3.79,
            "roe_4q": 14.02,
            "gross_profit": 569685,
            "gross_margin": 15,
            "gross_margin_4q_avg": 11.98,
            "net_income": 186785,
            "revenue": 3799027,
            "common_shares": 3090430,
            "book_valuer_per_share": 15.27,
            "book_valuer_per_share_4q_avg": 15.82,
            "equity": 4742076,
            "current_ratio": 29.78,
            "debt_ratio": 60.61,
            "inventory_turnover_ratio": 16.48,
            "account_receivable_turnover_ratio": 51.81,
            "reinvestment_rate": 41.14,
            "research_to_sale_ratio": null,
            "price_fair": 41.65,
            "eps_avg_yearly": 2.32,
            "eps_latest_yearly": 2.48,
            "eps_growth_yearly": 7.93
        },
        "20203": {
            "year_quarter": 20203,
            "year": 2020,
            "quarter": 3,
            "eps": 0.8,
            "eps_growth_year": 25,
            "eps_4q": 2.41,
            "eps_4q_growth_year": 0.95,
            "roe": 4.98,
            "roe_4q": 14.8,
            "gross_profit": 617688,
            "gross_margin": 12.75,
            "gross_margin_4q_avg": 12.53,
            "net_income": 243038,
            "revenue": 4842865,
            "common_shares": 3090430,
            "book_valuer_per_share": 16.18,
            "book_valuer_per_share_4q_avg": 15.99,
            "equity": 5020334,
            "current_ratio": 29.66,
            "debt_ratio": 58.76,
            "inventory_turnover_ratio": 19.02,
            "account_receivable_turnover_ratio": 52.5,
            "reinvestment_rate": 48.54,
            "research_to_sale_ratio": null,
            "price_fair": 59.83,
            "eps_avg_yearly": 2.38,
            "eps_latest_yearly": 3.2,
            "eps_growth_yearly": 15.19
        },
        "20204": {
            "year_quarter": 20204,
            "year": 2020,
            "quarter": 4,
            "eps": 0.67,
            "eps_growth_year": 31.24,
            "eps_4q": 2.57,
            "eps_4q_growth_year": 7.51,
            "roe": 3.96,
            "roe_4q": 15.540000000000001,
            "gross_profit": 692542,
            "gross_margin": 14.64,
            "gross_margin_4q_avg": 13.42,
            "net_income": 203269,
            "revenue": 4730683,
            "common_shares": 3090430,
            "book_valuer_per_share": 16.86,
            "book_valuer_per_share_4q_avg": 16.18,
            "equity": 5233652,
            "current_ratio": 30.8,
            "debt_ratio": 57.29,
            "inventory_turnover_ratio": 17.7,
            "account_receivable_turnover_ratio": 49.23,
            "reinvestment_rate": 57.64,
            "research_to_sale_ratio": null,
            "price_fair": 48.48,
            "eps_avg_yearly": 2.39,
            "eps_latest_yearly": 2.68,
            "eps_growth_yearly": 10.28
        },
        "20211": {
            "year_quarter": 20211,
            "year": 2021,
            "quarter": 1,
            "eps": 0.77,
            "eps_growth_year": 60.42,
            "eps_4q": 2.86,
            "eps_4q_growth_year": 30.01,
            "roe": 4.43,
            "roe_4q": 17.16,
            "gross_profit": 697703,
            "gross_margin": 13.84,
            "gross_margin_4q_avg": 14.06,
            "net_income": 237271,
            "revenue": 5040299,
            "common_shares": 3090430,
            "book_valuer_per_share": 17.66,
            "book_valuer_per_share_4q_avg": 16.49,
            "equity": 5479785,
            "current_ratio": 53.84,
            "debt_ratio": 61.06,
            "inventory_turnover_ratio": 15.39,
            "account_receivable_turnover_ratio": 51.2,
            "reinvestment_rate": 55.51,
            "research_to_sale_ratio": null,
            "price_fair": 78.79,
            "eps_avg_yearly": 2.48,
            "eps_latest_yearly": 3.08,
            "eps_growth_yearly": 21.8
        },
        "20212": {
            "year_quarter": 20212,
            "year": 2021,
            "quarter": 2,
            "eps": 0.48,
            "eps_growth_year": -22.58,
            "eps_4q": 2.72,
            "eps_4q_growth_year": 21.36,
            "roe": 2.64,
            "roe_4q": 16.01,
            "gross_profit": 572515,
            "gross_margin": 12.08,
            "gross_margin_4q_avg": 13.33,
            "net_income": 146772,
            "revenue": 4738969,
            "common_shares": 3090430,
            "book_valuer_per_share": 18.19,
            "book_valuer_per_share_4q_avg": 17.22,
            "equity": 5652116,
            "current_ratio": 34.6,
            "debt_ratio": 54.61,
            "inventory_turnover_ratio": 13.09,
            "account_receivable_turnover_ratio": 41.73,
            "reinvestment_rate": 50.67,
            "research_to_sale_ratio": null,
            "price_fair": 43.57,
            "eps_avg_yearly": 2.47,
            "eps_latest_yearly": 1.92,
            "eps_growth_yearly": 7.62
        },
        "20213": {
            "year_quarter": 20213,
            "year": 2021,
            "quarter": 3,
            "eps": 0.72,
            "eps_growth_year": -10,
            "eps_4q": 2.64,
            "eps_4q_growth_year": 9.86,
            "roe": 4.08,
            "roe_4q": 15.11,
            "gross_profit": 623595,
            "gross_margin": 11.71,
            "gross_margin_4q_avg": 13.07,
            "net_income": 220497,
            "revenue": 5326606,
            "common_shares": 3090430,
            "book_valuer_per_share": 16.59,
            "book_valuer_per_share_4q_avg": 17.33,
            "equity": 5154040,
            "current_ratio": 28.9,
            "debt_ratio": 58.55,
            "inventory_turnover_ratio": 15.64,
            "account_receivable_turnover_ratio": 51.63,
            "reinvestment_rate": 56.12,
            "research_to_sale_ratio": null,
            "price_fair": 53.74,
            "eps_avg_yearly": 2.49,
            "eps_latest_yearly": 2.88,
            "eps_growth_yearly": 11.62
        },
        "20214": {
            "year_quarter": 20214,
            "year": 2021,
            "quarter": 4,
            "eps": 0.65,
            "eps_growth_year": -3.17,
            "eps_4q": 2.62,
            "eps_4q_growth_year": 2.23,
            "roe": 3.78,
            "roe_4q": 14.93,
            "gross_profit": 672199,
            "gross_margin": 11.03,
            "gross_margin_4q_avg": 12.17,
            "net_income": 198720,
            "revenue": 6093309,
            "common_shares": 3090430,
            "book_valuer_per_share": 17.26,
            "book_valuer_per_share_4q_avg": 17.43,
            "equity": 5360430,
            "current_ratio": 32.32,
            "debt_ratio": 58.06,
            "inventory_turnover_ratio": 19.52,
            "account_receivable_turnover_ratio": 51.56,
            "reinvestment_rate": 57.2,
            "research_to_sale_ratio": null,
            "price_fair": 51.51,
            "eps_avg_yearly": 2.49,
            "eps_latest_yearly": 2.6,
            "eps_growth_yearly": 10.69
        },
        "20221": {
            "year_quarter": 20221,
            "year": 2022,
            "quarter": 1,
            "eps": 0.62,
            "eps_growth_year": -19.48,
            "eps_4q": 2.47,
            "eps_4q_growth_year": -13.67,
            "roe": 3.47,
            "roe_4q": 13.97,
            "gross_profit": 681779,
            "gross_margin": 11.4,
            "gross_margin_4q_avg": 11.56,
            "net_income": 189350,
            "revenue": 5980129,
            "common_shares": 3090430,
            "book_valuer_per_share": 17.88,
            "book_valuer_per_share_4q_avg": 17.48,
            "equity": 5556708,
            "current_ratio": 52.85,
            "debt_ratio": 62.34,
            "inventory_turnover_ratio": 18.94,
            "account_receivable_turnover_ratio": 47.37,
            "reinvestment_rate": 60.3,
            "research_to_sale_ratio": null,
            "price_fair": 52.75,
            "eps_avg_yearly": 2.5,
            "eps_latest_yearly": 2.48,
            "eps_growth_yearly": 11.12
        },
        "20222": {
            "year_quarter": 20222,
            "year": 2022,
            "quarter": 2,
            "eps": 0.46,
            "eps_growth_year": -4.17,
            "eps_4q": 2.45,
            "eps_4q_growth_year": -9.94,
            "roe": 2.68,
            "roe_4q": 14.01,
            "gross_profit": 577633,
            "gross_margin": 10.03,
            "gross_margin_4q_avg": 11.04,
            "net_income": 141416,
            "revenue": 5758975,
            "common_shares": 3090430,
            "book_valuer_per_share": 16.1,
            "book_valuer_per_share_4q_avg": 16.96,
            "equity": 5004649,
            "current_ratio": 27.53,
            "debt_ratio": 60.35,
            "inventory_turnover_ratio": 17.3,
            "account_receivable_turnover_ratio": 56.57,
            "reinvestment_rate": 62.38,
            "research_to_sale_ratio": null,
            "price_fair": 30.78,
            "eps_avg_yearly": 2.45,
            "eps_latest_yearly": 1.84,
            "eps_growth_yearly": 2.55
        },
        "20223": {
            "year_quarter": 20223,
            "year": 2022,
            "quarter": 3,
            "eps": 0.67,
            "eps_growth_year": -6.94,
            "eps_4q": 2.4,
            "eps_4q_growth_year": -9.4,
            "roe": 4.05,
            "roe_4q": 13.98,
            "gross_profit": 660940,
            "gross_margin": 10.48,
            "gross_margin_4q_avg": 10.74,
            "net_income": 206034,
            "revenue": 6305942,
            "common_shares": 3090430,
            "book_valuer_per_share": 16.71,
            "book_valuer_per_share_4q_avg": 16.99,
            "equity": 5164054,
            "current_ratio": 25.71,
            "debt_ratio": 56.88,
            "inventory_turnover_ratio": 17,
            "account_receivable_turnover_ratio": 65.79,
            "reinvestment_rate": 56.86,
            "research_to_sale_ratio": null,
            "price_fair": 58.95,
            "eps_avg_yearly": 2.46,
            "eps_latest_yearly": 2.68,
            "eps_growth_yearly": 13.96
        },
        "20224": {
            "year_quarter": 20224,
            "year": 2022,
            "quarter": 4,
            "eps": 0.6,
            "eps_growth_year": -7.81,
            "eps_4q": 2.35,
            "eps_4q_growth_year": -10.6,
            "roe": 3.5,
            "roe_4q": 13.700000000000001,
            "gross_profit": 659010,
            "gross_margin": 10.77,
            "gross_margin_4q_avg": 10.67,
            "net_income": 184246,
            "revenue": 6119506,
            "common_shares": 3090430,
            "book_valuer_per_share": 17.31,
            "book_valuer_per_share_4q_avg": 17,
            "equity": 5349908,
            "current_ratio": 26.76,
            "debt_ratio": 56.44,
            "inventory_turnover_ratio": 15.53,
            "account_receivable_turnover_ratio": 51.69,
            "reinvestment_rate": 44.27,
            "research_to_sale_ratio": null,
            "price_fair": 65.61,
            "eps_avg_yearly": 2.48,
            "eps_latest_yearly": 2.4,
            "eps_growth_yearly": 16.43
        },
        "20231": {
            "year_quarter": 20231,
            "year": 2023,
            "quarter": 1,
            "eps": 0.55,
            "eps_growth_year": -11.29,
            "eps_4q": 2.28,
            "eps_4q_growth_year": -7.78,
            "roe": 3.12,
            "roe_4q": 13.35,
            "gross_profit": 653915,
            "gross_margin": 11.14,
            "gross_margin_4q_avg": 10.61,
            "net_income": 170209,
            "revenue": 5867505,
            "common_shares": 3090430,
            "book_valuer_per_share": 18.02,
            "book_valuer_per_share_4q_avg": 17.04,
            "equity": 5568413,
            "current_ratio": 45.19,
            "debt_ratio": 60.06,
            "inventory_turnover_ratio": 15.2,
            "account_receivable_turnover_ratio": 47.95,
            "reinvestment_rate": 51.76,
            "research_to_sale_ratio": null,
            "price_fair": 41.72,
            "eps_avg_yearly": 2.46,
            "eps_latest_yearly": 2.2,
            "eps_growth_yearly": 6.99
        }
    },
    "months": {
        "2001-06": {
            "month": "2001-06",
            "price": "18.63",
            "revenue": 747125
        },
        "2001-07": {
            "month": "2001-07",
            "price": "13.76",
            "revenue": 866974
        },
        "2001-08": {
            "month": "2001-08",
            "price": "13.79",
            "revenue": 954979
        },
        "2001-09": {
            "month": "2001-09",
            "price": "15.13",
            "revenue": 846866
        },
        "2001-10": {
            "month": "2001-10",
            "price": "14.37",
            "revenue": 932190
        },
        "2001-11": {
            "month": "2001-11",
            "price": "14.86",
            "revenue": 932950
        },
        "2001-12": {
            "month": "2001-12",
            "price": "15.83",
            "revenue": 951166
        },
        "2002-01": {
            "month": "2002-01",
            "price": "18.39",
            "revenue": 893153
        },
        "2002-02": {
            "month": "2002-02",
            "price": "18.60",
            "revenue": 780748
        },
        "2002-03": {
            "month": "2002-03",
            "price": "21.74",
            "revenue": 892527
        },
        "2002-04": {
            "month": "2002-04",
            "price": "22.71",
            "revenue": 881473
        },
        "2002-05": {
            "month": "2002-05",
            "price": "27.76",
            "revenue": 950484
        },
        "2002-06": {
            "month": "2002-06",
            "price": "30.56",
            "revenue": 982181
        },
        "2002-07": {
            "month": "2002-07",
            "price": "32.45",
            "revenue": 1071177
        },
        "2002-08": {
            "month": "2002-08",
            "price": "31.18",
            "revenue": 1074767
        },
        "2002-09": {
            "month": "2002-09",
            "price": "25.51",
            "revenue": 1124402
        },
        "2002-10": {
            "month": "2002-10",
            "price": "25.14",
            "revenue": 1073166
        },
        "2002-11": {
            "month": "2002-11",
            "price": "26.24",
            "revenue": 1079580
        },
        "2002-12": {
            "month": "2002-12",
            "price": "26.66",
            "revenue": 1091472
        },
        "2003-01": {
            "month": "2003-01",
            "price": "26.39",
            "revenue": 1113970
        },
        "2003-02": {
            "month": "2003-02",
            "price": "27.98",
            "revenue": 932692
        },
        "2003-03": {
            "month": "2003-03",
            "price": "26.89",
            "revenue": 1147139
        },
        "2003-04": {
            "month": "2003-04",
            "price": "26.88",
            "revenue": 1101893
        },
        "2003-05": {
            "month": "2003-05",
            "price": "25.32",
            "revenue": 1045276
        },
        "2003-06": {
            "month": "2003-06",
            "price": "26.78",
            "revenue": 1030608
        },
        "2003-07": {
            "month": "2003-07",
            "price": "27.07",
            "revenue": 1149031
        },
        "2003-08": {
            "month": "2003-08",
            "price": "26.60",
            "revenue": 1226171
        },
        "2003-09": {
            "month": "2003-09",
            "price": "25.48",
            "revenue": 1261306
        },
        "2003-10": {
            "month": "2003-10",
            "price": "25.55",
            "revenue": 1164916
        },
        "2003-11": {
            "month": "2003-11",
            "price": "26.15",
            "revenue": 1070331
        },
        "2003-12": {
            "month": "2003-12",
            "price": "25.54",
            "revenue": 1117865
        },
        "2004-01": {
            "month": "2004-01",
            "price": "25.26",
            "revenue": 1105478
        },
        "2004-02": {
            "month": "2004-02",
            "price": "25.64",
            "revenue": 1142066
        },
        "2004-03": {
            "month": "2004-03",
            "price": "25.35",
            "revenue": 1221714
        },
        "2004-04": {
            "month": "2004-04",
            "price": "24.07",
            "revenue": 1249839
        },
        "2004-05": {
            "month": "2004-05",
            "price": "22.88",
            "revenue": 1377430
        },
        "2004-06": {
            "month": "2004-06",
            "price": "22.87",
            "revenue": 1294340
        },
        "2004-07": {
            "month": "2004-07",
            "price": "22.11",
            "revenue": 1390633
        },
        "2004-08": {
            "month": "2004-08",
            "price": "20.26",
            "revenue": 1409013
        },
        "2004-09": {
            "month": "2004-09",
            "price": "21.58",
            "revenue": 1367022
        },
        "2004-10": {
            "month": "2004-10",
            "price": "23.05",
            "revenue": 1412959
        },
        "2004-11": {
            "month": "2004-11",
            "price": "21.89",
            "revenue": 1358275
        },
        "2004-12": {
            "month": "2004-12",
            "price": "23.36",
            "revenue": 1377044
        },
        "2005-01": {
            "month": "2005-01",
            "price": "24.85",
            "revenue": 1370915
        },
        "2005-02": {
            "month": "2005-02",
            "price": "25.07",
            "revenue": 1212230
        },
        "2005-03": {
            "month": "2005-03",
            "price": "24.91",
            "revenue": 1414117
        },
        "2005-04": {
            "month": "2005-04",
            "price": "25.62",
            "revenue": 1419639
        },
        "2005-05": {
            "month": "2005-05",
            "price": "25.29",
            "revenue": 1458435
        },
        "2005-06": {
            "month": "2005-06",
            "price": "25.30",
            "revenue": 1478671
        },
        "2005-07": {
            "month": "2005-07",
            "price": "24.96",
            "revenue": 1536435
        },
        "2005-08": {
            "month": "2005-08",
            "price": "24.94",
            "revenue": 1593202
        },
        "2005-09": {
            "month": "2005-09",
            "price": "23.66",
            "revenue": 1247411
        },
        "2005-10": {
            "month": "2005-10",
            "price": "23.69",
            "revenue": 1804122
        },
        "2005-11": {
            "month": "2005-11",
            "price": "23.47",
            "revenue": 1513734
        },
        "2005-12": {
            "month": "2005-12",
            "price": "23.66",
            "revenue": 1614102
        },
        "2006-01": {
            "month": "2006-01",
            "price": "23.70",
            "revenue": 1616154
        },
        "2006-02": {
            "month": "2006-02",
            "price": "23.65",
            "revenue": 1402360
        },
        "2006-03": {
            "month": "2006-03",
            "price": "23.89",
            "revenue": 1681837
        },
        "2006-04": {
            "month": "2006-04",
            "price": "24.78",
            "revenue": 1733053
        },
        "2006-05": {
            "month": "2006-05",
            "price": "25.17",
            "revenue": 1872738
        },
        "2006-06": {
            "month": "2006-06",
            "price": "24.96",
            "revenue": 1787764
        },
        "2006-07": {
            "month": "2006-07",
            "price": "24.45",
            "revenue": 1929804
        },
        "2006-08": {
            "month": "2006-08",
            "price": "23.49",
            "revenue": 1919622
        },
        "2006-09": {
            "month": "2006-09",
            "price": "22.70",
            "revenue": 1938570
        },
        "2006-10": {
            "month": "2006-10",
            "price": "22.64",
            "revenue": 1957364
        },
        "2006-11": {
            "month": "2006-11",
            "price": "23.97",
            "revenue": 1662491
        },
        "2006-12": {
            "month": "2006-12",
            "price": "25.08",
            "revenue": 1723204
        },
        "2007-01": {
            "month": "2007-01",
            "price": "26.05",
            "revenue": 1665064
        },
        "2007-02": {
            "month": "2007-02",
            "price": "26.07",
            "revenue": 1524743
        },
        "2007-03": {
            "month": "2007-03",
            "price": "26.42",
            "revenue": 1675390
        },
        "2007-04": {
            "month": "2007-04",
            "price": "28.12",
            "revenue": 1698867
        },
        "2007-05": {
            "month": "2007-05",
            "price": "28.62",
            "revenue": 1845262
        },
        "2007-06": {
            "month": "2007-06",
            "price": "29.12",
            "revenue": 1786458
        },
        "2007-07": {
            "month": "2007-07",
            "price": "37.85",
            "revenue": 1944662
        },
        "2007-08": {
            "month": "2007-08",
            "price": "32.00",
            "revenue": 1822058
        },
        "2007-09": {
            "month": "2007-09",
            "price": "32.58",
            "revenue": 1750894
        },
        "2007-10": {
            "month": "2007-10",
            "price": "31.65",
            "revenue": 1772219
        },
        "2007-11": {
            "month": "2007-11",
            "price": "27.00",
            "revenue": 1832066
        },
        "2007-12": {
            "month": "2007-12",
            "price": "25.68",
            "revenue": 1864947
        },
        "2008-01": {
            "month": "2008-01",
            "price": "26.52",
            "revenue": 1919273
        },
        "2008-02": {
            "month": "2008-02",
            "price": "27.80",
            "revenue": 1760053
        },
        "2008-03": {
            "month": "2008-03",
            "price": "29.67",
            "revenue": 1756945
        },
        "2008-04": {
            "month": "2008-04",
            "price": "29.59",
            "revenue": 500768
        },
        "2008-05": {
            "month": "2008-05",
            "price": "31.45",
            "revenue": 558686
        },
        "2008-06": {
            "month": "2008-06",
            "price": "28.09",
            "revenue": 1915702
        },
        "2008-07": {
            "month": "2008-07",
            "price": "25.12",
            "revenue": 1896862
        },
        "2008-08": {
            "month": "2008-08",
            "price": "23.11",
            "revenue": 1913147
        },
        "2008-09": {
            "month": "2008-09",
            "price": "20.22",
            "revenue": 1679043
        },
        "2008-10": {
            "month": "2008-10",
            "price": "17.92",
            "revenue": 1498663
        },
        "2008-11": {
            "month": "2008-11",
            "price": "19.43",
            "revenue": 1258841
        },
        "2008-12": {
            "month": "2008-12",
            "price": "20.46",
            "revenue": 1290708
        },
        "2009-01": {
            "month": "2009-01",
            "price": "20.04",
            "revenue": 1353909
        },
        "2009-02": {
            "month": "2009-02",
            "price": "19.91",
            "revenue": 1285539
        },
        "2009-03": {
            "month": "2009-03",
            "price": "22.08",
            "revenue": 1534138
        },
        "2009-04": {
            "month": "2009-04",
            "price": "25.69",
            "revenue": 1482853
        },
        "2009-05": {
            "month": "2009-05",
            "price": "25.55",
            "revenue": 1679009
        },
        "2009-06": {
            "month": "2009-06",
            "price": "25.94",
            "revenue": 1819830
        },
        "2009-07": {
            "month": "2009-07",
            "price": "25.97",
            "revenue": 2067142
        },
        "2009-08": {
            "month": "2009-08",
            "price": "25.91",
            "revenue": 1987966
        },
        "2009-09": {
            "month": "2009-09",
            "price": "30.71",
            "revenue": 2059948
        },
        "2009-10": {
            "month": "2009-10",
            "price": "34.17",
            "revenue": 2105293
        },
        "2009-11": {
            "month": "2009-11",
            "price": "35.15",
            "revenue": 2109577
        },
        "2009-12": {
            "month": "2009-12",
            "price": "37.30",
            "revenue": 2330666
        },
        "2010-01": {
            "month": "2010-01",
            "price": "35.87",
            "revenue": 2102977
        },
        "2010-02": {
            "month": "2010-02",
            "price": "34.32",
            "revenue": 1988750
        },
        "2010-03": {
            "month": "2010-03",
            "price": "35.19",
            "revenue": 2189532
        },
        "2010-04": {
            "month": "2010-04",
            "price": "36.51",
            "revenue": 2226509
        },
        "2010-05": {
            "month": "2010-05",
            "price": "35.65",
            "revenue": 2321176
        },
        "2010-06": {
            "month": "2010-06",
            "price": "35.71",
            "revenue": 2273310
        },
        "2010-07": {
            "month": "2010-07",
            "price": "36.08",
            "revenue": 2432782
        },
        "2010-08": {
            "month": "2010-08",
            "price": "35.08",
            "revenue": 2484612
        },
        "2010-09": {
            "month": "2010-09",
            "price": "34.94",
            "revenue": 2324976
        },
        "2010-10": {
            "month": "2010-10",
            "price": "34.71",
            "revenue": 2426094
        },
        "2010-11": {
            "month": "2010-11",
            "price": "35.00",
            "revenue": 2402352
        },
        "2010-12": {
            "month": "2010-12",
            "price": "37.63",
            "revenue": 2600779
        },
        "2011-01": {
            "month": "2011-01",
            "price": "37.08",
            "revenue": 2632672
        },
        "2011-02": {
            "month": "2011-02",
            "price": "36.22",
            "revenue": 2334003
        },
        "2011-03": {
            "month": "2011-03",
            "price": "36.51",
            "revenue": 2608959
        },
        "2011-04": {
            "month": "2011-04",
            "price": "39.20",
            "revenue": 2630624
        },
        "2011-05": {
            "month": "2011-05",
            "price": "39.71",
            "revenue": 2716458
        },
        "2011-06": {
            "month": "2011-06",
            "price": "40.44",
            "revenue": 2627916
        },
        "2011-07": {
            "month": "2011-07",
            "price": "38.99",
            "revenue": 2725013
        },
        "2011-08": {
            "month": "2011-08",
            "price": "33.60",
            "revenue": 2573505
        },
        "2011-09": {
            "month": "2011-09",
            "price": "31.54",
            "revenue": 2638019
        },
        "2011-10": {
            "month": "2011-10",
            "price": "31.30",
            "revenue": 2643329
        },
        "2011-11": {
            "month": "2011-11",
            "price": "31.84",
            "revenue": 2572802
        },
        "2011-12": {
            "month": "2011-12",
            "price": "31.32",
            "revenue": 2722893
        },
        "2012-01": {
            "month": "2012-01",
            "price": "30.72",
            "revenue": 2536170
        },
        "2012-02": {
            "month": "2012-02",
            "price": "32.87",
            "revenue": 2406414
        },
        "2012-03": {
            "month": "2012-03",
            "price": "34.73",
            "revenue": 2725379
        },
        "2012-04": {
            "month": "2012-04",
            "price": "35.24",
            "revenue": 2515609
        },
        "2012-05": {
            "month": "2012-05",
            "price": "33.85",
            "revenue": 2657860
        },
        "2012-06": {
            "month": "2012-06",
            "price": "31.85",
            "revenue": 2441294
        },
        "2012-07": {
            "month": "2012-07",
            "price": "32.19",
            "revenue": 2692629
        },
        "2012-08": {
            "month": "2012-08",
            "price": "30.14",
            "revenue": 2747463
        },
        "2012-09": {
            "month": "2012-09",
            "price": "30.76",
            "revenue": 2684800
        },
        "2012-10": {
            "month": "2012-10",
            "price": "30.23",
            "revenue": 2660110
        },
        "2012-11": {
            "month": "2012-11",
            "price": "29.51",
            "revenue": 2531130
        },
        "2012-12": {
            "month": "2012-12",
            "price": "29.75",
            "revenue": 2558259
        },
        "2013-01": {
            "month": "2013-01",
            "price": "29.75",
            "revenue": 2610522
        },
        "2013-02": {
            "month": "2013-02",
            "price": "29.73",
            "revenue": 2382752
        },
        "2013-03": {
            "month": "2013-03",
            "price": "29.99",
            "revenue": 2627789
        },
        "2013-04": {
            "month": "2013-04",
            "price": "28.96",
            "revenue": 2416944
        },
        "2013-05": {
            "month": "2013-05",
            "price": "29.00",
            "revenue": 2503481
        },
        "2013-06": {
            "month": "2013-06",
            "price": "28.04",
            "revenue": 2489859
        },
        "2013-07": {
            "month": "2013-07",
            "price": "27.00",
            "revenue": 2639112
        },
        "2013-08": {
            "month": "2013-08",
            "price": "26.35",
            "revenue": 2665939
        },
        "2013-09": {
            "month": "2013-09",
            "price": "26.10",
            "revenue": 2464091
        },
        "2013-10": {
            "month": "2013-10",
            "price": "27.98",
            "revenue": 2567627
        },
        "2013-11": {
            "month": "2013-11",
            "price": "27.91",
            "revenue": 2465962
        },
        "2013-12": {
            "month": "2013-12",
            "price": "27.95",
            "revenue": 2652127
        },
        "2014-01": {
            "month": "2014-01",
            "price": "29.23",
            "revenue": 2556968
        },
        "2014-02": {
            "month": "2014-02",
            "price": "29.06",
            "revenue": 2190339
        },
        "2014-03": {
            "month": "2014-03",
            "price": "28.31",
            "revenue": 2483839
        },
        "2014-04": {
            "month": "2014-04",
            "price": "27.46",
            "revenue": 2412685
        },
        "2014-05": {
            "month": "2014-05",
            "price": "27.55",
            "revenue": 2545467
        },
        "2014-06": {
            "month": "2014-06",
            "price": "29.96",
            "revenue": 2510397
        },
        "2014-07": {
            "month": "2014-07",
            "price": "32.33",
            "revenue": 2570235
        },
        "2014-08": {
            "month": "2014-08",
            "price": "33.83",
            "revenue": 2473506
        },
        "2014-09": {
            "month": "2014-09",
            "price": "33.99",
            "revenue": 2306261
        },
        "2014-10": {
            "month": "2014-10",
            "price": "34.55",
            "revenue": 2223110
        },
        "2014-11": {
            "month": "2014-11",
            "price": "35.46",
            "revenue": 1984734
        },
        "2014-12": {
            "month": "2014-12",
            "price": "35.97",
            "revenue": 2037225
        },
        "2015-01": {
            "month": "2015-01",
            "price": "36.10",
            "revenue": 1666167
        },
        "2015-02": {
            "month": "2015-02",
            "price": "36.76",
            "revenue": 1570042
        },
        "2015-03": {
            "month": "2015-03",
            "price": "38.83",
            "revenue": 1793848
        },
        "2015-04": {
            "month": "2015-04",
            "price": "37.78",
            "revenue": 1747342
        },
        "2015-05": {
            "month": "2015-05",
            "price": "37.91",
            "revenue": 1869634
        },
        "2015-06": {
            "month": "2015-06",
            "price": "37.53",
            "revenue": 1903036
        },
        "2015-07": {
            "month": "2015-07",
            "price": "36.65",
            "revenue": 1875074
        },
        "2015-08": {
            "month": "2015-08",
            "price": "35.31",
            "revenue": 1704193
        },
        "2015-09": {
            "month": "2015-09",
            "price": "35.73",
            "revenue": 1645909
        },
        "2015-10": {
            "month": "2015-10",
            "price": "36.06",
            "revenue": 1682417
        },
        "2015-11": {
            "month": "2015-11",
            "price": "36.25",
            "revenue": 1577923
        },
        "2015-12": {
            "month": "2015-12",
            "price": "36.01",
            "revenue": 1523980
        },
        "2016-01": {
            "month": "2016-01",
            "price": "35.80",
            "revenue": 1395375
        },
        "2016-02": {
            "month": "2016-02",
            "price": "35.91",
            "revenue": 1202406
        },
        "2016-03": {
            "month": "2016-03",
            "price": "36.04",
            "revenue": 1463580
        },
        "2016-04": {
            "month": "2016-04",
            "price": "36.48",
            "revenue": 1468666
        },
        "2016-05": {
            "month": "2016-05",
            "price": "36.53",
            "revenue": 1620334
        },
        "2016-06": {
            "month": "2016-06",
            "price": "36.63",
            "revenue": 1619104
        },
        "2016-07": {
            "month": "2016-07",
            "price": "36.90",
            "revenue": 1563309
        },
        "2016-08": {
            "month": "2016-08",
            "price": "36.33",
            "revenue": 1559891
        },
        "2016-09": {
            "month": "2016-09",
            "price": "36.57",
            "revenue": 1430732
        },
        "2016-10": {
            "month": "2016-10",
            "price": "36.62",
            "revenue": 1580101
        },
        "2016-11": {
            "month": "2016-11",
            "price": "37.01",
            "revenue": 1506577
        },
        "2016-12": {
            "month": "2016-12",
            "price": "38.94",
            "revenue": 1665404
        },
        "2017-01": {
            "month": "2017-01",
            "price": "39.35",
            "revenue": 1658432
        },
        "2017-02": {
            "month": "2017-02",
            "price": "39.50",
            "revenue": 1444364
        },
        "2017-03": {
            "month": "2017-03",
            "price": "39.43",
            "revenue": 1625572
        },
        "2017-04": {
            "month": "2017-04",
            "price": "39.89",
            "revenue": 1544634
        },
        "2017-05": {
            "month": "2017-05",
            "price": "39.41",
            "revenue": 1650196
        },
        "2017-06": {
            "month": "2017-06",
            "price": "39.27",
            "revenue": 1549135
        },
        "2017-07": {
            "month": "2017-07",
            "price": "39.93",
            "revenue": 1619573
        },
        "2017-08": {
            "month": "2017-08",
            "price": "39.13",
            "revenue": 1691965
        },
        "2017-09": {
            "month": "2017-09",
            "price": "38.80",
            "revenue": 1667610
        },
        "2017-10": {
            "month": "2017-10",
            "price": "38.96",
            "revenue": 1720713
        },
        "2017-11": {
            "month": "2017-11",
            "price": "39.37",
            "revenue": 1729753
        },
        "2017-12": {
            "month": "2017-12",
            "price": "39.51",
            "revenue": 1852660
        },
        "2018-01": {
            "month": "2018-01",
            "price": "39.61",
            "revenue": 1815144
        },
        "2018-02": {
            "month": "2018-02",
            "price": "39.57",
            "revenue": 1635812
        },
        "2018-03": {
            "month": "2018-03",
            "price": "40.37",
            "revenue": 1785016
        },
        "2018-04": {
            "month": "2018-04",
            "price": "40.87",
            "revenue": 1792612
        },
        "2018-05": {
            "month": "2018-05",
            "price": "39.98",
            "revenue": 1992221
        },
        "2018-06": {
            "month": "2018-06",
            "price": "40.12",
            "revenue": 1951914
        },
        "2018-07": {
            "month": "2018-07",
            "price": "39.34",
            "revenue": 2015670
        },
        "2018-08": {
            "month": "2018-08",
            "price": "39.04",
            "revenue": 1985001
        },
        "2018-09": {
            "month": "2018-09",
            "price": "39.79",
            "revenue": 2029398
        },
        "2018-10": {
            "month": "2018-10",
            "price": "40.07",
            "revenue": 2009866
        },
        "2018-11": {
            "month": "2018-11",
            "price": "40.17",
            "revenue": 1891652
        },
        "2018-12": {
            "month": "2018-12",
            "price": "40.56",
            "revenue": 1854382
        },
        "2019-01": {
            "month": "2019-01",
            "price": "40.52",
            "revenue": 1878190
        },
        "2019-02": {
            "month": "2019-02",
            "price": "40.65",
            "revenue": 1620769
        },
        "2019-03": {
            "month": "2019-03",
            "price": "40.75",
            "revenue": 1882480
        },
        "2019-04": {
            "month": "2019-04",
            "price": "42.57",
            "revenue": 1948965
        },
        "2019-05": {
            "month": "2019-05",
            "price": "42.81",
            "revenue": 2061793
        },
        "2019-06": {
            "month": "2019-06",
            "price": "42.91",
            "revenue": 1967865
        },
        "2019-07": {
            "month": "2019-07",
            "price": "42.81",
            "revenue": 2026699
        },
        "2019-08": {
            "month": "2019-08",
            "price": "40.75",
            "revenue": 1930669
        },
        "2019-09": {
            "month": "2019-09",
            "price": "40.90",
            "revenue": 1877526
        },
        "2019-10": {
            "month": "2019-10",
            "price": "42.11",
            "revenue": 1939357
        },
        "2019-11": {
            "month": "2019-11",
            "price": "42.77",
            "revenue": 1836090
        },
        "2019-12": {
            "month": "2019-12",
            "price": "43.42",
            "revenue": 1962042
        },
        "2020-01": {
            "month": "2020-01",
            "price": "45.55",
            "revenue": 1920741
        },
        "2020-02": {
            "month": "2020-02",
            "price": "43.81",
            "revenue": 1596465
        },
        "2020-03": {
            "month": "2020-03",
            "price": "41.65",
            "revenue": 1459635
        },
        "2020-04": {
            "month": "2020-04",
            "price": "43.01",
            "revenue": 1109988
        },
        "2020-05": {
            "month": "2020-05",
            "price": "43.99",
            "revenue": 1256609
        },
        "2020-06": {
            "month": "2020-06",
            "price": "44.68",
            "revenue": 1440578
        },
        "2020-07": {
            "month": "2020-07",
            "price": "47.14",
            "revenue": 1635903
        },
        "2020-08": {
            "month": "2020-08",
            "price": "45.49",
            "revenue": 1610641
        },
        "2020-09": {
            "month": "2020-09",
            "price": "46.26",
            "revenue": 1596320
        },
        "2020-10": {
            "month": "2020-10",
            "price": "46.39",
            "revenue": 1552056
        },
        "2020-11": {
            "month": "2020-11",
            "price": "48.55",
            "revenue": 1507281
        },
        "2020-12": {
            "month": "2020-12",
            "price": "50.53",
            "revenue": 1671346
        },
        "2021-01": {
            "month": "2021-01",
            "price": "51.26",
            "revenue": 1704966
        },
        "2021-02": {
            "month": "2021-02",
            "price": "51.86",
            "revenue": 1516714
        },
        "2021-03": {
            "month": "2021-03",
            "price": "50.50",
            "revenue": 1818619
        },
        "2021-04": {
            "month": "2021-04",
            "price": "49.58",
            "revenue": 1769828
        },
        "2021-05": {
            "month": "2021-05",
            "price": "47.93",
            "revenue": 1589277
        },
        "2021-06": {
            "month": "2021-06",
            "price": "47.66",
            "revenue": 1379863
        },
        "2021-07": {
            "month": "2021-07",
            "price": "48.24",
            "revenue": 1628658
        },
        "2021-08": {
            "month": "2021-08",
            "price": "48.86",
            "revenue": 1797458
        },
        "2021-09": {
            "month": "2021-09",
            "price": "48.69",
            "revenue": 1900490
        },
        "2021-10": {
            "month": "2021-10",
            "price": "48.11",
            "revenue": 2035489
        },
        "2021-11": {
            "month": "2021-11",
            "price": "48.57",
            "revenue": 2011249
        },
        "2021-12": {
            "month": "2021-12",
            "price": "48.93",
            "revenue": 2046571
        },
        "2022-01": {
            "month": "2022-01",
            "price": "49.19",
            "revenue": 2022990
        },
        "2022-02": {
            "month": "2022-02",
            "price": "49.18",
            "revenue": 1742282
        },
        "2022-03": {
            "month": "2022-03",
            "price": "49.07",
            "revenue": 2214857
        },
        "2022-04": {
            "month": "2022-04",
            "price": "48.78",
            "revenue": 1988118
        },
        "2022-05": {
            "month": "2022-05",
            "price": "48.58",
            "revenue": 1822671
        },
        "2022-06": {
            "month": "2022-06",
            "price": "49.05",
            "revenue": 1948186
        },
        "2022-07": {
            "month": "2022-07",
            "price": "49.82",
            "revenue": 2133059
        },
        "2022-08": {
            "month": "2022-08",
            "price": "49.03",
            "revenue": 2173347
        },
        "2022-09": {
            "month": "2022-09",
            "price": "49.45",
            "revenue": 1999536
        },
        "2022-10": {
            "month": "2022-10",
            "price": "49.65",
            "revenue": 2008346
        },
        "2022-11": {
            "month": "2022-11",
            "price": "50.80",
            "revenue": 2012349
        },
        "2022-12": {
            "month": "2022-12",
            "price": "51.65",
            "revenue": 2098810
        },
        "2023-01": {
            "month": "2023-01",
            "price": "52.48",
            "revenue": 1958299
        },
        "2023-02": {
            "month": "2023-02",
            "price": "56.31",
            "revenue": 1824132
        },
        "2023-03": {
            "month": "2023-03",
            "price": "62.47",
            "revenue": 2085074
        },
        "2023-04": {
            "month": "2023-04",
            "price": "59.81",
            "revenue": 1949720
        }
    }
}
