{
    "summary": {
        "stock_name": "百和",
        "stock_id": "9938",
        "category": "其他",
        "main_business": "生產及銷售各式黏扣帶、各式織帶(鞋帶)、鬆緊帶<br>生產及銷售射出金勾及各種面料等產品<br>銷售委託營造廠商興建之住宅",
        "website_url": "http://www.paiho.com",
        "ceo": "鄭誠禕",
        "pe_ratio": 30,
        "report_year_from": 2001,
        "report_year_to": 2023,
        "age": 23,
        "eps_negative_percentage": 0,
        "eps_growth_avg": {
            "last_all": 7.34,
            "last_2y": -20.94,
            "last_4y": -9.9,
            "last_8y": -1.07,
            "last_12y": 0.72,
            "last_16y": 7.81,
            "last_20y": 6.64,
            "at_2006_last_3y": 1.69,
            "at_2007_last_3y": 11.67,
            "at_2008_last_3y": -16.19,
            "at_2009_last_3y": 7.2,
            "at_2010_last_3y": 30.84,
            "at_2011_last_3y": 14.33,
            "at_2012_last_3y": 29.99,
            "at_2013_last_3y": 20.04,
            "at_2014_last_3y": 4.75,
            "at_2015_last_3y": 21.51,
            "at_2016_last_3y": 34.61,
            "at_2017_last_3y": 23.58,
            "at_2018_last_3y": 9.97,
            "at_2019_last_3y": 8.76,
            "at_2020_last_3y": 1.62,
            "at_2021_last_3y": 7.64,
            "at_2022_last_3y": 5.04,
            "at_2023_last_3y": -15.27,
            "at_2024_last_3y": -15.27,
            "at_2006_last_all": 5.75,
            "at_2007_last_all": 7.37,
            "at_2008_last_all": -5.79,
            "at_2009_last_all": 6.52,
            "at_2010_last_all": 16.9,
            "at_2011_last_all": 10.15,
            "at_2012_last_all": 7.22,
            "at_2013_last_all": 11.03,
            "at_2014_last_all": 13.16,
            "at_2015_last_all": 13.4,
            "at_2016_last_all": 14.52,
            "at_2017_last_all": 14.17,
            "at_2018_last_all": 12.41,
            "at_2019_last_all": 12.36,
            "at_2020_last_all": 11.81,
            "at_2021_last_all": 12.86,
            "at_2022_last_all": 11.01,
            "at_2023_last_all": 7.34,
            "at_2024_last_all": 7.34
        },
        "latest_eps": 1.88,
        "latest_price": 56.2,
        "latest_roe": 2.07,
        "latest_gross_margin": 33.29,
        "latest_equity": 14133103,
        "latest_revenue": 3576684,
        "latest_gross_profit": 1190831,
        "latest_net_income": 247272,
        "latest_debt_ratio": 57.53,
        "latest_current_ratio": 112.92,
        "latest_account_receivable_turnover_ratio": 1.63,
        "latest_inventory_turnover_ratio": 0.48,
        "latest_reinvestment_rate": 84.76,
        "latest_research_to_sale_ratio": 3.62
    },
    "eps_dividends": {
        "1999": {
            "cash": 0.5,
            "stock": 1.5,
            "eps": 0
        },
        "2000": {
            "cash": 1.3,
            "stock": 2.5,
            "eps": 0
        },
        "2001": {
            "cash": 0.5,
            "stock": 1.5,
            "eps": 1.91
        },
        "2002": {
            "cash": 0.3,
            "stock": 1.7,
            "eps": 2.33
        },
        "2003": {
            "cash": 0.48,
            "stock": 1.93,
            "eps": 1.76
        },
        "2004": {
            "cash": 0.18,
            "stock": 0.91,
            "eps": 2.23
        },
        "2005": {
            "cash": 0.36,
            "stock": 0.9,
            "eps": 2.21
        },
        "2006": {
            "cash": 0.4,
            "stock": 1.1,
            "eps": 2.33
        },
        "2007": {
            "cash": 0.8,
            "stock": 1,
            "eps": 2.69
        },
        "2008": {
            "cash": 0.8,
            "stock": 1,
            "eps": 0.41
        },
        "2009": {
            "cash": 0.5,
            "stock": 0,
            "eps": 0.79
        },
        "2010": {
            "cash": 0.5,
            "stock": 0.5,
            "eps": 4.03
        },
        "2011": {
            "cash": 3.3,
            "stock": 0.7,
            "eps": 1.99
        },
        "2012": {
            "cash": 0,
            "stock": 0,
            "eps": 1.55
        },
        "2013": {
            "cash": 1,
            "stock": 0,
            "eps": 2.37
        },
        "2014": {
            "cash": 1.5,
            "stock": 0,
            "eps": 3.29
        },
        "2015": {
            "cash": 2,
            "stock": 0,
            "eps": 3.83
        },
        "2016": {
            "cash": 2,
            "stock": 0,
            "eps": 4.99
        },
        "2017": {
            "cash": 3,
            "stock": 0,
            "eps": 5.43
        },
        "2018": {
            "cash": 3,
            "stock": 0,
            "eps": 4.58
        },
        "2019": {
            "cash": 2.6,
            "stock": 0,
            "eps": 5.11
        },
        "2020": {
            "cash": 3,
            "stock": 0,
            "eps": 5.2
        },
        "2021": {
            "cash": 3,
            "stock": 0,
            "eps": 6.91
        },
        "2022": {
            "cash": 3.5,
            "stock": 0,
            "eps": 5.11
        },
        "2023": {
            "cash": 2.5,
            "stock": 0,
            "eps": 1.55
        }
    },
    "dividends": {
        "1999-05-31": {
            "cash": 0.5,
            "stock": 1.5
        },
        "2000-05-31": {
            "cash": 1.3,
            "stock": 2.5
        },
        "2001-05-02": {
            "cash": 0.5,
            "stock": 1.5
        },
        "2002-06-27": {
            "cash": 0.3,
            "stock": 1.7
        },
        "2003-03-25": {
            "cash": 0.48,
            "stock": 1.93
        },
        "2004-03-24": {
            "cash": 0.18,
            "stock": 0.91
        },
        "2005-03-25": {
            "cash": 0.36,
            "stock": 0.9
        },
        "2006-03-24": {
            "cash": 0.4,
            "stock": 1.1
        },
        "2007-03-30": {
            "cash": 0.8,
            "stock": 1
        },
        "2008-03-24": {
            "cash": 0.8,
            "stock": 1
        },
        "2009-03-23": {
            "cash": 0.5,
            "stock": 0
        },
        "2010-03-23": {
            "cash": 0.5,
            "stock": 0.5
        },
        "2011-01-01": {
            "cash": 0.3,
            "stock": 0.7
        },
        "2011-03-04": {
            "cash": 3,
            "stock": 0
        },
        "2013-03-15": {
            "cash": 1,
            "stock": 0
        },
        "2014-09-17": {
            "cash": 1.5,
            "stock": 0
        },
        "2015-08-18": {
            "cash": 2,
            "stock": 0
        },
        "2016-08-31": {
            "cash": 2,
            "stock": 0
        },
        "2017-08-25": {
            "cash": 3,
            "stock": 0
        },
        "2018-08-31": {
            "cash": 3,
            "stock": 0
        },
        "2019-08-30": {
            "cash": 2.6,
            "stock": 0
        },
        "2020-08-28": {
            "cash": 3,
            "stock": 0
        },
        "2021-08-30": {
            "cash": 3,
            "stock": 0
        },
        "2022-08-30": {
            "cash": 3.5,
            "stock": 0
        },
        "2023-08-30": {
            "cash": 2.5,
            "stock": 0
        }
    },
    "prices": {
        "200101": "24.45",
        "200102": "38.45",
        "200103": "42.54",
        "200104": "36.92",
        "200105": "30.73",
        "200106": "29.22",
        "200107": "25.88",
        "200108": "23.71",
        "200109": "20.07",
        "200110": "17.10",
        "200111": "17.86",
        "200112": "21.71",
        "200201": "24.88",
        "200202": "25.62",
        "200203": "26.71",
        "200204": "35.18",
        "200205": "35.73",
        "200206": "38.67",
        "200207": "39.92",
        "200208": "38.86",
        "200209": "38.26",
        "200210": "33.83",
        "200211": "37.10",
        "200212": "37.77",
        "200301": "40.06",
        "200302": "36.58",
        "200303": "33.73",
        "200304": "34.39",
        "200305": "30.96",
        "200306": "32.56",
        "200307": "33.52",
        "200308": "31.03",
        "200309": "27.47",
        "200310": "28.04",
        "200311": "27.10",
        "200312": "25.65",
        "200401": "24.93",
        "200402": "26.16",
        "200403": "25.77",
        "200404": "26.37",
        "200405": "25.75",
        "200406": "24.48",
        "200407": "20.73",
        "200408": "19.95",
        "200409": "19.46",
        "200410": "18.98",
        "200411": "17.94",
        "200412": "20.57",
        "200501": "20.56",
        "200502": "20.61",
        "200503": "21.15",
        "200504": "20.60",
        "200505": "21.87",
        "200506": "22.70",
        "200507": "21.56",
        "200508": "19.69",
        "200509": "20.24",
        "200510": "19.39",
        "200511": "18.92",
        "200512": "19.96",
        "200601": "20.81",
        "200602": "21.75",
        "200603": "20.75",
        "200604": "20.56",
        "200605": "23.42",
        "200606": "24.09",
        "200607": "23.75",
        "200608": "21.60",
        "200609": "19.39",
        "200610": "22.46",
        "200611": "23.19",
        "200612": "25.24",
        "200701": "30.39",
        "200702": "30.21",
        "200703": "28.86",
        "200704": "30.80",
        "200705": "30.04",
        "200706": "33.47",
        "200707": "46.05",
        "200708": "46.19",
        "200709": "49.86",
        "200710": "46.82",
        "200711": "36.31",
        "200712": "32.18",
        "200801": "31.93",
        "200802": "31.60",
        "200803": "33.76",
        "200804": "33.89",
        "200805": "31.38",
        "200806": "24.95",
        "200807": "22.50",
        "200808": "19.74",
        "200809": "14.18",
        "200810": "12.35",
        "200811": "10.53",
        "200812": "9.94",
        "200901": "8.95",
        "200902": "8.49",
        "200903": "9.76",
        "200904": "12.57",
        "200905": "14.06",
        "200906": "16.93",
        "200907": "17.05",
        "200908": "17.00",
        "200909": "17.02",
        "200910": "17.81",
        "200911": "20.58",
        "200912": "23.05",
        "201001": "26.46",
        "201002": "24.60",
        "201003": "26.03",
        "201004": "27.74",
        "201005": "26.81",
        "201006": "26.50",
        "201007": "26.69",
        "201008": "28.19",
        "201009": "30.34",
        "201010": "33.25",
        "201011": "32.33",
        "201012": "31.57",
        "201101": "31.70",
        "201102": "30.12",
        "201103": "32.83",
        "201104": "35.68",
        "201105": "33.74",
        "201106": "32.20",
        "201107": "31.15",
        "201108": "27.49",
        "201109": "23.32",
        "201110": "21.76",
        "201111": "21.28",
        "201112": "21.47",
        "201201": "24.02",
        "201202": "23.94",
        "201203": "24.07",
        "201204": "21.38",
        "201205": "21.32",
        "201206": "19.79",
        "201207": "19.78",
        "201208": "19.83",
        "201209": "19.28",
        "201210": "18.06",
        "201211": "16.12",
        "201212": "17.81",
        "201301": "17.45",
        "201302": "17.69",
        "201303": "18.54",
        "201304": "20.30",
        "201305": "21.40",
        "201306": "23.19",
        "201307": "28.42",
        "201308": "31.85",
        "201309": "34.10",
        "201310": "41.25",
        "201311": "39.55",
        "201312": "37.08",
        "201401": "33.29",
        "201402": "32.62",
        "201403": "36.43",
        "201404": "39.44",
        "201405": "41.11",
        "201406": "42.07",
        "201407": "40.55",
        "201408": "38.80",
        "201409": "38.27",
        "201410": "40.30",
        "201411": "42.38",
        "201412": "40.89",
        "201501": "46.57",
        "201502": "57.45",
        "201503": "66.25",
        "201504": "77.66",
        "201505": "83.40",
        "201506": "90.71",
        "201507": "70.65",
        "201508": "72.17",
        "201509": "83.74",
        "201510": "81.00",
        "201511": "75.58",
        "201512": "72.99",
        "201601": "74.54",
        "201602": "79.65",
        "201603": "90.55",
        "201604": "95.69",
        "201605": "91.43",
        "201606": "87.15",
        "201607": "92.53",
        "201608": "92.49",
        "201609": "102.71",
        "201610": "112.40",
        "201611": "97.85",
        "201612": "95.52",
        "201701": "95.22",
        "201702": "93.31",
        "201703": "103.39",
        "201704": "103.68",
        "201705": "101.62",
        "201706": "104.72",
        "201707": "121.52",
        "201708": "125.57",
        "201709": "131.11",
        "201710": "128.53",
        "201711": "117.95",
        "201712": "119.86",
        "201801": "113.56",
        "201802": "96.35",
        "201803": "86.00",
        "201804": "73.78",
        "201805": "73.26",
        "201806": "70.08",
        "201807": "62.32",
        "201808": "63.59",
        "201809": "66.35",
        "201810": "49.72",
        "201811": "50.68",
        "201812": "50.14",
        "201901": "61.70",
        "201902": "67.21",
        "201903": "69.30",
        "201904": "76.24",
        "201905": "75.83",
        "201906": "84.87",
        "201907": "91.70",
        "201908": "87.50",
        "201909": "80.62",
        "201910": "80.74",
        "201911": "79.19",
        "201912": "79.85",
        "202001": "85.47",
        "202002": "77.31",
        "202003": "58.23",
        "202004": "61.44",
        "202005": "65.54",
        "202006": "67.21",
        "202007": "65.31",
        "202008": "72.52",
        "202009": "70.05",
        "202010": "70.84",
        "202011": "73.86",
        "202012": "73.10",
        "202101": "77.31",
        "202102": "83.52",
        "202103": "81.02",
        "202104": "91.54",
        "202105": "92.59",
        "202106": "99.23",
        "202107": "96.68",
        "202108": "85.00",
        "202109": "85.04",
        "202110": "79.60",
        "202111": "82.75",
        "202112": "80.70",
        "202201": "82.61",
        "202202": "80.36",
        "202203": "72.07",
        "202204": "70.81",
        "202205": "65.85",
        "202206": "68.44",
        "202207": "62.21",
        "202208": "60.99",
        "202209": "63.12",
        "202210": "52.95",
        "202211": "52.62",
        "202212": "55.73",
        "202301": "57.92",
        "202302": "60.97",
        "202303": "59.90",
        "202304": "57.48",
        "202305": "55.57",
        "202306": "54.62",
        "202307": "55.66",
        "202308": "49.85",
        "202309": "53.22",
        "202310": "57.26",
        "202311": "59.80",
        "202312": "60.73"
    },
    "quarters": {
        "20011": {
            "year_quarter": 20011,
            "year": 2001,
            "quarter": 1,
            "eps": 0.55,
            "eps_growth_year": -40.86,
            "eps_4q": 2.82,
            "eps_4q_growth_year": null,
            "roe": 3.55,
            "roe_4q": 3.55,
            "gross_profit": 76692,
            "gross_margin": 24.21,
            "gross_margin_4q_avg": 24.21,
            "net_income": 43198,
            "net_income_4q": null,
            "revenue": 316837,
            "revenue_4q": null,
            "common_shares": 780391,
            "book_valuer_per_share": 15.85,
            "book_valuer_per_share_4q_avg": 15.85,
            "equity": 1236894,
            "current_ratio": 128.65,
            "debt_ratio": 31.45,
            "inventory_turnover_ratio": 0.81,
            "account_receivable_turnover_ratio": null,
            "reinvestment_rate": null,
            "research_to_sale_ratio": null,
            "price_fair": 0,
            "eps_avg_yearly": 0,
            "eps_latest_yearly": 0,
            "eps_growth_yearly": 0
        },
        "20012": {
            "year_quarter": 20012,
            "year": 2001,
            "quarter": 2,
            "eps": 0.55,
            "eps_growth_year": -56.69,
            "eps_4q": 2.14,
            "eps_4q_growth_year": null,
            "roe": 3.97,
            "roe_4q": 7.52,
            "gross_profit": 89121,
            "gross_margin": 24.3,
            "gross_margin_4q_avg": 24.26,
            "net_income": 49356,
            "net_income_4q": null,
            "revenue": 366797,
            "revenue_4q": null,
            "common_shares": 902450,
            "book_valuer_per_share": 13.85,
            "book_valuer_per_share_4q_avg": 14.85,
            "equity": 1249590,
            "current_ratio": 116.14,
            "debt_ratio": 34.88,
            "inventory_turnover_ratio": 1.28,
            "account_receivable_turnover_ratio": null,
            "reinvestment_rate": null,
            "research_to_sale_ratio": null,
            "price_fair": 0,
            "eps_avg_yearly": 0,
            "eps_latest_yearly": 0,
            "eps_growth_yearly": 0
        },
        "20013": {
            "year_quarter": 20013,
            "year": 2001,
            "quarter": 3,
            "eps": 0.24,
            "eps_growth_year": -63.64,
            "eps_4q": 1.82,
            "eps_4q_growth_year": null,
            "roe": 1.7,
            "roe_4q": 9.219999999999999,
            "gross_profit": 68387,
            "gross_margin": 22.77,
            "gross_margin_4q_avg": 23.76,
            "net_income": 21368,
            "net_income_4q": null,
            "revenue": 300284,
            "revenue_4q": null,
            "common_shares": 902450,
            "book_valuer_per_share": 14.08,
            "book_valuer_per_share_4q_avg": 14.59,
            "equity": 1270516,
            "current_ratio": 115.95,
            "debt_ratio": 32.39,
            "inventory_turnover_ratio": 1.13,
            "account_receivable_turnover_ratio": null,
            "reinvestment_rate": null,
            "research_to_sale_ratio": null,
            "price_fair": 0,
            "eps_avg_yearly": 0,
            "eps_latest_yearly": 0,
            "eps_growth_yearly": 0
        },
        "20014": {
            "year_quarter": 20014,
            "year": 2001,
            "quarter": 4,
            "eps": 0.57,
            "eps_growth_year": -8.06,
            "eps_4q": 1.83,
            "eps_4q_growth_year": -39.89,
            "roe": 3.98,
            "roe_4q": 13.2,
            "gross_profit": 103905,
            "gross_margin": 27.39,
            "gross_margin_4q_avg": 24.67,
            "net_income": 51614,
            "net_income_4q": null,
            "revenue": 379393,
            "revenue_4q": null,
            "common_shares": 902450,
            "book_valuer_per_share": 14.67,
            "book_valuer_per_share_4q_avg": 14.61,
            "equity": 1323683,
            "current_ratio": 155.61,
            "debt_ratio": 35.63,
            "inventory_turnover_ratio": 1,
            "account_receivable_turnover_ratio": null,
            "reinvestment_rate": null,
            "research_to_sale_ratio": null,
            "price_fair": 0,
            "eps_avg_yearly": 0,
            "eps_latest_yearly": 0,
            "eps_growth_yearly": 0
        },
        "20021": {
            "year_quarter": 20021,
            "year": 2002,
            "quarter": 1,
            "eps": 0.55,
            "eps_growth_year": 0,
            "eps_4q": 1.92,
            "eps_4q_growth_year": -32.07,
            "roe": 3.65,
            "roe_4q": 13.3,
            "gross_profit": 104480,
            "gross_margin": 30.04,
            "gross_margin_4q_avg": 26.13,
            "net_income": 49184,
            "net_income_4q": null,
            "revenue": 347749,
            "revenue_4q": null,
            "common_shares": 902450,
            "book_valuer_per_share": 15.21,
            "book_valuer_per_share_4q_avg": 14.45,
            "equity": 1373035,
            "current_ratio": 127.49,
            "debt_ratio": 31.51,
            "inventory_turnover_ratio": 0.86,
            "account_receivable_turnover_ratio": null,
            "reinvestment_rate": null,
            "research_to_sale_ratio": null,
            "price_fair": 6.6,
            "eps_avg_yearly": 2.2,
            "eps_latest_yearly": 2.2,
            "eps_growth_yearly": -14.04
        },
        "20022": {
            "year_quarter": 20022,
            "year": 2002,
            "quarter": 2,
            "eps": 0.61,
            "eps_growth_year": 10.91,
            "eps_4q": 1.76,
            "eps_4q_growth_year": -17.91,
            "roe": 4.67,
            "roe_4q": 14,
            "gross_profit": 133734,
            "gross_margin": 27.7,
            "gross_margin_4q_avg": 26.98,
            "net_income": 64878,
            "net_income_4q": null,
            "revenue": 482787,
            "revenue_4q": null,
            "common_shares": 902450,
            "book_valuer_per_share": 15.56,
            "book_valuer_per_share_4q_avg": 14.88,
            "equity": 1404192,
            "current_ratio": 124.1,
            "debt_ratio": 34.44,
            "inventory_turnover_ratio": 1.58,
            "account_receivable_turnover_ratio": null,
            "reinvestment_rate": null,
            "research_to_sale_ratio": null,
            "price_fair": 57.54,
            "eps_avg_yearly": 2.32,
            "eps_latest_yearly": 2.44,
            "eps_growth_yearly": 14.8
        },
        "20023": {
            "year_quarter": 20023,
            "year": 2002,
            "quarter": 3,
            "eps": 0.39,
            "eps_growth_year": 62.5,
            "eps_4q": 1.93,
            "eps_4q_growth_year": 6.19,
            "roe": 2.93,
            "roe_4q": 15.23,
            "gross_profit": 110997,
            "gross_margin": 24.13,
            "gross_margin_4q_avg": 27.32,
            "net_income": 41869,
            "net_income_4q": null,
            "revenue": 460003,
            "revenue_4q": null,
            "common_shares": 1062866,
            "book_valuer_per_share": 13.68,
            "book_valuer_per_share_4q_avg": 14.78,
            "equity": 1453668,
            "current_ratio": 121.62,
            "debt_ratio": 35.45,
            "inventory_turnover_ratio": 1.58,
            "account_receivable_turnover_ratio": null,
            "reinvestment_rate": null,
            "research_to_sale_ratio": null,
            "price_fair": 6.2,
            "eps_avg_yearly": 2.07,
            "eps_latest_yearly": 1.56,
            "eps_growth_yearly": -38.22
        },
        "20024": {
            "year_quarter": 20024,
            "year": 2002,
            "quarter": 4,
            "eps": 0.78,
            "eps_growth_year": 36.84,
            "eps_4q": 2.26,
            "eps_4q_growth_year": 23.42,
            "roe": 5.51,
            "roe_4q": 16.759999999999998,
            "gross_profit": 134738,
            "gross_margin": 27.95,
            "gross_margin_4q_avg": 27.46,
            "net_income": 82388,
            "net_income_4q": null,
            "revenue": 482068,
            "revenue_4q": null,
            "common_shares": 1062866,
            "book_valuer_per_share": 14.44,
            "book_valuer_per_share_4q_avg": 14.72,
            "equity": 1534490,
            "current_ratio": 133.65,
            "debt_ratio": 44.32,
            "inventory_turnover_ratio": 0.9,
            "account_receivable_turnover_ratio": null,
            "reinvestment_rate": null,
            "research_to_sale_ratio": null,
            "price_fair": 81.55,
            "eps_avg_yearly": 2.33,
            "eps_latest_yearly": 3.12,
            "eps_growth_yearly": 71.33
        },
        "20031": {
            "year_quarter": 20031,
            "year": 2003,
            "quarter": 1,
            "eps": 0.28,
            "eps_growth_year": -49.09,
            "eps_4q": 2.04,
            "eps_4q_growth_year": 6.57,
            "roe": 1.94,
            "roe_4q": 15.049999999999999,
            "gross_profit": 103277,
            "gross_margin": 25.76,
            "gross_margin_4q_avg": 26.39,
            "net_income": 30019,
            "net_income_4q": null,
            "revenue": 400892,
            "revenue_4q": null,
            "common_shares": 1062866,
            "book_valuer_per_share": 14.72,
            "book_valuer_per_share_4q_avg": 14.6,
            "equity": 1564703,
            "current_ratio": 149.11,
            "debt_ratio": 45.91,
            "inventory_turnover_ratio": 0.75,
            "account_receivable_turnover_ratio": null,
            "reinvestment_rate": null,
            "research_to_sale_ratio": null,
            "price_fair": 32.96,
            "eps_avg_yearly": 2.09,
            "eps_latest_yearly": 1.12,
            "eps_growth_yearly": 5.79
        },
        "20032": {
            "year_quarter": 20032,
            "year": 2003,
            "quarter": 2,
            "eps": 0.74,
            "eps_growth_year": 21.31,
            "eps_4q": 2.18,
            "eps_4q_growth_year": 24.13,
            "roe": 4.84,
            "roe_4q": 15.219999999999999,
            "gross_profit": 110429,
            "gross_margin": 24.54,
            "gross_margin_4q_avg": 25.6,
            "net_income": 79112,
            "net_income_4q": null,
            "revenue": 450030,
            "revenue_4q": null,
            "common_shares": 1094010,
            "book_valuer_per_share": 15.56,
            "book_valuer_per_share_4q_avg": 14.6,
            "equity": 1702627,
            "current_ratio": 138.05,
            "debt_ratio": 43.62,
            "inventory_turnover_ratio": 1.45,
            "account_receivable_turnover_ratio": null,
            "reinvestment_rate": null,
            "research_to_sale_ratio": null,
            "price_fair": 78.17,
            "eps_avg_yearly": 2.23,
            "eps_latest_yearly": 2.96,
            "eps_growth_yearly": 114.35
        },
        "20033": {
            "year_quarter": 20033,
            "year": 2003,
            "quarter": 3,
            "eps": 0.19,
            "eps_growth_year": -51.28,
            "eps_4q": 1.63,
            "eps_4q_growth_year": -15.83,
            "roe": 1.47,
            "roe_4q": 13.76,
            "gross_profit": 66079,
            "gross_margin": 19.55,
            "gross_margin_4q_avg": 24.45,
            "net_income": 25319,
            "net_income_4q": null,
            "revenue": 338020,
            "revenue_4q": null,
            "common_shares": 1323580,
            "book_valuer_per_share": 13.16,
            "book_valuer_per_share_4q_avg": 14.47,
            "equity": 1742025,
            "current_ratio": 134.98,
            "debt_ratio": 42.1,
            "inventory_turnover_ratio": 1.16,
            "account_receivable_turnover_ratio": null,
            "reinvestment_rate": null,
            "research_to_sale_ratio": null,
            "price_fair": 70.8,
            "eps_avg_yearly": 2.02,
            "eps_latest_yearly": 0.76,
            "eps_growth_yearly": 55.54
        },
        "20034": {
            "year_quarter": 20034,
            "year": 2003,
            "quarter": 4,
            "eps": 0.55,
            "eps_growth_year": -29.49,
            "eps_4q": 1.58,
            "eps_4q_growth_year": -29.86,
            "roe": 4.02,
            "roe_4q": 12.269999999999998,
            "gross_profit": 86063,
            "gross_margin": 19.14,
            "gross_margin_4q_avg": 22.25,
            "net_income": 71612,
            "net_income_4q": null,
            "revenue": 449722,
            "revenue_4q": null,
            "common_shares": 1323580,
            "book_valuer_per_share": 13.73,
            "book_valuer_per_share_4q_avg": 14.29,
            "equity": 1817056,
            "current_ratio": 108.25,
            "debt_ratio": 61.3,
            "inventory_turnover_ratio": 0.87,
            "account_receivable_turnover_ratio": null,
            "reinvestment_rate": 134.6,
            "research_to_sale_ratio": null,
            "price_fair": 71.58,
            "eps_avg_yearly": 2.05,
            "eps_latest_yearly": 2.2,
            "eps_growth_yearly": 143.33
        },
        "20041": {
            "year_quarter": 20041,
            "year": 2004,
            "quarter": 1,
            "eps": 0.35,
            "eps_growth_year": 25,
            "eps_4q": 1.67,
            "eps_4q_growth_year": -18.52,
            "roe": 2.56,
            "roe_4q": 12.89,
            "gross_profit": 71376,
            "gross_margin": 19.05,
            "gross_margin_4q_avg": 20.57,
            "net_income": 46839,
            "net_income_4q": null,
            "revenue": 374705,
            "revenue_4q": null,
            "common_shares": 1323580,
            "book_valuer_per_share": 13.96,
            "book_valuer_per_share_4q_avg": 14.1,
            "equity": 1847203,
            "current_ratio": 96.72,
            "debt_ratio": 52.15,
            "inventory_turnover_ratio": 0.72,
            "account_receivable_turnover_ratio": null,
            "reinvestment_rate": 40.65,
            "research_to_sale_ratio": null,
            "price_fair": 69.07,
            "eps_avg_yearly": 1.97,
            "eps_latest_yearly": 1.4,
            "eps_growth_yearly": 111.25
        },
        "20042": {
            "year_quarter": 20042,
            "year": 2004,
            "quarter": 2,
            "eps": 0.69,
            "eps_growth_year": -6.76,
            "eps_4q": 1.76,
            "eps_4q_growth_year": -19.23,
            "roe": 4.5,
            "roe_4q": 12.55,
            "gross_profit": 114162,
            "gross_margin": 24.36,
            "gross_margin_4q_avg": 20.53,
            "net_income": 92435,
            "net_income_4q": null,
            "revenue": 468721,
            "revenue_4q": null,
            "common_shares": 1462252,
            "book_valuer_per_share": 15.46,
            "book_valuer_per_share_4q_avg": 14.08,
            "equity": 2260155,
            "current_ratio": 85.34,
            "debt_ratio": 45.7,
            "inventory_turnover_ratio": 1.53,
            "account_receivable_turnover_ratio": null,
            "reinvestment_rate": 52.64,
            "research_to_sale_ratio": null,
            "price_fair": 71.82,
            "eps_avg_yearly": 2.05,
            "eps_latest_yearly": 2.76,
            "eps_growth_yearly": 138.98
        },
        "20043": {
            "year_quarter": 20043,
            "year": 2004,
            "quarter": 3,
            "eps": 0.45,
            "eps_growth_year": 136.84,
            "eps_4q": 1.86,
            "eps_4q_growth_year": 14.18,
            "roe": 2.93,
            "roe_4q": 14.01,
            "gross_profit": 84754,
            "gross_margin": 21.66,
            "gross_margin_4q_avg": 21.05,
            "net_income": 67403,
            "net_income_4q": null,
            "revenue": 391280,
            "revenue_4q": null,
            "common_shares": 1602410,
            "book_valuer_per_share": 14.57,
            "book_valuer_per_share_4q_avg": 14.43,
            "equity": 2334407,
            "current_ratio": 74.69,
            "debt_ratio": 44,
            "inventory_turnover_ratio": 1.31,
            "account_receivable_turnover_ratio": null,
            "reinvestment_rate": 61.45,
            "research_to_sale_ratio": null,
            "price_fair": 71.02,
            "eps_avg_yearly": 2.03,
            "eps_latest_yearly": 1.8,
            "eps_growth_yearly": 113.7
        },
        "20044": {
            "year_quarter": 20044,
            "year": 2004,
            "quarter": 4,
            "eps": 0.74,
            "eps_growth_year": 34.55,
            "eps_4q": 2.1,
            "eps_4q_growth_year": 32.78,
            "roe": 4.75,
            "roe_4q": 14.74,
            "gross_profit": 114265,
            "gross_margin": 21.4,
            "gross_margin_4q_avg": 21.62,
            "net_income": 112344,
            "net_income_4q": null,
            "revenue": 533826,
            "revenue_4q": null,
            "common_shares": 1602410,
            "book_valuer_per_share": 14.79,
            "book_valuer_per_share_4q_avg": 14.7,
            "equity": 2396909,
            "current_ratio": 121.66,
            "debt_ratio": 53.59,
            "inventory_turnover_ratio": 0.86,
            "account_receivable_turnover_ratio": null,
            "reinvestment_rate": 159.15,
            "research_to_sale_ratio": null,
            "price_fair": 73.73,
            "eps_avg_yearly": 2.11,
            "eps_latest_yearly": 2.96,
            "eps_growth_yearly": 125.7
        },
        "20051": {
            "year_quarter": 20051,
            "year": 2005,
            "quarter": 1,
            "eps": 0.37,
            "eps_growth_year": 5.71,
            "eps_4q": 2.07,
            "eps_4q_growth_year": 24.53,
            "roe": 2.45,
            "roe_4q": 14.63,
            "gross_profit": 83633,
            "gross_margin": 24.98,
            "gross_margin_4q_avg": 23.1,
            "net_income": 59100,
            "net_income_4q": null,
            "revenue": 334773,
            "revenue_4q": null,
            "common_shares": 1602410,
            "book_valuer_per_share": 15.13,
            "book_valuer_per_share_4q_avg": 14.99,
            "equity": 2423977,
            "current_ratio": 72.18,
            "debt_ratio": 42.83,
            "inventory_turnover_ratio": 0.51,
            "account_receivable_turnover_ratio": null,
            "reinvestment_rate": 59.02,
            "research_to_sale_ratio": null,
            "price_fair": 72.05,
            "eps_avg_yearly": 2.06,
            "eps_latest_yearly": 1.48,
            "eps_growth_yearly": 100.65
        },
        "20052": {
            "year_quarter": 20052,
            "year": 2005,
            "quarter": 2,
            "eps": 0.63,
            "eps_growth_year": -8.7,
            "eps_4q": 2.06,
            "eps_4q_growth_year": 16.96,
            "roe": 4.03,
            "roe_4q": 14.16,
            "gross_profit": 104721,
            "gross_margin": 21.16,
            "gross_margin_4q_avg": 22.3,
            "net_income": 105066,
            "net_income_4q": null,
            "revenue": 494899,
            "revenue_4q": null,
            "common_shares": 1771098,
            "book_valuer_per_share": 15.73,
            "book_valuer_per_share_4q_avg": 15.06,
            "equity": 2785096,
            "current_ratio": 124.21,
            "debt_ratio": 36.44,
            "inventory_turnover_ratio": 1.55,
            "account_receivable_turnover_ratio": null,
            "reinvestment_rate": 57.76,
            "research_to_sale_ratio": null,
            "price_fair": 73.2,
            "eps_avg_yearly": 2.09,
            "eps_latest_yearly": 2.52,
            "eps_growth_yearly": 113.54
        },
        "20053": {
            "year_quarter": 20053,
            "year": 2005,
            "quarter": 3,
            "eps": 0.49,
            "eps_growth_year": 8.89,
            "eps_4q": 1.98,
            "eps_4q_growth_year": 6.62,
            "roe": 3.17,
            "roe_4q": 14.4,
            "gross_profit": 89055,
            "gross_margin": 20.02,
            "gross_margin_4q_avg": 21.89,
            "net_income": 90879,
            "net_income_4q": null,
            "revenue": 444783,
            "revenue_4q": null,
            "common_shares": 1940339,
            "book_valuer_per_share": 15.23,
            "book_valuer_per_share_4q_avg": 15.22,
            "equity": 2955531,
            "current_ratio": 118.68,
            "debt_ratio": 34.78,
            "inventory_turnover_ratio": 1.38,
            "account_receivable_turnover_ratio": null,
            "reinvestment_rate": 57.46,
            "research_to_sale_ratio": null,
            "price_fair": 72.89,
            "eps_avg_yearly": 2.08,
            "eps_latest_yearly": 1.96,
            "eps_growth_yearly": 100.04
        },
        "20054": {
            "year_quarter": 20054,
            "year": 2005,
            "quarter": 4,
            "eps": 0.72,
            "eps_growth_year": -2.7,
            "eps_4q": 2.06,
            "eps_4q_growth_year": -1.8,
            "roe": 4.51,
            "roe_4q": 14.16,
            "gross_profit": 115089,
            "gross_margin": 20.97,
            "gross_margin_4q_avg": 21.78,
            "net_income": 136668,
            "net_income_4q": null,
            "revenue": 548865,
            "revenue_4q": null,
            "common_shares": 1940339,
            "book_valuer_per_share": 15.86,
            "book_valuer_per_share_4q_avg": 15.49,
            "equity": 3102837,
            "current_ratio": 134.15,
            "debt_ratio": 48.18,
            "inventory_turnover_ratio": 0.7,
            "account_receivable_turnover_ratio": null,
            "reinvestment_rate": 157.97,
            "research_to_sale_ratio": null,
            "price_fair": 74.64,
            "eps_avg_yearly": 2.13,
            "eps_latest_yearly": 2.88,
            "eps_growth_yearly": 105.52
        },
        "20061": {
            "year_quarter": 20061,
            "year": 2006,
            "quarter": 1,
            "eps": 0.52,
            "eps_growth_year": 40.54,
            "eps_4q": 2.24,
            "eps_4q_growth_year": 8.01,
            "roe": 3.21,
            "roe_4q": 14.920000000000002,
            "gross_profit": 86373,
            "gross_margin": 23.25,
            "gross_margin_4q_avg": 21.35,
            "net_income": 100551,
            "net_income_4q": null,
            "revenue": 371439,
            "revenue_4q": null,
            "common_shares": 1940339,
            "book_valuer_per_share": 16.31,
            "book_valuer_per_share_4q_avg": 15.78,
            "equity": 3164823,
            "current_ratio": 91.08,
            "debt_ratio": 36.47,
            "inventory_turnover_ratio": 0.45,
            "account_receivable_turnover_ratio": null,
            "reinvestment_rate": 55.53,
            "research_to_sale_ratio": null,
            "price_fair": 74.38,
            "eps_avg_yearly": 2.13,
            "eps_latest_yearly": 2.08,
            "eps_growth_yearly": 99.46
        },
        "20062": {
            "year_quarter": 20062,
            "year": 2006,
            "quarter": 2,
            "eps": 0.37,
            "eps_growth_year": -41.27,
            "eps_4q": 2.06,
            "eps_4q_growth_year": 0.06,
            "roe": 2.27,
            "roe_4q": 13.16,
            "gross_profit": 94639,
            "gross_margin": 20.37,
            "gross_margin_4q_avg": 21.15,
            "net_income": 71685,
            "net_income_4q": null,
            "revenue": 464506,
            "revenue_4q": null,
            "common_shares": 1941338,
            "book_valuer_per_share": 16.25,
            "book_valuer_per_share_4q_avg": 15.91,
            "equity": 3154765,
            "current_ratio": 100.14,
            "debt_ratio": 39.64,
            "inventory_turnover_ratio": 1.27,
            "account_receivable_turnover_ratio": null,
            "reinvestment_rate": 56.25,
            "research_to_sale_ratio": null,
            "price_fair": 72.28,
            "eps_avg_yearly": 2.07,
            "eps_latest_yearly": 1.48,
            "eps_growth_yearly": 89.52
        },
        "20063": {
            "year_quarter": 20063,
            "year": 2006,
            "quarter": 3,
            "eps": 0.47,
            "eps_growth_year": -4.08,
            "eps_4q": 1.91,
            "eps_4q_growth_year": -3.8,
            "roe": 3.13,
            "roe_4q": 13.12,
            "gross_profit": 95049,
            "gross_margin": 23.2,
            "gross_margin_4q_avg": 21.95,
            "net_income": 101132,
            "net_income_4q": null,
            "revenue": 409643,
            "revenue_4q": null,
            "common_shares": 2163776,
            "book_valuer_per_share": 15.29,
            "book_valuer_per_share_4q_avg": 15.93,
            "equity": 3309162,
            "current_ratio": 110.68,
            "debt_ratio": 39.94,
            "inventory_turnover_ratio": 1.01,
            "account_receivable_turnover_ratio": null,
            "reinvestment_rate": 57.62,
            "research_to_sale_ratio": null,
            "price_fair": 72.98,
            "eps_avg_yearly": 2.09,
            "eps_latest_yearly": 1.88,
            "eps_growth_yearly": 105.29
        },
        "20064": {
            "year_quarter": 20064,
            "year": 2006,
            "quarter": 4,
            "eps": 0.97,
            "eps_growth_year": 34.72,
            "eps_4q": 2.22,
            "eps_4q_growth_year": 7.53,
            "roe": 5.91,
            "roe_4q": 14.52,
            "gross_profit": 88920,
            "gross_margin": 18.81,
            "gross_margin_4q_avg": 21.41,
            "net_income": 212289,
            "net_income_4q": null,
            "revenue": 472692,
            "revenue_4q": null,
            "common_shares": 2292132,
            "book_valuer_per_share": 16.45,
            "book_valuer_per_share_4q_avg": 16.08,
            "equity": 3876741,
            "current_ratio": 202.44,
            "debt_ratio": 44.83,
            "inventory_turnover_ratio": 0.47,
            "account_receivable_turnover_ratio": null,
            "reinvestment_rate": 144.29,
            "research_to_sale_ratio": null,
            "price_fair": 74.64,
            "eps_avg_yearly": 2.13,
            "eps_latest_yearly": 3.88,
            "eps_growth_yearly": 106.89
        },
        "20071": {
            "year_quarter": 20071,
            "year": 2007,
            "quarter": 1,
            "eps": 0.34,
            "eps_growth_year": -34.62,
            "eps_4q": 1.98,
            "eps_4q_growth_year": -11.56,
            "roe": 2.02,
            "roe_4q": 13.329999999999998,
            "gross_profit": 118391,
            "gross_margin": 25.48,
            "gross_margin_4q_avg": 21.97,
            "net_income": 79785,
            "net_income_4q": null,
            "revenue": 464576,
            "revenue_4q": null,
            "common_shares": 2327786,
            "book_valuer_per_share": 17.22,
            "book_valuer_per_share_4q_avg": 16.3,
            "equity": 4008211,
            "current_ratio": 166.49,
            "debt_ratio": 35.1,
            "inventory_turnover_ratio": 0.41,
            "account_receivable_turnover_ratio": null,
            "reinvestment_rate": 40.36,
            "research_to_sale_ratio": null,
            "price_fair": 75.16,
            "eps_avg_yearly": 2.15,
            "eps_latest_yearly": 1.36,
            "eps_growth_yearly": 106.68
        },
        "20072": {
            "year_quarter": 20072,
            "year": 2007,
            "quarter": 2,
            "eps": 1.1,
            "eps_growth_year": 197.3,
            "eps_4q": 2.8,
            "eps_4q_growth_year": 35.64,
            "roe": 6.29,
            "roe_4q": 17.35,
            "gross_profit": 159152,
            "gross_margin": 26.44,
            "gross_margin_4q_avg": 23.48,
            "net_income": 254584,
            "net_income_4q": null,
            "revenue": 601837,
            "revenue_4q": null,
            "common_shares": 2330739,
            "book_valuer_per_share": 17.55,
            "book_valuer_per_share_4q_avg": 16.63,
            "equity": 4091032,
            "current_ratio": 156.93,
            "debt_ratio": 35.69,
            "inventory_turnover_ratio": 1.1,
            "account_receivable_turnover_ratio": null,
            "reinvestment_rate": 40.92,
            "research_to_sale_ratio": null,
            "price_fair": 78.31,
            "eps_avg_yearly": 2.24,
            "eps_latest_yearly": 4.4,
            "eps_growth_yearly": 121.49
        },
        "20073": {
            "year_quarter": 20073,
            "year": 2007,
            "quarter": 3,
            "eps": 0.5,
            "eps_growth_year": 6.38,
            "eps_4q": 2.62,
            "eps_4q_growth_year": 37.26,
            "roe": 3.03,
            "roe_4q": 17.25,
            "gross_profit": 113098,
            "gross_margin": 21.95,
            "gross_margin_4q_avg": 23.17,
            "net_income": 129196,
            "net_income_4q": null,
            "revenue": 515326,
            "revenue_4q": null,
            "common_shares": 2581165,
            "book_valuer_per_share": 17.24,
            "book_valuer_per_share_4q_avg": 17.12,
            "equity": 4450190,
            "current_ratio": 129.21,
            "debt_ratio": 32.29,
            "inventory_turnover_ratio": 0.89,
            "account_receivable_turnover_ratio": null,
            "reinvestment_rate": 38.99,
            "research_to_sale_ratio": null,
            "price_fair": 81.03,
            "eps_avg_yearly": 2.32,
            "eps_latest_yearly": 2,
            "eps_growth_yearly": 126.43
        },
        "20074": {
            "year_quarter": 20074,
            "year": 2007,
            "quarter": 4,
            "eps": 0.75,
            "eps_growth_year": -22.68,
            "eps_4q": 2.55,
            "eps_4q_growth_year": 14.69,
            "roe": 4.13,
            "roe_4q": 15.469999999999999,
            "gross_profit": 167837,
            "gross_margin": 27.53,
            "gross_margin_4q_avg": 25.35,
            "net_income": 193688,
            "net_income_4q": null,
            "revenue": 609690,
            "revenue_4q": null,
            "common_shares": 2581165,
            "book_valuer_per_share": 18.02,
            "book_valuer_per_share_4q_avg": 17.51,
            "equity": 4934404,
            "current_ratio": 163.19,
            "debt_ratio": 45.07,
            "inventory_turnover_ratio": 0.39,
            "account_receivable_turnover_ratio": null,
            "reinvestment_rate": 113.85,
            "research_to_sale_ratio": null,
            "price_fair": 82.78,
            "eps_avg_yearly": 2.37,
            "eps_latest_yearly": 3,
            "eps_growth_yearly": 91.56
        },
        "20081": {
            "year_quarter": 20081,
            "year": 2008,
            "quarter": 1,
            "eps": 0.16,
            "eps_growth_year": -52.94,
            "eps_4q": 1.93,
            "eps_4q_growth_year": -2.47,
            "roe": 1.05,
            "roe_4q": 14.5,
            "gross_profit": 435218,
            "gross_margin": 31.05,
            "gross_margin_4q_avg": 26.74,
            "net_income": 51279,
            "net_income_4q": null,
            "revenue": 1401505,
            "revenue_4q": null,
            "common_shares": 2581165,
            "book_valuer_per_share": 17.77,
            "book_valuer_per_share_4q_avg": 17.65,
            "equity": 4872637,
            "current_ratio": 166.07,
            "debt_ratio": 44.99,
            "inventory_turnover_ratio": 0.54,
            "account_receivable_turnover_ratio": null,
            "reinvestment_rate": 173.97,
            "research_to_sale_ratio": null,
            "price_fair": 81.11,
            "eps_avg_yearly": 2.32,
            "eps_latest_yearly": 0.64,
            "eps_growth_yearly": 80.99
        },
        "20082": {
            "year_quarter": 20082,
            "year": 2008,
            "quarter": 2,
            "eps": 0.16,
            "eps_growth_year": -85.45,
            "eps_4q": 1.18,
            "eps_4q_growth_year": -57.86,
            "roe": 1.15,
            "roe_4q": 9.36,
            "gross_profit": 470583,
            "gross_margin": 27.75,
            "gross_margin_4q_avg": 27.07,
            "net_income": 55565,
            "net_income_4q": null,
            "revenue": 1695908,
            "revenue_4q": null,
            "common_shares": 2581165,
            "book_valuer_per_share": 17.38,
            "book_valuer_per_share_4q_avg": 17.6,
            "equity": 4819159,
            "current_ratio": 145.21,
            "debt_ratio": 47.07,
            "inventory_turnover_ratio": 0.68,
            "account_receivable_turnover_ratio": null,
            "reinvestment_rate": 176.12,
            "research_to_sale_ratio": null,
            "price_fair": 76.48,
            "eps_avg_yearly": 2.19,
            "eps_latest_yearly": 0.64,
            "eps_growth_yearly": 56.7
        },
        "20083": {
            "year_quarter": 20083,
            "year": 2008,
            "quarter": 3,
            "eps": -0.08,
            "eps_growth_year": -116,
            "eps_4q": 0.9,
            "eps_4q_growth_year": -65.48,
            "roe": -0.35,
            "roe_4q": 5.98,
            "gross_profit": 359254,
            "gross_margin": 22.94,
            "gross_margin_4q_avg": 27.32,
            "net_income": -17294,
            "net_income_4q": null,
            "revenue": 1565918,
            "revenue_4q": null,
            "common_shares": 2854391,
            "book_valuer_per_share": 16.3,
            "book_valuer_per_share_4q_avg": 17.37,
            "equity": 5014391,
            "current_ratio": 144.49,
            "debt_ratio": 46.61,
            "inventory_turnover_ratio": 0.68,
            "account_receivable_turnover_ratio": null,
            "reinvestment_rate": 169.95,
            "research_to_sale_ratio": null,
            "price_fair": 77.37,
            "eps_avg_yearly": 2.21,
            "eps_latest_yearly": 0.64,
            "eps_growth_yearly": 69.76
        },
        "20084": {
            "year_quarter": 20084,
            "year": 2008,
            "quarter": 4,
            "eps": 0.17,
            "eps_growth_year": -77.33,
            "eps_4q": 0.37,
            "eps_4q_growth_year": -85.47,
            "roe": 1.02,
            "roe_4q": 2.87,
            "gross_profit": 376985,
            "gross_margin": 24.82,
            "gross_margin_4q_avg": 26.64,
            "net_income": 51727,
            "net_income_4q": null,
            "revenue": 1518984,
            "revenue_4q": null,
            "common_shares": 2854391,
            "book_valuer_per_share": 16.61,
            "book_valuer_per_share_4q_avg": 17.02,
            "equity": 5107758,
            "current_ratio": 140.68,
            "debt_ratio": 44.05,
            "inventory_turnover_ratio": 0.67,
            "account_receivable_turnover_ratio": 2.97,
            "reinvestment_rate": 125.74,
            "research_to_sale_ratio": null,
            "price_fair": 75.5,
            "eps_avg_yearly": 2.16,
            "eps_latest_yearly": 0.64,
            "eps_growth_yearly": 56.33
        },
        "20091": {
            "year_quarter": 20091,
            "year": 2009,
            "quarter": 1,
            "eps": 0.06,
            "eps_growth_year": -62.5,
            "eps_4q": 0.43,
            "eps_4q_growth_year": -77.55,
            "roe": 0.23,
            "roe_4q": 2.05,
            "gross_profit": 343781,
            "gross_margin": 25.27,
            "gross_margin_4q_avg": 25.2,
            "net_income": 12133,
            "net_income_4q": null,
            "revenue": 1360638,
            "revenue_4q": null,
            "common_shares": 2794961,
            "book_valuer_per_share": 17.5,
            "book_valuer_per_share_4q_avg": 16.95,
            "equity": 5270513,
            "current_ratio": 142.33,
            "debt_ratio": 39.87,
            "inventory_turnover_ratio": 0.64,
            "account_receivable_turnover_ratio": 1.34,
            "reinvestment_rate": 216.6,
            "research_to_sale_ratio": null,
            "price_fair": 72.4,
            "eps_avg_yearly": 2.07,
            "eps_latest_yearly": 0.24,
            "eps_growth_yearly": 52.12
        },
        "20092": {
            "year_quarter": 20092,
            "year": 2009,
            "quarter": 2,
            "eps": 0.16,
            "eps_growth_year": 0,
            "eps_4q": 0.28,
            "eps_4q_growth_year": -76.31,
            "roe": 0.98,
            "roe_4q": 1.88,
            "gross_profit": 382635,
            "gross_margin": 25.63,
            "gross_margin_4q_avg": 24.67,
            "net_income": 49548,
            "net_income_4q": null,
            "revenue": 1492810,
            "revenue_4q": null,
            "common_shares": 2794961,
            "book_valuer_per_share": 16.58,
            "book_valuer_per_share_4q_avg": 16.75,
            "equity": 4874336,
            "current_ratio": 160.43,
            "debt_ratio": 44.86,
            "inventory_turnover_ratio": 0.76,
            "account_receivable_turnover_ratio": 1.45,
            "reinvestment_rate": 212.34,
            "research_to_sale_ratio": null,
            "price_fair": 67.7,
            "eps_avg_yearly": 1.93,
            "eps_latest_yearly": 0.64,
            "eps_growth_yearly": 79.67
        },
        "20093": {
            "year_quarter": 20093,
            "year": 2009,
            "quarter": 3,
            "eps": 0.15,
            "eps_growth_year": null,
            "eps_4q": 0.51,
            "eps_4q_growth_year": -43.2,
            "roe": 0.91,
            "roe_4q": 3.14,
            "gross_profit": 401374,
            "gross_margin": 29,
            "gross_margin_4q_avg": 26.18,
            "net_income": 44009,
            "net_income_4q": null,
            "revenue": 1384078,
            "revenue_4q": null,
            "common_shares": 2794961,
            "book_valuer_per_share": 16.44,
            "book_valuer_per_share_4q_avg": 16.78,
            "equity": 4817954,
            "current_ratio": 158.28,
            "debt_ratio": 43.91,
            "inventory_turnover_ratio": 0.7,
            "account_receivable_turnover_ratio": 1.33,
            "reinvestment_rate": 212.86,
            "research_to_sale_ratio": null,
            "price_fair": 64.3,
            "eps_avg_yearly": 1.84,
            "eps_latest_yearly": 0.6,
            "eps_growth_yearly": 84.23
        },
        "20094": {
            "year_quarter": 20094,
            "year": 2009,
            "quarter": 4,
            "eps": 0.42,
            "eps_growth_year": 147.06,
            "eps_4q": 0.78,
            "eps_4q_growth_year": 111.23,
            "roe": 2.49,
            "roe_4q": 4.610000000000001,
            "gross_profit": 465392,
            "gross_margin": 29.73,
            "gross_margin_4q_avg": 27.41,
            "net_income": 121377,
            "net_income_4q": null,
            "revenue": 1565412,
            "revenue_4q": null,
            "common_shares": 2794961,
            "book_valuer_per_share": 16.77,
            "book_valuer_per_share_4q_avg": 16.82,
            "equity": 4914514,
            "current_ratio": 197.28,
            "debt_ratio": 44.66,
            "inventory_turnover_ratio": 0.79,
            "account_receivable_turnover_ratio": 2.77,
            "reinvestment_rate": 105.63,
            "research_to_sale_ratio": null,
            "price_fair": 61.3,
            "eps_avg_yearly": 1.75,
            "eps_latest_yearly": 1.68,
            "eps_growth_yearly": 122.25
        },
        "20101": {
            "year_quarter": 20101,
            "year": 2010,
            "quarter": 1,
            "eps": 0.25,
            "eps_growth_year": 316.67,
            "eps_4q": 0.97,
            "eps_4q_growth_year": 122.76,
            "roe": 1.41,
            "roe_4q": 5.790000000000001,
            "gross_profit": 403125,
            "gross_margin": 28.82,
            "gross_margin_4q_avg": 28.3,
            "net_income": 69417,
            "net_income_4q": null,
            "revenue": 1398902,
            "revenue_4q": null,
            "common_shares": 2794961,
            "book_valuer_per_share": 16.94,
            "book_valuer_per_share_4q_avg": 16.68,
            "equity": 4961700,
            "current_ratio": 188.75,
            "debt_ratio": 46.02,
            "inventory_turnover_ratio": 0.69,
            "account_receivable_turnover_ratio": 1.26,
            "reinvestment_rate": 215.16,
            "research_to_sale_ratio": 1.45,
            "price_fair": 58.6,
            "eps_avg_yearly": 1.67,
            "eps_latest_yearly": 1,
            "eps_growth_yearly": 118.62
        },
        "20102": {
            "year_quarter": 20102,
            "year": 2010,
            "quarter": 2,
            "eps": 0.65,
            "eps_growth_year": 304.08,
            "eps_4q": 1.42,
            "eps_4q_growth_year": 407.27,
            "roe": 3.92,
            "roe_4q": 8.73,
            "gross_profit": 572449,
            "gross_margin": 29.32,
            "gross_margin_4q_avg": 29.22,
            "net_income": 196216,
            "net_income_4q": null,
            "revenue": 1952100,
            "revenue_4q": null,
            "common_shares": 2794961,
            "book_valuer_per_share": 17.24,
            "book_valuer_per_share_4q_avg": 16.85,
            "equity": 5054915,
            "current_ratio": 171.23,
            "debt_ratio": 47.89,
            "inventory_turnover_ratio": 0.86,
            "account_receivable_turnover_ratio": 1.62,
            "reinvestment_rate": 202.58,
            "research_to_sale_ratio": 1.46,
            "price_fair": 61.4,
            "eps_avg_yearly": 1.75,
            "eps_latest_yearly": 2.6,
            "eps_growth_yearly": 172.58
        },
        "20103": {
            "year_quarter": 20103,
            "year": 2010,
            "quarter": 3,
            "eps": 2.36,
            "eps_growth_year": 1473.42,
            "eps_4q": 3.64,
            "eps_4q_growth_year": 609.08,
            "roe": 12.73,
            "roe_4q": 20.549999999999997,
            "gross_profit": 589661,
            "gross_margin": 23.89,
            "gross_margin_4q_avg": 27.94,
            "net_income": 717275,
            "net_income_4q": null,
            "revenue": 2468375,
            "revenue_4q": null,
            "common_shares": 2934709,
            "book_valuer_per_share": 18.36,
            "book_valuer_per_share_4q_avg": 17.33,
            "equity": 6214954,
            "current_ratio": 196.48,
            "debt_ratio": 44.4,
            "inventory_turnover_ratio": 1.05,
            "account_receivable_turnover_ratio": 1.6,
            "reinvestment_rate": 146.06,
            "research_to_sale_ratio": 1.33,
            "price_fair": 80.3,
            "eps_avg_yearly": 2.29,
            "eps_latest_yearly": 9.44,
            "eps_growth_yearly": 240.02
        },
        "20104": {
            "year_quarter": 20104,
            "year": 2010,
            "quarter": 4,
            "eps": 0.77,
            "eps_growth_year": 84.46,
            "eps_4q": 4.02,
            "eps_4q_growth_year": 413.85,
            "roe": 4.28,
            "roe_4q": 22.34,
            "gross_profit": 646297,
            "gross_margin": 25.3,
            "gross_margin_4q_avg": 26.83,
            "net_income": 262689,
            "net_income_4q": null,
            "revenue": 2554429,
            "revenue_4q": null,
            "common_shares": 2934709,
            "book_valuer_per_share": 17.92,
            "book_valuer_per_share_4q_avg": 17.62,
            "equity": 6064194,
            "current_ratio": 190.23,
            "debt_ratio": 44.46,
            "inventory_turnover_ratio": 1,
            "account_receivable_turnover_ratio": 1.37,
            "reinvestment_rate": 37.23,
            "research_to_sale_ratio": 1.97,
            "price_fair": 78.3,
            "eps_avg_yearly": 2.24,
            "eps_latest_yearly": 3.08,
            "eps_growth_yearly": 190.37
        },
        "20111": {
            "year_quarter": 20111,
            "year": 2011,
            "quarter": 1,
            "eps": 0.57,
            "eps_growth_year": 128,
            "eps_4q": 4.35,
            "eps_4q_growth_year": 350.38,
            "roe": 3.25,
            "roe_4q": 24.18,
            "gross_profit": 578540,
            "gross_margin": 28.11,
            "gross_margin_4q_avg": 26.66,
            "net_income": 202362,
            "net_income_4q": null,
            "revenue": 2058254,
            "revenue_4q": null,
            "common_shares": 2934709,
            "book_valuer_per_share": 18.81,
            "book_valuer_per_share_4q_avg": 18.08,
            "equity": 6377079,
            "current_ratio": 200.53,
            "debt_ratio": 42.09,
            "inventory_turnover_ratio": 0.73,
            "account_receivable_turnover_ratio": 1.09,
            "reinvestment_rate": 122.05,
            "research_to_sale_ratio": 1.76,
            "price_fair": 80.6,
            "eps_avg_yearly": 2.3,
            "eps_latest_yearly": 2.28,
            "eps_growth_yearly": 201.51
        },
        "20112": {
            "year_quarter": 20112,
            "year": 2011,
            "quarter": 2,
            "eps": 0.71,
            "eps_growth_year": 10.45,
            "eps_4q": 4.42,
            "eps_4q_growth_year": 211.79,
            "roe": 3.85,
            "roe_4q": 24.11,
            "gross_profit": 620277,
            "gross_margin": 28.31,
            "gross_margin_4q_avg": 26.4,
            "net_income": 245470,
            "net_income_4q": null,
            "revenue": 2191012,
            "revenue_4q": null,
            "common_shares": 2934709,
            "book_valuer_per_share": 17.05,
            "book_valuer_per_share_4q_avg": 18.04,
            "equity": 6358955,
            "current_ratio": 188.76,
            "debt_ratio": 43.07,
            "inventory_turnover_ratio": 0.76,
            "account_receivable_turnover_ratio": 1.25,
            "reinvestment_rate": 116.42,
            "research_to_sale_ratio": 1.54,
            "price_fair": 76.7,
            "eps_avg_yearly": 2.19,
            "eps_latest_yearly": 2.84,
            "eps_growth_yearly": 144.66
        },
        "20113": {
            "year_quarter": 20113,
            "year": 2011,
            "quarter": 3,
            "eps": 0.41,
            "eps_growth_year": -82.75,
            "eps_4q": 2.47,
            "eps_4q_growth_year": -32.19,
            "roe": 1.94,
            "roe_4q": 13.32,
            "gross_profit": 430729,
            "gross_margin": 23.69,
            "gross_margin_4q_avg": 26.35,
            "net_income": 127418,
            "net_income_4q": null,
            "revenue": 1818374,
            "revenue_4q": null,
            "common_shares": 2934709,
            "book_valuer_per_share": 18.57,
            "book_valuer_per_share_4q_avg": 18.09,
            "equity": 6770364,
            "current_ratio": 196.24,
            "debt_ratio": 39.63,
            "inventory_turnover_ratio": 0.69,
            "account_receivable_turnover_ratio": 1.14,
            "reinvestment_rate": 125.76,
            "research_to_sale_ratio": 1.77,
            "price_fair": 75.8,
            "eps_avg_yearly": 2.17,
            "eps_latest_yearly": 1.64,
            "eps_growth_yearly": 148.17
        },
        "20114": {
            "year_quarter": 20114,
            "year": 2011,
            "quarter": 4,
            "eps": 0.3,
            "eps_growth_year": -60.8,
            "eps_4q": 2.02,
            "eps_4q_growth_year": -49.77,
            "roe": 1.47,
            "roe_4q": 10.51,
            "gross_profit": 480260,
            "gross_margin": 23.02,
            "gross_margin_4q_avg": 25.78,
            "net_income": 98814,
            "net_income_4q": null,
            "revenue": 2086726,
            "revenue_4q": null,
            "common_shares": 2934709,
            "book_valuer_per_share": 18.55,
            "book_valuer_per_share_4q_avg": 18.25,
            "equity": 6716856,
            "current_ratio": 252.11,
            "debt_ratio": 41.1,
            "inventory_turnover_ratio": 0.84,
            "account_receivable_turnover_ratio": 1.34,
            "reinvestment_rate": 12.63,
            "research_to_sale_ratio": 1.72,
            "price_fair": 71.3,
            "eps_avg_yearly": 2.04,
            "eps_latest_yearly": 1.2,
            "eps_growth_yearly": 126.22
        },
        "20121": {
            "year_quarter": 20121,
            "year": 2012,
            "quarter": 1,
            "eps": 0.37,
            "eps_growth_year": -35.09,
            "eps_4q": 1.87,
            "eps_4q_growth_year": -57.04,
            "roe": 1.79,
            "roe_4q": 9.049999999999999,
            "gross_profit": 442324,
            "gross_margin": 28.83,
            "gross_margin_4q_avg": 25.96,
            "net_income": 117266,
            "net_income_4q": null,
            "revenue": 1534319,
            "revenue_4q": null,
            "common_shares": 2784709,
            "book_valuer_per_share": 18.27,
            "book_valuer_per_share_4q_avg": 18.11,
            "equity": 6408747,
            "current_ratio": 296.01,
            "debt_ratio": 38.29,
            "inventory_turnover_ratio": 0.62,
            "account_receivable_turnover_ratio": 1.07,
            "reinvestment_rate": 7.37,
            "research_to_sale_ratio": 2.46,
            "price_fair": 73.4,
            "eps_avg_yearly": 2.1,
            "eps_latest_yearly": 1.48,
            "eps_growth_yearly": 155.36
        },
        "20122": {
            "year_quarter": 20122,
            "year": 2012,
            "quarter": 2,
            "eps": 0.31,
            "eps_growth_year": -56.43,
            "eps_4q": 1.36,
            "eps_4q_growth_year": -69.34,
            "roe": 1.63,
            "roe_4q": 6.83,
            "gross_profit": 484034,
            "gross_margin": 28.68,
            "gross_margin_4q_avg": 26.06,
            "net_income": 104957,
            "net_income_4q": null,
            "revenue": 1687939,
            "revenue_4q": null,
            "common_shares": 2784709,
            "book_valuer_per_share": 18.42,
            "book_valuer_per_share_4q_avg": 18.45,
            "equity": 6453455,
            "current_ratio": 268.28,
            "debt_ratio": 39.81,
            "inventory_turnover_ratio": 0.71,
            "account_receivable_turnover_ratio": 1.35,
            "reinvestment_rate": 4.82,
            "research_to_sale_ratio": 2.48,
            "price_fair": 74.9,
            "eps_avg_yearly": 2.14,
            "eps_latest_yearly": 1.24,
            "eps_growth_yearly": 150.73
        },
        "20123": {
            "year_quarter": 20123,
            "year": 2012,
            "quarter": 3,
            "eps": 0.37,
            "eps_growth_year": -9.38,
            "eps_4q": 1.32,
            "eps_4q_growth_year": -46.35,
            "roe": 1.92,
            "roe_4q": 6.81,
            "gross_profit": 487947,
            "gross_margin": 29.18,
            "gross_margin_4q_avg": 27.43,
            "net_income": 124376,
            "net_income_4q": null,
            "revenue": 1672271,
            "revenue_4q": null,
            "common_shares": 2979639,
            "book_valuer_per_share": 17.33,
            "book_valuer_per_share_4q_avg": 18.14,
            "equity": 6490155,
            "current_ratio": 271.87,
            "debt_ratio": 39.38,
            "inventory_turnover_ratio": 0.73,
            "account_receivable_turnover_ratio": 1.34,
            "reinvestment_rate": 14.83,
            "research_to_sale_ratio": 2.99,
            "price_fair": 73.36,
            "eps_avg_yearly": 2.1,
            "eps_latest_yearly": 1.48,
            "eps_growth_yearly": 145.84
        },
        "20124": {
            "year_quarter": 20124,
            "year": 2012,
            "quarter": 4,
            "eps": 0.5,
            "eps_growth_year": 63.44,
            "eps_4q": 1.52,
            "eps_4q_growth_year": -24.42,
            "roe": 2.68,
            "roe_4q": 8.02,
            "gross_profit": 585406,
            "gross_margin": 28.06,
            "gross_margin_4q_avg": 28.69,
            "net_income": 174890,
            "net_income_4q": null,
            "revenue": 2086393,
            "revenue_4q": null,
            "common_shares": 2979639,
            "book_valuer_per_share": 17.72,
            "book_valuer_per_share_4q_avg": 17.94,
            "equity": 6567013,
            "current_ratio": 258.79,
            "debt_ratio": 40.42,
            "inventory_turnover_ratio": 0.93,
            "account_receivable_turnover_ratio": 1.49,
            "reinvestment_rate": -5.26,
            "research_to_sale_ratio": 2.64,
            "price_fair": 73.15,
            "eps_avg_yearly": 2.09,
            "eps_latest_yearly": 2,
            "eps_growth_yearly": 145.51
        },
        "20131": {
            "year_quarter": 20131,
            "year": 2013,
            "quarter": 1,
            "eps": 0.43,
            "eps_growth_year": 16.22,
            "eps_4q": 1.6,
            "eps_4q_growth_year": -14.25,
            "roe": 2.15,
            "roe_4q": 8.379999999999999,
            "gross_profit": 501713,
            "gross_margin": 30.83,
            "gross_margin_4q_avg": 29.19,
            "net_income": 143500,
            "net_income_4q": null,
            "revenue": 1627574,
            "revenue_4q": null,
            "common_shares": 2979639,
            "book_valuer_per_share": 18.38,
            "book_valuer_per_share_4q_avg": 17.96,
            "equity": 6782879,
            "current_ratio": 254.87,
            "debt_ratio": 40.05,
            "inventory_turnover_ratio": 0.66,
            "account_receivable_turnover_ratio": 1.11,
            "reinvestment_rate": -7.1,
            "research_to_sale_ratio": 2.36,
            "price_fair": 76.39,
            "eps_avg_yearly": 2.18,
            "eps_latest_yearly": 1.72,
            "eps_growth_yearly": 158.19
        },
        "20132": {
            "year_quarter": 20132,
            "year": 2013,
            "quarter": 2,
            "eps": 0.75,
            "eps_growth_year": 141.05,
            "eps_4q": 2.04,
            "eps_4q_growth_year": 50.69,
            "roe": 3.73,
            "roe_4q": 10.48,
            "gross_profit": 714420,
            "gross_margin": 33.38,
            "gross_margin_4q_avg": 30.36,
            "net_income": 252907,
            "net_income_4q": null,
            "revenue": 2139944,
            "revenue_4q": null,
            "common_shares": 2979639,
            "book_valuer_per_share": 18.37,
            "book_valuer_per_share_4q_avg": 17.95,
            "equity": 6794329,
            "current_ratio": 209.97,
            "debt_ratio": 42.47,
            "inventory_turnover_ratio": 0.8,
            "account_receivable_turnover_ratio": 1.44,
            "reinvestment_rate": 6.5,
            "research_to_sale_ratio": 2.47,
            "price_fair": 81.55,
            "eps_avg_yearly": 2.33,
            "eps_latest_yearly": 3,
            "eps_growth_yearly": 135.13
        },
        "20133": {
            "year_quarter": 20133,
            "year": 2013,
            "quarter": 3,
            "eps": 0.54,
            "eps_growth_year": 46.34,
            "eps_4q": 2.21,
            "eps_4q_growth_year": 66.97,
            "roe": 2.61,
            "roe_4q": 11.17,
            "gross_profit": 604379,
            "gross_margin": 29.86,
            "gross_margin_4q_avg": 30.53,
            "net_income": 178862,
            "net_income_4q": null,
            "revenue": 2023916,
            "revenue_4q": null,
            "common_shares": 2979639,
            "book_valuer_per_share": 18.7,
            "book_valuer_per_share_4q_avg": 18.29,
            "equity": 6896201,
            "current_ratio": 202.65,
            "debt_ratio": 42.24,
            "inventory_turnover_ratio": 0.78,
            "account_receivable_turnover_ratio": 1.29,
            "reinvestment_rate": 9.47,
            "research_to_sale_ratio": 2.51,
            "price_fair": 84.96,
            "eps_avg_yearly": 2.43,
            "eps_latest_yearly": 2.16,
            "eps_growth_yearly": 129.69
        },
        "20134": {
            "year_quarter": 20134,
            "year": 2013,
            "quarter": 4,
            "eps": 0.65,
            "eps_growth_year": 31.93,
            "eps_4q": 2.37,
            "eps_4q_growth_year": 55.35,
            "roe": 3.05,
            "roe_4q": 11.540000000000001,
            "gross_profit": 674977,
            "gross_margin": 29.15,
            "gross_margin_4q_avg": 30.81,
            "net_income": 215355,
            "net_income_4q": null,
            "revenue": 2315427,
            "revenue_4q": null,
            "common_shares": 2979639,
            "book_valuer_per_share": 19.62,
            "book_valuer_per_share_4q_avg": 18.77,
            "equity": 7214286,
            "current_ratio": 203.88,
            "debt_ratio": 41.9,
            "inventory_turnover_ratio": 0.9,
            "account_receivable_turnover_ratio": 1.46,
            "reinvestment_rate": 9.52,
            "research_to_sale_ratio": 2,
            "price_fair": 86.98,
            "eps_avg_yearly": 2.49,
            "eps_latest_yearly": 2.6,
            "eps_growth_yearly": 89.78
        },
        "20141": {
            "year_quarter": 20141,
            "year": 2014,
            "quarter": 1,
            "eps": 0.73,
            "eps_growth_year": 69.77,
            "eps_4q": 2.67,
            "eps_4q_growth_year": 66.77,
            "roe": 3.21,
            "roe_4q": 12.6,
            "gross_profit": 687591,
            "gross_margin": 32.52,
            "gross_margin_4q_avg": 31.23,
            "net_income": 248506,
            "net_income_4q": null,
            "revenue": 2114124,
            "revenue_4q": null,
            "common_shares": 2979639,
            "book_valuer_per_share": 20.88,
            "book_valuer_per_share_4q_avg": 19.39,
            "equity": 8291678,
            "current_ratio": 239.59,
            "debt_ratio": 38.71,
            "inventory_turnover_ratio": 0.79,
            "account_receivable_turnover_ratio": 1.28,
            "reinvestment_rate": 9.49,
            "research_to_sale_ratio": 2.31,
            "price_fair": 91.18,
            "eps_avg_yearly": 2.61,
            "eps_latest_yearly": 2.92,
            "eps_growth_yearly": 102.98
        },
        "20142": {
            "year_quarter": 20142,
            "year": 2014,
            "quarter": 2,
            "eps": 0.85,
            "eps_growth_year": 13.33,
            "eps_4q": 2.78,
            "eps_4q_growth_year": 35.94,
            "roe": 3.81,
            "roe_4q": 12.68,
            "gross_profit": 808908,
            "gross_margin": 35.38,
            "gross_margin_4q_avg": 31.73,
            "net_income": 306309,
            "net_income_4q": null,
            "revenue": 2286219,
            "revenue_4q": null,
            "common_shares": 2979639,
            "book_valuer_per_share": 19.91,
            "book_valuer_per_share_4q_avg": 19.78,
            "equity": 7788124,
            "current_ratio": 191.19,
            "debt_ratio": 39.43,
            "inventory_turnover_ratio": 0.81,
            "account_receivable_turnover_ratio": 1.38,
            "reinvestment_rate": -2.66,
            "research_to_sale_ratio": 2.49,
            "price_fair": 92.93,
            "eps_avg_yearly": 2.66,
            "eps_latest_yearly": 3.4,
            "eps_growth_yearly": 67.09
        },
        "20143": {
            "year_quarter": 20143,
            "year": 2014,
            "quarter": 3,
            "eps": 0.73,
            "eps_growth_year": 35.19,
            "eps_4q": 2.97,
            "eps_4q_growth_year": 34.26,
            "roe": 3.16,
            "roe_4q": 13.23,
            "gross_profit": 723966,
            "gross_margin": 32.74,
            "gross_margin_4q_avg": 32.45,
            "net_income": 252859,
            "net_income_4q": null,
            "revenue": 2211350,
            "revenue_4q": null,
            "common_shares": 2979639,
            "book_valuer_per_share": 21.01,
            "book_valuer_per_share_4q_avg": 20.36,
            "equity": 8202412,
            "current_ratio": 221,
            "debt_ratio": 38.96,
            "inventory_turnover_ratio": 0.82,
            "account_receivable_turnover_ratio": 1.36,
            "reinvestment_rate": -1.27,
            "research_to_sale_ratio": 2.57,
            "price_fair": 6.74,
            "eps_avg_yearly": 2.25,
            "eps_latest_yearly": 2.92,
            "eps_growth_yearly": -2.21
        },
        "20144": {
            "year_quarter": 20144,
            "year": 2014,
            "quarter": 4,
            "eps": 0.98,
            "eps_growth_year": 49.16,
            "eps_4q": 3.29,
            "eps_4q_growth_year": 38.87,
            "roe": 4.03,
            "roe_4q": 14.21,
            "gross_profit": 833782,
            "gross_margin": 33.3,
            "gross_margin_4q_avg": 33.49,
            "net_income": 342125,
            "net_income_4q": null,
            "revenue": 2504007,
            "revenue_4q": null,
            "common_shares": 2979639,
            "book_valuer_per_share": 22.64,
            "book_valuer_per_share_4q_avg": 21.11,
            "equity": 8791579,
            "current_ratio": 221.8,
            "debt_ratio": 38.77,
            "inventory_turnover_ratio": 0.94,
            "account_receivable_turnover_ratio": 1.49,
            "reinvestment_rate": 12.11,
            "research_to_sale_ratio": 2.54,
            "price_fair": 76.35,
            "eps_avg_yearly": 2.3,
            "eps_latest_yearly": 3.92,
            "eps_growth_yearly": 23.19
        },
        "20151": {
            "year_quarter": 20151,
            "year": 2015,
            "quarter": 1,
            "eps": 0.83,
            "eps_growth_year": 13.7,
            "eps_4q": 3.39,
            "eps_4q_growth_year": 26.66,
            "roe": 3.46,
            "roe_4q": 14.46,
            "gross_profit": 761552,
            "gross_margin": 35.49,
            "gross_margin_4q_avg": 34.23,
            "net_income": 308378,
            "net_income_4q": null,
            "revenue": 2145980,
            "revenue_4q": null,
            "common_shares": 2979639,
            "book_valuer_per_share": 23.25,
            "book_valuer_per_share_4q_avg": 21.7,
            "equity": 9014245,
            "current_ratio": 230.94,
            "debt_ratio": 37.08,
            "inventory_turnover_ratio": 0.79,
            "account_receivable_turnover_ratio": 1.28,
            "reinvestment_rate": 21.84,
            "research_to_sale_ratio": 2.21,
            "price_fair": 82.78,
            "eps_avg_yearly": 2.37,
            "eps_latest_yearly": 3.32,
            "eps_growth_yearly": 25.86
        },
        "20152": {
            "year_quarter": 20152,
            "year": 2015,
            "quarter": 2,
            "eps": 0.96,
            "eps_growth_year": 12.94,
            "eps_4q": 3.49,
            "eps_4q_growth_year": 25.77,
            "roe": 4.02,
            "roe_4q": 14.67,
            "gross_profit": 913590,
            "gross_margin": 38.24,
            "gross_margin_4q_avg": 34.94,
            "net_income": 352880,
            "net_income_4q": null,
            "revenue": 2388911,
            "revenue_4q": null,
            "common_shares": 2979639,
            "book_valuer_per_share": 21.96,
            "book_valuer_per_share_4q_avg": 22.22,
            "equity": 8543570,
            "current_ratio": 180.83,
            "debt_ratio": 42.55,
            "inventory_turnover_ratio": 0.8,
            "account_receivable_turnover_ratio": 1.43,
            "reinvestment_rate": 24.15,
            "research_to_sale_ratio": 2.74,
            "price_fair": 81.65,
            "eps_avg_yearly": 2.43,
            "eps_latest_yearly": 3.84,
            "eps_growth_yearly": 23.64
        },
        "20153": {
            "year_quarter": 20153,
            "year": 2015,
            "quarter": 3,
            "eps": 1,
            "eps_growth_year": 36.99,
            "eps_4q": 3.76,
            "eps_4q_growth_year": 26.84,
            "roe": 3.96,
            "roe_4q": 15.469999999999999,
            "gross_profit": 876929,
            "gross_margin": 37.12,
            "gross_margin_4q_avg": 36.04,
            "net_income": 352423,
            "net_income_4q": null,
            "revenue": 2362429,
            "revenue_4q": null,
            "common_shares": 2979639,
            "book_valuer_per_share": 23.85,
            "book_valuer_per_share_4q_avg": 22.93,
            "equity": 9236130,
            "current_ratio": 181.91,
            "debt_ratio": 43.28,
            "inventory_turnover_ratio": 0.77,
            "account_receivable_turnover_ratio": 1.34,
            "reinvestment_rate": 20.97,
            "research_to_sale_ratio": 2.94,
            "price_fair": 90.13,
            "eps_avg_yearly": 2.58,
            "eps_latest_yearly": 4,
            "eps_growth_yearly": 35.24
        },
        "20154": {
            "year_quarter": 20154,
            "year": 2015,
            "quarter": 4,
            "eps": 1.04,
            "eps_growth_year": 6.58,
            "eps_4q": 3.83,
            "eps_4q_growth_year": 16.37,
            "roe": 4,
            "roe_4q": 15.440000000000001,
            "gross_profit": 953378,
            "gross_margin": 37.45,
            "gross_margin_4q_avg": 37.08,
            "net_income": 371893,
            "net_income_4q": null,
            "revenue": 2545764,
            "revenue_4q": null,
            "common_shares": 2979639,
            "book_valuer_per_share": 24.44,
            "book_valuer_per_share_4q_avg": 23.38,
            "equity": 9380054,
            "current_ratio": 232.8,
            "debt_ratio": 40.9,
            "inventory_turnover_ratio": 0.65,
            "account_receivable_turnover_ratio": 1.45,
            "reinvestment_rate": 24.27,
            "research_to_sale_ratio": 2.92,
            "price_fair": 96.6,
            "eps_avg_yearly": 2.76,
            "eps_latest_yearly": 4.16,
            "eps_growth_yearly": 42.95
        },
        "20161": {
            "year_quarter": 20161,
            "year": 2016,
            "quarter": 1,
            "eps": 1.27,
            "eps_growth_year": 53.01,
            "eps_4q": 4.27,
            "eps_4q_growth_year": 26.08,
            "roe": 4.62,
            "roe_4q": 16.6,
            "gross_profit": 996732,
            "gross_margin": 39.93,
            "gross_margin_4q_avg": 38.19,
            "net_income": 441873,
            "net_income_4q": null,
            "revenue": 2496227,
            "revenue_4q": null,
            "common_shares": 2979639,
            "book_valuer_per_share": 25.44,
            "book_valuer_per_share_4q_avg": 23.92,
            "equity": 9737752,
            "current_ratio": 199.79,
            "debt_ratio": 40.6,
            "inventory_turnover_ratio": 0.5,
            "account_receivable_turnover_ratio": 1.36,
            "reinvestment_rate": 42,
            "research_to_sale_ratio": 2.51,
            "price_fair": 104.48,
            "eps_avg_yearly": 2.99,
            "eps_latest_yearly": 5.08,
            "eps_growth_yearly": 42.64
        },
        "20162": {
            "year_quarter": 20162,
            "year": 2016,
            "quarter": 2,
            "eps": 1.25,
            "eps_growth_year": 30.21,
            "eps_4q": 4.57,
            "eps_4q_growth_year": 30.84,
            "roe": 4.56,
            "roe_4q": 17.14,
            "gross_profit": 1075979,
            "gross_margin": 40.05,
            "gross_margin_4q_avg": 38.64,
            "net_income": 436000,
            "net_income_4q": null,
            "revenue": 2686737,
            "revenue_4q": null,
            "common_shares": 2979639,
            "book_valuer_per_share": 24.4,
            "book_valuer_per_share_4q_avg": 24.53,
            "equity": 9387659,
            "current_ratio": 168.48,
            "debt_ratio": 42.98,
            "inventory_turnover_ratio": 0.54,
            "account_receivable_turnover_ratio": 1.35,
            "reinvestment_rate": 38.73,
            "research_to_sale_ratio": 2.71,
            "price_fair": 112.7,
            "eps_avg_yearly": 3.22,
            "eps_latest_yearly": 5,
            "eps_growth_yearly": 46.3
        },
        "20163": {
            "year_quarter": 20163,
            "year": 2016,
            "quarter": 3,
            "eps": 1.17,
            "eps_growth_year": 17,
            "eps_4q": 4.74,
            "eps_4q_growth_year": 25.97,
            "roe": 4.16,
            "roe_4q": 17.34,
            "gross_profit": 1041522,
            "gross_margin": 38.32,
            "gross_margin_4q_avg": 38.94,
            "net_income": 393144,
            "net_income_4q": null,
            "revenue": 2718039,
            "revenue_4q": null,
            "common_shares": 2979639,
            "book_valuer_per_share": 24.94,
            "book_valuer_per_share_4q_avg": 24.81,
            "equity": 9526471,
            "current_ratio": 164.24,
            "debt_ratio": 42.8,
            "inventory_turnover_ratio": 0.57,
            "account_receivable_turnover_ratio": 1.33,
            "reinvestment_rate": 38.52,
            "research_to_sale_ratio": 2.88,
            "price_fair": 119.7,
            "eps_avg_yearly": 3.42,
            "eps_latest_yearly": 4.68,
            "eps_growth_yearly": 39.87
        },
        "20164": {
            "year_quarter": 20164,
            "year": 2016,
            "quarter": 4,
            "eps": 1.3,
            "eps_growth_year": 25.24,
            "eps_4q": 5,
            "eps_4q_growth_year": 30.72,
            "roe": 4.65,
            "roe_4q": 17.990000000000002,
            "gross_profit": 1064565,
            "gross_margin": 39.02,
            "gross_margin_4q_avg": 39.33,
            "net_income": 451828,
            "net_income_4q": null,
            "revenue": 2728530,
            "revenue_4q": null,
            "common_shares": 2979639,
            "book_valuer_per_share": 26.27,
            "book_valuer_per_share_4q_avg": 25.26,
            "equity": 9927488,
            "current_ratio": 175.62,
            "debt_ratio": 40.72,
            "inventory_turnover_ratio": 0.56,
            "account_receivable_turnover_ratio": 1.32,
            "reinvestment_rate": 43.85,
            "research_to_sale_ratio": 2.96,
            "price_fair": 126.7,
            "eps_avg_yearly": 3.62,
            "eps_latest_yearly": 5.2,
            "eps_growth_yearly": 33.86
        },
        "20171": {
            "year_quarter": 20171,
            "year": 2017,
            "quarter": 1,
            "eps": 1.37,
            "eps_growth_year": 7.87,
            "eps_4q": 5.1,
            "eps_4q_growth_year": 19.42,
            "roe": 4.61,
            "roe_4q": 17.98,
            "gross_profit": 1140352,
            "gross_margin": 40.74,
            "gross_margin_4q_avg": 39.53,
            "net_income": 458938,
            "net_income_4q": null,
            "revenue": 2799181,
            "revenue_4q": null,
            "common_shares": 2979639,
            "book_valuer_per_share": 26.59,
            "book_valuer_per_share_4q_avg": 25.55,
            "equity": 9982570,
            "current_ratio": 170.28,
            "debt_ratio": 43.05,
            "inventory_turnover_ratio": 0.52,
            "account_receivable_turnover_ratio": 1.32,
            "reinvestment_rate": 37.33,
            "research_to_sale_ratio": 2.37,
            "price_fair": 134.93,
            "eps_avg_yearly": 3.86,
            "eps_latest_yearly": 5.48,
            "eps_growth_yearly": 38.71
        },
        "20172": {
            "year_quarter": 20172,
            "year": 2017,
            "quarter": 2,
            "eps": 1.3,
            "eps_growth_year": 4,
            "eps_4q": 5.14,
            "eps_4q_growth_year": 12.58,
            "roe": 4.51,
            "roe_4q": 17.93,
            "gross_profit": 1166623,
            "gross_margin": 40.75,
            "gross_margin_4q_avg": 39.71,
            "net_income": 442011,
            "net_income_4q": null,
            "revenue": 2863002,
            "revenue_4q": null,
            "common_shares": 2979639,
            "book_valuer_per_share": 25.13,
            "book_valuer_per_share_4q_avg": 25.73,
            "equity": 9627382,
            "current_ratio": 150.62,
            "debt_ratio": 50.24,
            "inventory_turnover_ratio": 0.49,
            "account_receivable_turnover_ratio": 1.31,
            "reinvestment_rate": 48.98,
            "research_to_sale_ratio": 2.69,
            "price_fair": 115.08,
            "eps_avg_yearly": 3.99,
            "eps_latest_yearly": 5.2,
            "eps_growth_yearly": 18.82
        },
        "20173": {
            "year_quarter": 20173,
            "year": 2017,
            "quarter": 3,
            "eps": 1.55,
            "eps_growth_year": 32.48,
            "eps_4q": 5.53,
            "eps_4q_growth_year": 16.6,
            "roe": 5.23,
            "roe_4q": 19,
            "gross_profit": 1266481,
            "gross_margin": 40.15,
            "gross_margin_4q_avg": 40.17,
            "net_income": 519382,
            "net_income_4q": null,
            "revenue": 3154339,
            "revenue_4q": null,
            "common_shares": 2979639,
            "book_valuer_per_share": 26.81,
            "book_valuer_per_share_4q_avg": 26.2,
            "equity": 10224678,
            "current_ratio": 143.93,
            "debt_ratio": 49.05,
            "inventory_turnover_ratio": 0.5,
            "account_receivable_turnover_ratio": 1.35,
            "reinvestment_rate": 56.71,
            "research_to_sale_ratio": 2.78,
            "price_fair": 148.58,
            "eps_avg_yearly": 4.25,
            "eps_latest_yearly": 6.2,
            "eps_growth_yearly": 30.63
        },
        "20174": {
            "year_quarter": 20174,
            "year": 2017,
            "quarter": 4,
            "eps": 1.21,
            "eps_growth_year": -6.87,
            "eps_4q": 5.44,
            "eps_4q_growth_year": 8.68,
            "roe": 3.96,
            "roe_4q": 18.310000000000002,
            "gross_profit": 1131495,
            "gross_margin": 38.6,
            "gross_margin_4q_avg": 40.06,
            "net_income": 412347,
            "net_income_4q": null,
            "revenue": 2931434,
            "revenue_4q": null,
            "common_shares": 2979639,
            "book_valuer_per_share": 27.88,
            "book_valuer_per_share_4q_avg": 26.6,
            "equity": 10614402,
            "current_ratio": 153.37,
            "debt_ratio": 50.52,
            "inventory_turnover_ratio": 0.45,
            "account_receivable_turnover_ratio": 1.26,
            "reinvestment_rate": 64.58,
            "research_to_sale_ratio": 3.16,
            "price_fair": 131.79,
            "eps_avg_yearly": 4.39,
            "eps_latest_yearly": 4.84,
            "eps_growth_yearly": 20.06
        },
        "20181": {
            "year_quarter": 20181,
            "year": 2018,
            "quarter": 1,
            "eps": 1.23,
            "eps_growth_year": -10.22,
            "eps_4q": 5.29,
            "eps_4q_growth_year": 3.78,
            "roe": 3.77,
            "roe_4q": 17.47,
            "gross_profit": 1129477,
            "gross_margin": 39.09,
            "gross_margin_4q_avg": 39.65,
            "net_income": 409708,
            "net_income_4q": null,
            "revenue": 2889376,
            "revenue_4q": null,
            "common_shares": 2979639,
            "book_valuer_per_share": 29.14,
            "book_valuer_per_share_4q_avg": 27.24,
            "equity": 11098515,
            "current_ratio": 158.65,
            "debt_ratio": 50.42,
            "inventory_turnover_ratio": 0.4,
            "account_receivable_turnover_ratio": 1.29,
            "reinvestment_rate": 66.79,
            "research_to_sale_ratio": 2.64,
            "price_fair": 123.54,
            "eps_avg_yearly": 4.51,
            "eps_latest_yearly": 4.92,
            "eps_growth_yearly": 17.39
        },
        "20182": {
            "year_quarter": 20182,
            "year": 2018,
            "quarter": 2,
            "eps": 1.07,
            "eps_growth_year": -17.69,
            "eps_4q": 5.06,
            "eps_4q_growth_year": -1.62,
            "roe": 3.29,
            "roe_4q": 16.25,
            "gross_profit": 1117466,
            "gross_margin": 37.23,
            "gross_margin_4q_avg": 38.77,
            "net_income": 356095,
            "net_income_4q": null,
            "revenue": 3001550,
            "revenue_4q": null,
            "common_shares": 2979639,
            "book_valuer_per_share": 27.45,
            "book_valuer_per_share_4q_avg": 27.82,
            "equity": 10522561,
            "current_ratio": 127.51,
            "debt_ratio": 58.1,
            "inventory_turnover_ratio": 0.39,
            "account_receivable_turnover_ratio": 1.31,
            "reinvestment_rate": 80.34,
            "research_to_sale_ratio": 3.59,
            "price_fair": 91.44,
            "eps_avg_yearly": 4.57,
            "eps_latest_yearly": 4.28,
            "eps_growth_yearly": 10.03
        },
        "20183": {
            "year_quarter": 20183,
            "year": 2018,
            "quarter": 3,
            "eps": 0.96,
            "eps_growth_year": -38.06,
            "eps_4q": 4.46,
            "eps_4q_growth_year": -19.21,
            "roe": 2.63,
            "roe_4q": 13.649999999999999,
            "gross_profit": 1146025,
            "gross_margin": 36.43,
            "gross_margin_4q_avg": 37.84,
            "net_income": 276820,
            "net_income_4q": null,
            "revenue": 3146017,
            "revenue_4q": null,
            "common_shares": 2979639,
            "book_valuer_per_share": 27.96,
            "book_valuer_per_share_4q_avg": 28.11,
            "equity": 10547077,
            "current_ratio": 128.14,
            "debt_ratio": 59.09,
            "inventory_turnover_ratio": 0.38,
            "account_receivable_turnover_ratio": 1.33,
            "reinvestment_rate": 83.59,
            "research_to_sale_ratio": 4.21,
            "price_fair": 97.02,
            "eps_avg_yearly": 4.62,
            "eps_latest_yearly": 3.84,
            "eps_growth_yearly": 10.99
        },
        "20184": {
            "year_quarter": 20184,
            "year": 2018,
            "quarter": 4,
            "eps": 1.32,
            "eps_growth_year": 8.34,
            "eps_4q": 4.57,
            "eps_4q_growth_year": -16.02,
            "roe": 4.36,
            "roe_4q": 14.05,
            "gross_profit": 1590874,
            "gross_margin": 34,
            "gross_margin_4q_avg": 36.69,
            "net_income": 471719,
            "net_income_4q": null,
            "revenue": 4679107,
            "revenue_4q": null,
            "common_shares": 2979639,
            "book_valuer_per_share": 29.46,
            "book_valuer_per_share_4q_avg": 28.5,
            "equity": 11100276,
            "current_ratio": 131.93,
            "debt_ratio": 58.32,
            "inventory_turnover_ratio": 0.57,
            "account_receivable_turnover_ratio": 1.97,
            "reinvestment_rate": 96.29,
            "research_to_sale_ratio": 3.42,
            "price_fair": 102.63,
            "eps_avg_yearly": 4.71,
            "eps_latest_yearly": 5.28,
            "eps_growth_yearly": 11.8
        },
        "20191": {
            "year_quarter": 20191,
            "year": 2019,
            "quarter": 1,
            "eps": 1.36,
            "eps_growth_year": 10.57,
            "eps_4q": 4.7,
            "eps_4q_growth_year": -11.14,
            "roe": 4.12,
            "roe_4q": 14.399999999999999,
            "gross_profit": 1474593,
            "gross_margin": 33.95,
            "gross_margin_4q_avg": 35.4,
            "net_income": 471143,
            "net_income_4q": null,
            "revenue": 4343929,
            "revenue_4q": null,
            "common_shares": 2979639,
            "book_valuer_per_share": 31.17,
            "book_valuer_per_share_4q_avg": 29.01,
            "equity": 11757023,
            "current_ratio": 133.66,
            "debt_ratio": 56.6,
            "inventory_turnover_ratio": 0.56,
            "account_receivable_turnover_ratio": 1.8,
            "reinvestment_rate": 105.33,
            "research_to_sale_ratio": 3.03,
            "price_fair": 127.71,
            "eps_avg_yearly": 4.84,
            "eps_latest_yearly": 5.44,
            "eps_growth_yearly": 16.39
        },
        "20192": {
            "year_quarter": 20192,
            "year": 2019,
            "quarter": 2,
            "eps": 1.31,
            "eps_growth_year": 22.43,
            "eps_4q": 4.95,
            "eps_4q_growth_year": -2.23,
            "roe": 3.57,
            "roe_4q": 14.68,
            "gross_profit": 1302463,
            "gross_margin": 36.69,
            "gross_margin_4q_avg": 35.27,
            "net_income": 411455,
            "net_income_4q": null,
            "revenue": 3550296,
            "revenue_4q": null,
            "common_shares": 2979639,
            "book_valuer_per_share": 29.78,
            "book_valuer_per_share_4q_avg": 29.59,
            "equity": 11282353,
            "current_ratio": 132.88,
            "debt_ratio": 58.24,
            "inventory_turnover_ratio": 0.46,
            "account_receivable_turnover_ratio": 1.41,
            "reinvestment_rate": 115.92,
            "research_to_sale_ratio": 4.57,
            "price_fair": 106.2,
            "eps_avg_yearly": 4.93,
            "eps_latest_yearly": 5.24,
            "eps_growth_yearly": 11.55
        },
        "20193": {
            "year_quarter": 20193,
            "year": 2019,
            "quarter": 3,
            "eps": 1.18,
            "eps_growth_year": 22.92,
            "eps_4q": 5.17,
            "eps_4q_growth_year": 15.74,
            "roe": 3.54,
            "roe_4q": 15.59,
            "gross_profit": 1330340,
            "gross_margin": 35.81,
            "gross_margin_4q_avg": 35.11,
            "net_income": 401583,
            "net_income_4q": null,
            "revenue": 3714755,
            "revenue_4q": null,
            "common_shares": 2979639,
            "book_valuer_per_share": 30.48,
            "book_valuer_per_share_4q_avg": 30.22,
            "equity": 11419713,
            "current_ratio": 119.41,
            "debt_ratio": 58.95,
            "inventory_turnover_ratio": 0.48,
            "account_receivable_turnover_ratio": 1.42,
            "reinvestment_rate": 125.62,
            "research_to_sale_ratio": 4.4,
            "price_fair": 89.65,
            "eps_avg_yearly": 4.97,
            "eps_latest_yearly": 4.72,
            "eps_growth_yearly": 8.03
        },
        "20194": {
            "year_quarter": 20194,
            "year": 2019,
            "quarter": 4,
            "eps": 1.26,
            "eps_growth_year": -4.4,
            "eps_4q": 5.11,
            "eps_4q_growth_year": 11.9,
            "roe": 3.57,
            "roe_4q": 14.8,
            "gross_profit": 1360491,
            "gross_margin": 36.86,
            "gross_margin_4q_avg": 35.83,
            "net_income": 411859,
            "net_income_4q": null,
            "revenue": 3690674,
            "revenue_4q": null,
            "common_shares": 2979639,
            "book_valuer_per_share": 31.2,
            "book_valuer_per_share_4q_avg": 30.66,
            "equity": 11667091,
            "current_ratio": 118.72,
            "debt_ratio": 57.77,
            "inventory_turnover_ratio": 0.46,
            "account_receivable_turnover_ratio": 1.41,
            "reinvestment_rate": 128.33,
            "research_to_sale_ratio": 4.22,
            "price_fair": 94.14,
            "eps_avg_yearly": 5.03,
            "eps_latest_yearly": 5.04,
            "eps_growth_yearly": 8.72
        },
        "20201": {
            "year_quarter": 20201,
            "year": 2020,
            "quarter": 1,
            "eps": 1.79,
            "eps_growth_year": 31.62,
            "eps_4q": 5.54,
            "eps_4q_growth_year": 17.74,
            "roe": 5.52,
            "roe_4q": 16.2,
            "gross_profit": 1774172,
            "gross_margin": 38.59,
            "gross_margin_4q_avg": 36.99,
            "net_income": 632328,
            "net_income_4q": null,
            "revenue": 4597397,
            "revenue_4q": null,
            "common_shares": 2979639,
            "book_valuer_per_share": 29.93,
            "book_valuer_per_share_4q_avg": 30.35,
            "equity": 11244184,
            "current_ratio": 116.68,
            "debt_ratio": 61.02,
            "inventory_turnover_ratio": 0.57,
            "account_receivable_turnover_ratio": 1.77,
            "reinvestment_rate": 119.21,
            "research_to_sale_ratio": 3.06,
            "price_fair": 122.29,
            "eps_avg_yearly": 5.16,
            "eps_latest_yearly": 7.16,
            "eps_growth_yearly": 13.71
        },
        "20202": {
            "year_quarter": 20202,
            "year": 2020,
            "quarter": 2,
            "eps": 0.82,
            "eps_growth_year": -37.4,
            "eps_4q": 5.05,
            "eps_4q_growth_year": 2.04,
            "roe": 2.6,
            "roe_4q": 15.23,
            "gross_profit": 1028805,
            "gross_margin": 34.34,
            "gross_margin_4q_avg": 36.4,
            "net_income": 294067,
            "net_income_4q": null,
            "revenue": 2995935,
            "revenue_4q": null,
            "common_shares": 2979639,
            "book_valuer_per_share": 30.32,
            "book_valuer_per_share_4q_avg": 30.48,
            "equity": 11378291,
            "current_ratio": 111.48,
            "debt_ratio": 59.11,
            "inventory_turnover_ratio": 0.41,
            "account_receivable_turnover_ratio": 1.28,
            "reinvestment_rate": 118.41,
            "research_to_sale_ratio": 4.57,
            "price_fair": 50.5,
            "eps_avg_yearly": 5.05,
            "eps_latest_yearly": 3.28,
            "eps_growth_yearly": 0.56
        },
        "20203": {
            "year_quarter": 20203,
            "year": 2020,
            "quarter": 3,
            "eps": 1.22,
            "eps_growth_year": 3.39,
            "eps_4q": 5.09,
            "eps_4q_growth_year": -1.41,
            "roe": 3.43,
            "roe_4q": 15.120000000000001,
            "gross_profit": 1208394,
            "gross_margin": 35.54,
            "gross_margin_4q_avg": 36.33,
            "net_income": 398457,
            "net_income_4q": null,
            "revenue": 3400553,
            "revenue_4q": null,
            "common_shares": 2979639,
            "book_valuer_per_share": 31.59,
            "book_valuer_per_share_4q_avg": 30.76,
            "equity": 11879199,
            "current_ratio": 116.06,
            "debt_ratio": 61.45,
            "inventory_turnover_ratio": 0.45,
            "account_receivable_turnover_ratio": 1.52,
            "reinvestment_rate": 112.36,
            "research_to_sale_ratio": 4.26,
            "price_fair": 123.28,
            "eps_avg_yearly": 5.06,
            "eps_latest_yearly": 4.88,
            "eps_growth_yearly": 14.35
        },
        "20204": {
            "year_quarter": 20204,
            "year": 2020,
            "quarter": 4,
            "eps": 1.37,
            "eps_growth_year": 9.1,
            "eps_4q": 5.21,
            "eps_4q_growth_year": 1.95,
            "roe": 3.91,
            "roe_4q": 15.459999999999999,
            "gross_profit": 1364554,
            "gross_margin": 37.37,
            "gross_margin_4q_avg": 36.46,
            "net_income": 475583,
            "net_income_4q": null,
            "revenue": 3651392,
            "revenue_4q": null,
            "common_shares": 2979639,
            "book_valuer_per_share": 32.92,
            "book_valuer_per_share_4q_avg": 31.19,
            "equity": 12453988,
            "current_ratio": 140.77,
            "debt_ratio": 60.77,
            "inventory_turnover_ratio": 0.44,
            "account_receivable_turnover_ratio": 1.42,
            "reinvestment_rate": 105.17,
            "research_to_sale_ratio": 3.62,
            "price_fair": 125.21,
            "eps_avg_yearly": 5.08,
            "eps_latest_yearly": 5.48,
            "eps_growth_yearly": 14.65
        },
        "20211": {
            "year_quarter": 20211,
            "year": 2021,
            "quarter": 1,
            "eps": 1.95,
            "eps_growth_year": 8.94,
            "eps_4q": 5.37,
            "eps_4q_growth_year": -3.03,
            "roe": 6.27,
            "roe_4q": 16.21,
            "gross_profit": 1904748,
            "gross_margin": 40.77,
            "gross_margin_4q_avg": 37.01,
            "net_income": 770803,
            "net_income_4q": null,
            "revenue": 4672371,
            "revenue_4q": null,
            "common_shares": 2979639,
            "book_valuer_per_share": 31.79,
            "book_valuer_per_share_4q_avg": 31.66,
            "equity": 12121688,
            "current_ratio": 120.95,
            "debt_ratio": 62.53,
            "inventory_turnover_ratio": 0.48,
            "account_receivable_turnover_ratio": 1.68,
            "reinvestment_rate": 103.58,
            "research_to_sale_ratio": 3.09,
            "price_fair": 177.06,
            "eps_avg_yearly": 5.23,
            "eps_latest_yearly": 7.8,
            "eps_growth_yearly": 23.89
        },
        "20212": {
            "year_quarter": 20212,
            "year": 2021,
            "quarter": 2,
            "eps": 2.3,
            "eps_growth_year": 180.49,
            "eps_4q": 6.85,
            "eps_4q_growth_year": 35.77,
            "roe": 7.6,
            "roe_4q": 21.21,
            "gross_profit": 2324896,
            "gross_margin": 38.69,
            "gross_margin_4q_avg": 38.09,
            "net_income": 953422,
            "net_income_4q": null,
            "revenue": 6008922,
            "revenue_4q": null,
            "common_shares": 2979639,
            "book_valuer_per_share": 33.73,
            "book_valuer_per_share_4q_avg": 32.51,
            "equity": 12967698,
            "current_ratio": 132.13,
            "debt_ratio": 57.68,
            "inventory_turnover_ratio": 0.66,
            "account_receivable_turnover_ratio": 2.14,
            "reinvestment_rate": 83.42,
            "research_to_sale_ratio": 2.57,
            "price_fair": 191.63,
            "eps_avg_yearly": 5.48,
            "eps_latest_yearly": 9.2,
            "eps_growth_yearly": 29.65
        },
        "20213": {
            "year_quarter": 20213,
            "year": 2021,
            "quarter": 3,
            "eps": 1.17,
            "eps_growth_year": -4.1,
            "eps_4q": 6.8,
            "eps_4q_growth_year": 33.5,
            "roe": 3.17,
            "roe_4q": 20.95,
            "gross_profit": 1195256,
            "gross_margin": 34.34,
            "gross_margin_4q_avg": 37.79,
            "net_income": 416914,
            "net_income_4q": null,
            "revenue": 3480848,
            "revenue_4q": null,
            "common_shares": 2979639,
            "book_valuer_per_share": 34.87,
            "book_valuer_per_share_4q_avg": 33.33,
            "equity": 13369832,
            "current_ratio": 146.53,
            "debt_ratio": 54.86,
            "inventory_turnover_ratio": 0.44,
            "account_receivable_turnover_ratio": 1.3,
            "reinvestment_rate": 75.42,
            "research_to_sale_ratio": 4.19,
            "price_fair": 121.38,
            "eps_avg_yearly": 5.38,
            "eps_latest_yearly": 4.68,
            "eps_growth_yearly": 12.56
        },
        "20214": {
            "year_quarter": 20214,
            "year": 2021,
            "quarter": 4,
            "eps": 1.49,
            "eps_growth_year": 8.24,
            "eps_4q": 6.91,
            "eps_4q_growth_year": 32.73,
            "roe": 3.89,
            "roe_4q": 20.93,
            "gross_profit": 1503621,
            "gross_margin": 36.45,
            "gross_margin_4q_avg": 37.56,
            "net_income": 524911,
            "net_income_4q": null,
            "revenue": 4125645,
            "revenue_4q": null,
            "common_shares": 2979639,
            "book_valuer_per_share": 36.11,
            "book_valuer_per_share_4q_avg": 34.13,
            "equity": 13630359,
            "current_ratio": 164.96,
            "debt_ratio": 52.89,
            "inventory_turnover_ratio": 0.47,
            "account_receivable_turnover_ratio": 1.47,
            "reinvestment_rate": 66.78,
            "research_to_sale_ratio": 2.75,
            "price_fair": 190.11,
            "eps_avg_yearly": 5.45,
            "eps_latest_yearly": 5.96,
            "eps_growth_yearly": 24.88
        },
        "20221": {
            "year_quarter": 20221,
            "year": 2022,
            "quarter": 1,
            "eps": 1.56,
            "eps_growth_year": -20,
            "eps_4q": 6.52,
            "eps_4q_growth_year": 21.37,
            "roe": 3.99,
            "roe_4q": 18.65,
            "gross_profit": 1548701,
            "gross_margin": 36.31,
            "gross_margin_4q_avg": 36.45,
            "net_income": 533913,
            "net_income_4q": null,
            "revenue": 4264897,
            "revenue_4q": null,
            "common_shares": 2979639,
            "book_valuer_per_share": 35.13,
            "book_valuer_per_share_4q_avg": 34.96,
            "equity": 13135662,
            "current_ratio": 131,
            "debt_ratio": 56.73,
            "inventory_turnover_ratio": 0.45,
            "account_receivable_turnover_ratio": 1.37,
            "reinvestment_rate": 72.43,
            "research_to_sale_ratio": 3.2,
            "price_fair": 193.64,
            "eps_avg_yearly": 5.53,
            "eps_latest_yearly": 6.24,
            "eps_growth_yearly": 25.64
        },
        "20222": {
            "year_quarter": 20222,
            "year": 2022,
            "quarter": 2,
            "eps": 1.88,
            "eps_growth_year": -18.26,
            "eps_4q": 6.09,
            "eps_4q_growth_year": -11.16,
            "roe": 5.58,
            "roe_4q": 16.630000000000003,
            "gross_profit": 1794437,
            "gross_margin": 35.64,
            "gross_margin_4q_avg": 35.69,
            "net_income": 755976,
            "net_income_4q": null,
            "revenue": 5035531,
            "revenue_4q": null,
            "common_shares": 2979639,
            "book_valuer_per_share": 37.41,
            "book_valuer_per_share_4q_avg": 35.88,
            "equity": 13939278,
            "current_ratio": 128.97,
            "debt_ratio": 56.1,
            "inventory_turnover_ratio": 0.51,
            "account_receivable_turnover_ratio": 1.65,
            "reinvestment_rate": 84.92,
            "research_to_sale_ratio": 2.82,
            "price_fair": 200.73,
            "eps_avg_yearly": 5.74,
            "eps_latest_yearly": 7.52,
            "eps_growth_yearly": 34.02
        },
        "20223": {
            "year_quarter": 20223,
            "year": 2022,
            "quarter": 3,
            "eps": 1.34,
            "eps_growth_year": 14.53,
            "eps_4q": 6.26,
            "eps_4q_growth_year": -7.92,
            "roe": 3.17,
            "roe_4q": 16.63,
            "gross_profit": 1359065,
            "gross_margin": 33.92,
            "gross_margin_4q_avg": 35.58,
            "net_income": 453890,
            "net_income_4q": null,
            "revenue": 4006920,
            "revenue_4q": null,
            "common_shares": 2979639,
            "book_valuer_per_share": 39.99,
            "book_valuer_per_share_4q_avg": 37.16,
            "equity": 14739282,
            "current_ratio": 125.98,
            "debt_ratio": 56.53,
            "inventory_turnover_ratio": 0.43,
            "account_receivable_turnover_ratio": 1.43,
            "reinvestment_rate": 103.94,
            "research_to_sale_ratio": 3.58,
            "price_fair": 204.05,
            "eps_avg_yearly": 5.83,
            "eps_latest_yearly": 5.36,
            "eps_growth_yearly": 29.41
        },
        "20224": {
            "year_quarter": 20224,
            "year": 2022,
            "quarter": 4,
            "eps": 0.33,
            "eps_growth_year": -78.03,
            "eps_4q": 5.1,
            "eps_4q_growth_year": -26.19,
            "roe": 0.31,
            "roe_4q": 13.05,
            "gross_profit": 888378,
            "gross_margin": 29.98,
            "gross_margin_4q_avg": 33.96,
            "net_income": 45002,
            "net_income_4q": null,
            "revenue": 2963038,
            "revenue_4q": null,
            "common_shares": 2979639,
            "book_valuer_per_share": 39.55,
            "book_valuer_per_share_4q_avg": 38.02,
            "equity": 14488200,
            "current_ratio": 86.21,
            "debt_ratio": 54.49,
            "inventory_turnover_ratio": 0.37,
            "account_receivable_turnover_ratio": 1.21,
            "reinvestment_rate": 100.7,
            "research_to_sale_ratio": 4.11,
            "price_fair": 62.49,
            "eps_avg_yearly": 5.58,
            "eps_latest_yearly": 1.32,
            "eps_growth_yearly": 1.19
        },
        "20231": {
            "year_quarter": 20231,
            "year": 2023,
            "quarter": 1,
            "eps": 0.45,
            "eps_growth_year": -71.15,
            "eps_4q": 4,
            "eps_4q_growth_year": -38.62,
            "roe": 0.44,
            "roe_4q": 9.5,
            "gross_profit": 940700,
            "gross_margin": 31.32,
            "gross_margin_4q_avg": 32.72,
            "net_income": 63657,
            "net_income_4q": null,
            "revenue": 3003735,
            "revenue_4q": null,
            "common_shares": 2979639,
            "book_valuer_per_share": 40.1,
            "book_valuer_per_share_4q_avg": 39.26,
            "equity": 14594462,
            "current_ratio": 123.57,
            "debt_ratio": 54.79,
            "inventory_turnover_ratio": 0.39,
            "account_receivable_turnover_ratio": 1.39,
            "reinvestment_rate": 95.16,
            "research_to_sale_ratio": 4.29,
            "price_fair": 104.57,
            "eps_avg_yearly": 5.36,
            "eps_latest_yearly": 1.8,
            "eps_growth_yearly": 9.53
        },
        "20232": {
            "year_quarter": 20232,
            "year": 2023,
            "quarter": 2,
            "eps": 0.24,
            "eps_growth_year": -87.23,
            "eps_4q": 2.37,
            "eps_4q_growth_year": -61.14,
            "roe": -0.4,
            "roe_4q": 3.52,
            "gross_profit": 725806,
            "gross_margin": 26.81,
            "gross_margin_4q_avg": 30.51,
            "net_income": -56827,
            "net_income_4q": null,
            "revenue": 2707641,
            "revenue_4q": null,
            "common_shares": 2979639,
            "book_valuer_per_share": 37.69,
            "book_valuer_per_share_4q_avg": 39.33,
            "equity": 13596786,
            "current_ratio": 111.59,
            "debt_ratio": 57.19,
            "inventory_turnover_ratio": 0.39,
            "account_receivable_turnover_ratio": 1.3,
            "reinvestment_rate": 89.9,
            "research_to_sale_ratio": 4.78,
            "price_fair": 15.26,
            "eps_avg_yearly": 5.09,
            "eps_latest_yearly": 0.96,
            "eps_growth_yearly": -1.22
        },
        "20233": {
            "year_quarter": 20233,
            "year": 2023,
            "quarter": 3,
            "eps": 0.86,
            "eps_growth_year": -35.82,
            "eps_4q": 1.88,
            "eps_4q_growth_year": -70.01,
            "roe": 1.78,
            "roe_4q": 2.13,
            "gross_profit": 1190831,
            "gross_margin": 33.29,
            "gross_margin_4q_avg": 30.35,
            "net_income": 247272,
            "net_income_4q": null,
            "revenue": 3576684,
            "revenue_4q": null,
            "common_shares": 2979639,
            "book_valuer_per_share": 39.23,
            "book_valuer_per_share_4q_avg": 39.14,
            "equity": 14133103,
            "current_ratio": 112.92,
            "debt_ratio": 57.53,
            "inventory_turnover_ratio": 0.48,
            "account_receivable_turnover_ratio": 1.63,
            "reinvestment_rate": 84.76,
            "research_to_sale_ratio": 3.62,
            "price_fair": 175.26,
            "eps_avg_yearly": 5.01,
            "eps_latest_yearly": 3.44,
            "eps_growth_yearly": 65.84
        }
    },
    "months": {
        "2001-06": {
            "month": "2001-06",
            "price": "29.22",
            "revenue": 121318
        },
        "2001-07": {
            "month": "2001-07",
            "price": "25.88",
            "revenue": 85841
        },
        "2001-08": {
            "month": "2001-08",
            "price": "23.71",
            "revenue": 110912
        },
        "2001-09": {
            "month": "2001-09",
            "price": "20.07",
            "revenue": 107043
        },
        "2001-10": {
            "month": "2001-10",
            "price": "17.10",
            "revenue": 134529
        },
        "2001-11": {
            "month": "2001-11",
            "price": "17.86",
            "revenue": 134900
        },
        "2001-12": {
            "month": "2001-12",
            "price": "21.71",
            "revenue": 112002
        },
        "2002-01": {
            "month": "2002-01",
            "price": "24.88",
            "revenue": 94217
        },
        "2002-02": {
            "month": "2002-02",
            "price": "25.62",
            "revenue": 95575
        },
        "2002-03": {
            "month": "2002-03",
            "price": "26.71",
            "revenue": 173289
        },
        "2002-04": {
            "month": "2002-04",
            "price": "35.18",
            "revenue": 162467
        },
        "2002-05": {
            "month": "2002-05",
            "price": "35.73",
            "revenue": 175991
        },
        "2002-06": {
            "month": "2002-06",
            "price": "38.67",
            "revenue": 146265
        },
        "2002-07": {
            "month": "2002-07",
            "price": "39.92",
            "revenue": 152644
        },
        "2002-08": {
            "month": "2002-08",
            "price": "38.86",
            "revenue": 151782
        },
        "2002-09": {
            "month": "2002-09",
            "price": "38.26",
            "revenue": 156548
        },
        "2002-10": {
            "month": "2002-10",
            "price": "33.83",
            "revenue": 181583
        },
        "2002-11": {
            "month": "2002-11",
            "price": "37.10",
            "revenue": 164385
        },
        "2002-12": {
            "month": "2002-12",
            "price": "37.77",
            "revenue": 138549
        },
        "2003-01": {
            "month": "2003-01",
            "price": "40.06",
            "revenue": 127819
        },
        "2003-02": {
            "month": "2003-02",
            "price": "36.58",
            "revenue": 109279
        },
        "2003-03": {
            "month": "2003-03",
            "price": "33.73",
            "revenue": 165523
        },
        "2003-04": {
            "month": "2003-04",
            "price": "34.39",
            "revenue": 176482
        },
        "2003-05": {
            "month": "2003-05",
            "price": "30.96",
            "revenue": 149848
        },
        "2003-06": {
            "month": "2003-06",
            "price": "32.56",
            "revenue": 124529
        },
        "2003-07": {
            "month": "2003-07",
            "price": "33.52",
            "revenue": 112399
        },
        "2003-08": {
            "month": "2003-08",
            "price": "31.03",
            "revenue": 112283
        },
        "2003-09": {
            "month": "2003-09",
            "price": "27.47",
            "revenue": 117409
        },
        "2003-10": {
            "month": "2003-10",
            "price": "28.04",
            "revenue": 150561
        },
        "2003-11": {
            "month": "2003-11",
            "price": "27.10",
            "revenue": 146712
        },
        "2003-12": {
            "month": "2003-12",
            "price": "25.65",
            "revenue": 154987
        },
        "2004-01": {
            "month": "2004-01",
            "price": "24.93",
            "revenue": 73443
        },
        "2004-02": {
            "month": "2004-02",
            "price": "26.16",
            "revenue": 139536
        },
        "2004-03": {
            "month": "2004-03",
            "price": "25.77",
            "revenue": 164297
        },
        "2004-04": {
            "month": "2004-04",
            "price": "26.37",
            "revenue": 171570
        },
        "2004-05": {
            "month": "2004-05",
            "price": "25.75",
            "revenue": 160220
        },
        "2004-06": {
            "month": "2004-06",
            "price": "24.48",
            "revenue": 140284
        },
        "2004-07": {
            "month": "2004-07",
            "price": "20.73",
            "revenue": 121577
        },
        "2004-08": {
            "month": "2004-08",
            "price": "19.95",
            "revenue": 116701
        },
        "2004-09": {
            "month": "2004-09",
            "price": "19.46",
            "revenue": 154724
        },
        "2004-10": {
            "month": "2004-10",
            "price": "18.98",
            "revenue": 172121
        },
        "2004-11": {
            "month": "2004-11",
            "price": "17.94",
            "revenue": 195699
        },
        "2004-12": {
            "month": "2004-12",
            "price": "20.57",
            "revenue": 166217
        },
        "2005-01": {
            "month": "2005-01",
            "price": "20.56",
            "revenue": 94531
        },
        "2005-02": {
            "month": "2005-02",
            "price": "20.61",
            "revenue": 63210
        },
        "2005-03": {
            "month": "2005-03",
            "price": "21.15",
            "revenue": 177676
        },
        "2005-04": {
            "month": "2005-04",
            "price": "20.60",
            "revenue": 170801
        },
        "2005-05": {
            "month": "2005-05",
            "price": "21.87",
            "revenue": 172523
        },
        "2005-06": {
            "month": "2005-06",
            "price": "22.70",
            "revenue": 151610
        },
        "2005-07": {
            "month": "2005-07",
            "price": "21.56",
            "revenue": 126020
        },
        "2005-08": {
            "month": "2005-08",
            "price": "19.69",
            "revenue": 158627
        },
        "2005-09": {
            "month": "2005-09",
            "price": "20.24",
            "revenue": 168169
        },
        "2005-10": {
            "month": "2005-10",
            "price": "19.39",
            "revenue": 179888
        },
        "2005-11": {
            "month": "2005-11",
            "price": "18.92",
            "revenue": 205027
        },
        "2005-12": {
            "month": "2005-12",
            "price": "19.96",
            "revenue": 179777
        },
        "2006-01": {
            "month": "2006-01",
            "price": "20.81",
            "revenue": 99273
        },
        "2006-02": {
            "month": "2006-02",
            "price": "21.75",
            "revenue": 112841
        },
        "2006-03": {
            "month": "2006-03",
            "price": "20.75",
            "revenue": 170497
        },
        "2006-04": {
            "month": "2006-04",
            "price": "20.56",
            "revenue": 440296
        },
        "2006-05": {
            "month": "2006-05",
            "price": "23.42",
            "revenue": 413432
        },
        "2006-06": {
            "month": "2006-06",
            "price": "24.09",
            "revenue": 387609
        },
        "2006-07": {
            "month": "2006-07",
            "price": "23.75",
            "revenue": 354676
        },
        "2006-08": {
            "month": "2006-08",
            "price": "21.60",
            "revenue": 374775
        },
        "2006-09": {
            "month": "2006-09",
            "price": "19.39",
            "revenue": 426728
        },
        "2006-10": {
            "month": "2006-10",
            "price": "22.46",
            "revenue": 452653
        },
        "2006-11": {
            "month": "2006-11",
            "price": "23.19",
            "revenue": 465577
        },
        "2006-12": {
            "month": "2006-12",
            "price": "25.24",
            "revenue": 421337
        },
        "2007-01": {
            "month": "2007-01",
            "price": "30.39",
            "revenue": 478514
        },
        "2007-02": {
            "month": "2007-02",
            "price": "30.21",
            "revenue": 306895
        },
        "2007-03": {
            "month": "2007-03",
            "price": "28.86",
            "revenue": 553146
        },
        "2007-04": {
            "month": "2007-04",
            "price": "30.80",
            "revenue": 569403
        },
        "2007-05": {
            "month": "2007-05",
            "price": "30.04",
            "revenue": 549476
        },
        "2007-06": {
            "month": "2007-06",
            "price": "33.47",
            "revenue": 493363
        },
        "2007-07": {
            "month": "2007-07",
            "price": "46.05",
            "revenue": 490635
        },
        "2007-08": {
            "month": "2007-08",
            "price": "46.19",
            "revenue": 490164
        },
        "2007-09": {
            "month": "2007-09",
            "price": "49.86",
            "revenue": 533362
        },
        "2007-10": {
            "month": "2007-10",
            "price": "46.82",
            "revenue": 590850
        },
        "2007-11": {
            "month": "2007-11",
            "price": "36.31",
            "revenue": 631476
        },
        "2007-12": {
            "month": "2007-12",
            "price": "32.18",
            "revenue": 584901
        },
        "2008-01": {
            "month": "2008-01",
            "price": "31.93",
            "revenue": 506857
        },
        "2008-02": {
            "month": "2008-02",
            "price": "31.60",
            "revenue": 355898
        },
        "2008-03": {
            "month": "2008-03",
            "price": "33.76",
            "revenue": 565758
        },
        "2008-04": {
            "month": "2008-04",
            "price": "33.89",
            "revenue": 586144
        },
        "2008-05": {
            "month": "2008-05",
            "price": "31.38",
            "revenue": 565678
        },
        "2008-06": {
            "month": "2008-06",
            "price": "24.95",
            "revenue": 497988
        },
        "2008-07": {
            "month": "2008-07",
            "price": "22.50",
            "revenue": 497988
        },
        "2008-08": {
            "month": "2008-08",
            "price": "19.74",
            "revenue": 521638
        },
        "2008-09": {
            "month": "2008-09",
            "price": "14.18",
            "revenue": 586906
        },
        "2008-10": {
            "month": "2008-10",
            "price": "12.35",
            "revenue": 570276
        },
        "2008-11": {
            "month": "2008-11",
            "price": "10.53",
            "revenue": 517847
        },
        "2008-12": {
            "month": "2008-12",
            "price": "9.94",
            "revenue": 444163
        },
        "2009-01": {
            "month": "2009-01",
            "price": "8.95",
            "revenue": 347141
        },
        "2009-02": {
            "month": "2009-02",
            "price": "8.49",
            "revenue": 452519
        },
        "2009-03": {
            "month": "2009-03",
            "price": "9.76",
            "revenue": 551311
        },
        "2009-04": {
            "month": "2009-04",
            "price": "12.57",
            "revenue": 531180
        },
        "2009-05": {
            "month": "2009-05",
            "price": "14.06",
            "revenue": 466978
        },
        "2009-06": {
            "month": "2009-06",
            "price": "16.93",
            "revenue": 502353
        },
        "2009-07": {
            "month": "2009-07",
            "price": "17.05",
            "revenue": 501805
        },
        "2009-08": {
            "month": "2009-08",
            "price": "17.00",
            "revenue": 423511
        },
        "2009-09": {
            "month": "2009-09",
            "price": "17.02",
            "revenue": 530000
        },
        "2009-10": {
            "month": "2009-10",
            "price": "17.81",
            "revenue": 553544
        },
        "2009-11": {
            "month": "2009-11",
            "price": "20.58",
            "revenue": 530689
        },
        "2009-12": {
            "month": "2009-12",
            "price": "23.05",
            "revenue": 528983
        },
        "2010-01": {
            "month": "2010-01",
            "price": "26.46",
            "revenue": 472202
        },
        "2010-02": {
            "month": "2010-02",
            "price": "24.60",
            "revenue": 309842
        },
        "2010-03": {
            "month": "2010-03",
            "price": "26.03",
            "revenue": 614541
        },
        "2010-04": {
            "month": "2010-04",
            "price": "27.74",
            "revenue": 633594
        },
        "2010-05": {
            "month": "2010-05",
            "price": "26.81",
            "revenue": 652772
        },
        "2010-06": {
            "month": "2010-06",
            "price": "26.50",
            "revenue": 659067
        },
        "2010-07": {
            "month": "2010-07",
            "price": "26.69",
            "revenue": 712388
        },
        "2010-08": {
            "month": "2010-08",
            "price": "28.19",
            "revenue": 782954
        },
        "2010-09": {
            "month": "2010-09",
            "price": "30.34",
            "revenue": 973033
        },
        "2010-10": {
            "month": "2010-10",
            "price": "33.25",
            "revenue": 975096
        },
        "2010-11": {
            "month": "2010-11",
            "price": "32.33",
            "revenue": 892786
        },
        "2010-12": {
            "month": "2010-12",
            "price": "31.57",
            "revenue": 771905
        },
        "2011-01": {
            "month": "2011-01",
            "price": "31.70",
            "revenue": 640162
        },
        "2011-02": {
            "month": "2011-02",
            "price": "30.12",
            "revenue": 566402
        },
        "2011-03": {
            "month": "2011-03",
            "price": "32.83",
            "revenue": 835808
        },
        "2011-04": {
            "month": "2011-04",
            "price": "35.68",
            "revenue": 828093
        },
        "2011-05": {
            "month": "2011-05",
            "price": "33.74",
            "revenue": 714399
        },
        "2011-06": {
            "month": "2011-06",
            "price": "32.20",
            "revenue": 671163
        },
        "2011-07": {
            "month": "2011-07",
            "price": "31.15",
            "revenue": 587641
        },
        "2011-08": {
            "month": "2011-08",
            "price": "27.49",
            "revenue": 520328
        },
        "2011-09": {
            "month": "2011-09",
            "price": "23.32",
            "revenue": 698091
        },
        "2011-10": {
            "month": "2011-10",
            "price": "21.76",
            "revenue": 696498
        },
        "2011-11": {
            "month": "2011-11",
            "price": "21.28",
            "revenue": 729690
        },
        "2011-12": {
            "month": "2011-12",
            "price": "21.47",
            "revenue": 698499
        },
        "2012-01": {
            "month": "2012-01",
            "price": "24.02",
            "revenue": 372264
        },
        "2012-02": {
            "month": "2012-02",
            "price": "23.94",
            "revenue": 498961
        },
        "2012-03": {
            "month": "2012-03",
            "price": "24.07",
            "revenue": 666423
        },
        "2012-04": {
            "month": "2012-04",
            "price": "21.38",
            "revenue": 586275
        },
        "2012-05": {
            "month": "2012-05",
            "price": "21.32",
            "revenue": 573235
        },
        "2012-06": {
            "month": "2012-06",
            "price": "19.79",
            "revenue": 538214
        },
        "2012-07": {
            "month": "2012-07",
            "price": "19.78",
            "revenue": 503567
        },
        "2012-08": {
            "month": "2012-08",
            "price": "19.83",
            "revenue": 567172
        },
        "2012-09": {
            "month": "2012-09",
            "price": "19.28",
            "revenue": 610099
        },
        "2012-10": {
            "month": "2012-10",
            "price": "18.06",
            "revenue": 678056
        },
        "2012-11": {
            "month": "2012-11",
            "price": "16.12",
            "revenue": 793664
        },
        "2012-12": {
            "month": "2012-12",
            "price": "17.81",
            "revenue": 641741
        },
        "2013-01": {
            "month": "2013-01",
            "price": "17.45",
            "revenue": 545200
        },
        "2013-02": {
            "month": "2013-02",
            "price": "17.69",
            "revenue": 348206
        },
        "2013-03": {
            "month": "2013-03",
            "price": "18.54",
            "revenue": 755114
        },
        "2013-04": {
            "month": "2013-04",
            "price": "20.30",
            "revenue": 775867
        },
        "2013-05": {
            "month": "2013-05",
            "price": "21.40",
            "revenue": 724940
        },
        "2013-06": {
            "month": "2013-06",
            "price": "23.19",
            "revenue": 661612
        },
        "2013-07": {
            "month": "2013-07",
            "price": "28.42",
            "revenue": 602483
        },
        "2013-08": {
            "month": "2013-08",
            "price": "31.85",
            "revenue": 683218
        },
        "2013-09": {
            "month": "2013-09",
            "price": "34.10",
            "revenue": 741392
        },
        "2013-10": {
            "month": "2013-10",
            "price": "41.25",
            "revenue": 841613
        },
        "2013-11": {
            "month": "2013-11",
            "price": "39.55",
            "revenue": 790212
        },
        "2013-12": {
            "month": "2013-12",
            "price": "37.08",
            "revenue": 696849
        },
        "2014-01": {
            "month": "2014-01",
            "price": "33.29",
            "revenue": 589677
        },
        "2014-02": {
            "month": "2014-02",
            "price": "32.62",
            "revenue": 587631
        },
        "2014-03": {
            "month": "2014-03",
            "price": "36.43",
            "revenue": 937907
        },
        "2014-04": {
            "month": "2014-04",
            "price": "39.44",
            "revenue": 868601
        },
        "2014-05": {
            "month": "2014-05",
            "price": "41.11",
            "revenue": 735086
        },
        "2014-06": {
            "month": "2014-06",
            "price": "42.07",
            "revenue": 687765
        },
        "2014-07": {
            "month": "2014-07",
            "price": "40.55",
            "revenue": 664283
        },
        "2014-08": {
            "month": "2014-08",
            "price": "38.80",
            "revenue": 702503
        },
        "2014-09": {
            "month": "2014-09",
            "price": "38.27",
            "revenue": 853593
        },
        "2014-10": {
            "month": "2014-10",
            "price": "40.30",
            "revenue": 857222
        },
        "2014-11": {
            "month": "2014-11",
            "price": "42.38",
            "revenue": 802396
        },
        "2014-12": {
            "month": "2014-12",
            "price": "40.89",
            "revenue": 834592
        },
        "2015-01": {
            "month": "2015-01",
            "price": "46.57",
            "revenue": 733892
        },
        "2015-02": {
            "month": "2015-02",
            "price": "57.45",
            "revenue": 452926
        },
        "2015-03": {
            "month": "2015-03",
            "price": "66.25",
            "revenue": 957233
        },
        "2015-04": {
            "month": "2015-04",
            "price": "77.66",
            "revenue": 951053
        },
        "2015-05": {
            "month": "2015-05",
            "price": "83.40",
            "revenue": 745657
        },
        "2015-06": {
            "month": "2015-06",
            "price": "90.71",
            "revenue": 702656
        },
        "2015-07": {
            "month": "2015-07",
            "price": "70.65",
            "revenue": 696352
        },
        "2015-08": {
            "month": "2015-08",
            "price": "72.17",
            "revenue": 791918
        },
        "2015-09": {
            "month": "2015-09",
            "price": "83.74",
            "revenue": 882719
        },
        "2015-10": {
            "month": "2015-10",
            "price": "81.00",
            "revenue": 898476
        },
        "2015-11": {
            "month": "2015-11",
            "price": "75.58",
            "revenue": 803382
        },
        "2015-12": {
            "month": "2015-12",
            "price": "72.99",
            "revenue": 839569
        },
        "2016-01": {
            "month": "2016-01",
            "price": "74.54",
            "revenue": 745492
        },
        "2016-02": {
            "month": "2016-02",
            "price": "79.65",
            "revenue": 587365
        },
        "2016-03": {
            "month": "2016-03",
            "price": "90.55",
            "revenue": 1160310
        },
        "2016-04": {
            "month": "2016-04",
            "price": "95.69",
            "revenue": 957999
        },
        "2016-05": {
            "month": "2016-05",
            "price": "91.43",
            "revenue": 915799
        },
        "2016-06": {
            "month": "2016-06",
            "price": "87.15",
            "revenue": 831128
        },
        "2016-07": {
            "month": "2016-07",
            "price": "92.53",
            "revenue": 753161
        },
        "2016-08": {
            "month": "2016-08",
            "price": "92.49",
            "revenue": 948421
        },
        "2016-09": {
            "month": "2016-09",
            "price": "102.71",
            "revenue": 1029130
        },
        "2016-10": {
            "month": "2016-10",
            "price": "112.40",
            "revenue": 932586
        },
        "2016-11": {
            "month": "2016-11",
            "price": "97.85",
            "revenue": 914372
        },
        "2016-12": {
            "month": "2016-12",
            "price": "95.52",
            "revenue": 881613
        },
        "2017-01": {
            "month": "2017-01",
            "price": "95.22",
            "revenue": 716322
        },
        "2017-02": {
            "month": "2017-02",
            "price": "93.31",
            "revenue": 798253
        },
        "2017-03": {
            "month": "2017-03",
            "price": "103.39",
            "revenue": 1270171
        },
        "2017-04": {
            "month": "2017-04",
            "price": "103.68",
            "revenue": 988289
        },
        "2017-05": {
            "month": "2017-05",
            "price": "101.62",
            "revenue": 918010
        },
        "2017-06": {
            "month": "2017-06",
            "price": "104.72",
            "revenue": 957027
        },
        "2017-07": {
            "month": "2017-07",
            "price": "121.52",
            "revenue": 899928
        },
        "2017-08": {
            "month": "2017-08",
            "price": "125.57",
            "revenue": 1035603
        },
        "2017-09": {
            "month": "2017-09",
            "price": "131.11",
            "revenue": 1197852
        },
        "2017-10": {
            "month": "2017-10",
            "price": "128.53",
            "revenue": 980386
        },
        "2017-11": {
            "month": "2017-11",
            "price": "117.95",
            "revenue": 1068419
        },
        "2017-12": {
            "month": "2017-12",
            "price": "119.86",
            "revenue": 898536
        },
        "2018-01": {
            "month": "2018-01",
            "price": "113.56",
            "revenue": 977559
        },
        "2018-02": {
            "month": "2018-02",
            "price": "96.35",
            "revenue": 648029
        },
        "2018-03": {
            "month": "2018-03",
            "price": "86.00",
            "revenue": 1268339
        },
        "2018-04": {
            "month": "2018-04",
            "price": "73.78",
            "revenue": 1056965
        },
        "2018-05": {
            "month": "2018-05",
            "price": "73.26",
            "revenue": 990147
        },
        "2018-06": {
            "month": "2018-06",
            "price": "70.08",
            "revenue": 957449
        },
        "2018-07": {
            "month": "2018-07",
            "price": "62.32",
            "revenue": 941503
        },
        "2018-08": {
            "month": "2018-08",
            "price": "63.59",
            "revenue": 1102115
        },
        "2018-09": {
            "month": "2018-09",
            "price": "66.35",
            "revenue": 1115623
        },
        "2018-10": {
            "month": "2018-10",
            "price": "49.72",
            "revenue": 1071915
        },
        "2018-11": {
            "month": "2018-11",
            "price": "50.68",
            "revenue": 1074011
        },
        "2018-12": {
            "month": "2018-12",
            "price": "50.14",
            "revenue": 2484645
        },
        "2019-01": {
            "month": "2019-01",
            "price": "61.70",
            "revenue": 1264493
        },
        "2019-02": {
            "month": "2019-02",
            "price": "67.21",
            "revenue": 1338991
        },
        "2019-03": {
            "month": "2019-03",
            "price": "69.30",
            "revenue": 1732884
        },
        "2019-04": {
            "month": "2019-04",
            "price": "76.24",
            "revenue": 1292121
        },
        "2019-05": {
            "month": "2019-05",
            "price": "75.83",
            "revenue": 1138518
        },
        "2019-06": {
            "month": "2019-06",
            "price": "84.87",
            "revenue": 1135442
        },
        "2019-07": {
            "month": "2019-07",
            "price": "91.70",
            "revenue": 1083071
        },
        "2019-08": {
            "month": "2019-08",
            "price": "87.50",
            "revenue": 1273326
        },
        "2019-09": {
            "month": "2019-09",
            "price": "80.62",
            "revenue": 1351447
        },
        "2019-10": {
            "month": "2019-10",
            "price": "80.74",
            "revenue": 1254286
        },
        "2019-11": {
            "month": "2019-11",
            "price": "79.19",
            "revenue": 1261263
        },
        "2019-12": {
            "month": "2019-12",
            "price": "79.85",
            "revenue": 1193604
        },
        "2020-01": {
            "month": "2020-01",
            "price": "85.47",
            "revenue": 958811
        },
        "2020-02": {
            "month": "2020-02",
            "price": "77.31",
            "revenue": 1499752
        },
        "2020-03": {
            "month": "2020-03",
            "price": "58.23",
            "revenue": 2129722
        },
        "2020-04": {
            "month": "2020-04",
            "price": "61.44",
            "revenue": 1248844
        },
        "2020-05": {
            "month": "2020-05",
            "price": "65.54",
            "revenue": 822994
        },
        "2020-06": {
            "month": "2020-06",
            "price": "67.21",
            "revenue": 927177
        },
        "2020-07": {
            "month": "2020-07",
            "price": "65.31",
            "revenue": 1039446
        },
        "2020-08": {
            "month": "2020-08",
            "price": "72.52",
            "revenue": 1062495
        },
        "2020-09": {
            "month": "2020-09",
            "price": "70.05",
            "revenue": 1308617
        },
        "2020-10": {
            "month": "2020-10",
            "price": "70.84",
            "revenue": 1215235
        },
        "2020-11": {
            "month": "2020-11",
            "price": "73.86",
            "revenue": 1268393
        },
        "2020-12": {
            "month": "2020-12",
            "price": "73.10",
            "revenue": 1254742
        },
        "2021-01": {
            "month": "2021-01",
            "price": "77.31",
            "revenue": 1385151
        },
        "2021-02": {
            "month": "2021-02",
            "price": "83.52",
            "revenue": 885916
        },
        "2021-03": {
            "month": "2021-03",
            "price": "81.02",
            "revenue": 2392501
        },
        "2021-04": {
            "month": "2021-04",
            "price": "91.54",
            "revenue": 3096417
        },
        "2021-05": {
            "month": "2021-05",
            "price": "92.59",
            "revenue": 1586447
        },
        "2021-06": {
            "month": "2021-06",
            "price": "99.23",
            "revenue": 1328818
        },
        "2021-07": {
            "month": "2021-07",
            "price": "96.68",
            "revenue": 1312886
        },
        "2021-08": {
            "month": "2021-08",
            "price": "85.00",
            "revenue": 1065271
        },
        "2021-09": {
            "month": "2021-09",
            "price": "85.04",
            "revenue": 1120644
        },
        "2021-10": {
            "month": "2021-10",
            "price": "79.60",
            "revenue": 1128420
        },
        "2021-11": {
            "month": "2021-11",
            "price": "82.75",
            "revenue": 1567499
        },
        "2021-12": {
            "month": "2021-12",
            "price": "80.70",
            "revenue": 1392699
        },
        "2022-01": {
            "month": "2022-01",
            "price": "82.61",
            "revenue": 1328320
        },
        "2022-02": {
            "month": "2022-02",
            "price": "80.36",
            "revenue": 1108783
        },
        "2022-03": {
            "month": "2022-03",
            "price": "72.07",
            "revenue": 1834418
        },
        "2022-04": {
            "month": "2022-04",
            "price": "70.81",
            "revenue": 1944506
        },
        "2022-05": {
            "month": "2022-05",
            "price": "65.85",
            "revenue": 1750136
        },
        "2022-06": {
            "month": "2022-06",
            "price": "68.44",
            "revenue": 1298356
        },
        "2022-07": {
            "month": "2022-07",
            "price": "62.21",
            "revenue": 1340178
        },
        "2022-08": {
            "month": "2022-08",
            "price": "60.99",
            "revenue": 1476959
        },
        "2022-09": {
            "month": "2022-09",
            "price": "63.12",
            "revenue": 1254333
        },
        "2022-10": {
            "month": "2022-10",
            "price": "52.95",
            "revenue": 1092927
        },
        "2022-11": {
            "month": "2022-11",
            "price": "52.62",
            "revenue": 1031162
        },
        "2022-12": {
            "month": "2022-12",
            "price": "55.73",
            "revenue": 1025448
        },
        "2023-01": {
            "month": "2023-01",
            "price": "57.92",
            "revenue": 779389
        },
        "2023-02": {
            "month": "2023-02",
            "price": "60.97",
            "revenue": 1069405
        },
        "2023-03": {
            "month": "2023-03",
            "price": "59.90",
            "revenue": 1139724
        },
        "2023-04": {
            "month": "2023-04",
            "price": "57.48",
            "revenue": 822447
        },
        "2023-05": {
            "month": "2023-05",
            "price": "55.57",
            "revenue": 957855
        },
        "2023-06": {
            "month": "2023-06",
            "price": "54.62",
            "revenue": 942241
        },
        "2023-07": {
            "month": "2023-07",
            "price": "55.66",
            "revenue": 1035897
        },
        "2023-08": {
            "month": "2023-08",
            "price": "49.85",
            "revenue": 1272558
        },
        "2023-09": {
            "month": "2023-09",
            "price": "53.22",
            "revenue": 1175742
        },
        "2023-10": {
            "month": "2023-10",
            "price": "57.26",
            "revenue": 1058184
        },
        "2023-11": {
            "month": "2023-11",
            "price": "59.80",
            "revenue": 1076575
        },
        "2023-12": {
            "month": "2023-12",
            "price": "60.73",
            "revenue": 1016891
        }
    }
}
