{
    "summary": {
        "stock_name": "宏全",
        "stock_id": "9939",
        "category": "其他",
        "main_business": "塑蓋、鋁蓋、爪蓋、標籤、PET瓶、瓶胚<br>飲料充填代工業務",
        "website_url": "http://www.honchuan.com",
        "ceo": "曹宏宇",
        "pe_ratio": 13,
        "report_year_from": 2001,
        "report_year_to": 2023,
        "age": 22,
        "eps_negative_percentage": 0,
        "eps_growth_avg": {
            "last_all": 8.61,
            "last_2y": 17.73,
            "last_4y": 13.67,
            "last_8y": 7.83,
            "last_12y": 4.67,
            "last_16y": 10.85,
            "last_20y": 8.61,
            "at_2006_last_3y": -9.31,
            "at_2007_last_3y": -14.15,
            "at_2008_last_3y": 14.86,
            "at_2009_last_3y": 30.9,
            "at_2010_last_3y": 27.51,
            "at_2011_last_3y": 31.78,
            "at_2012_last_3y": 3.98,
            "at_2013_last_3y": -2.43,
            "at_2014_last_3y": -8.16,
            "at_2015_last_3y": -9.75,
            "at_2016_last_3y": -1.49,
            "at_2017_last_3y": 0.54,
            "at_2018_last_3y": 0.96,
            "at_2019_last_3y": 10.42,
            "at_2020_last_3y": 10.32,
            "at_2021_last_3y": 13.93,
            "at_2022_last_3y": 19.93,
            "at_2023_last_3y": 19.93,
            "at_2006_last_all": 3.97,
            "at_2007_last_all": -0.37,
            "at_2008_last_all": 13.97,
            "at_2009_last_all": 15,
            "at_2010_last_all": 14.43,
            "at_2011_last_all": 12.49,
            "at_2012_last_all": 10.34,
            "at_2013_last_all": 9.19,
            "at_2014_last_all": 7.48,
            "at_2015_last_all": 6.14,
            "at_2016_last_all": 7.18,
            "at_2017_last_all": 7.03,
            "at_2018_last_all": 5.95,
            "at_2019_last_all": 7.09,
            "at_2020_last_all": 7.84,
            "at_2021_last_all": 8.41,
            "at_2022_last_all": 8.61,
            "at_2023_last_all": 8.61
        },
        "latest_eps": 7.66,
        "latest_price": 101.5,
        "latest_roe": 15.08,
        "latest_gross_margin": 22.08,
        "latest_equity": 15557919,
        "latest_revenue": 7218847,
        "latest_gross_profit": 1593632,
        "latest_net_income": 801732,
        "latest_debt_ratio": 59.47,
        "latest_current_ratio": 118.38,
        "latest_account_receivable_turnover_ratio": 1.4,
        "latest_inventory_turnover_ratio": 1.95,
        "latest_reinvestment_rate": 17.24,
        "latest_research_to_sale_ratio": 0.8
    },
    "eps_dividends": {
        "1999": {
            "cash": 1.5,
            "stock": 0.5,
            "eps": 0
        },
        "2000": {
            "cash": 1.2,
            "stock": 1.2,
            "eps": 0
        },
        "2001": {
            "cash": 1.25,
            "stock": 1.25,
            "eps": 2.12
        },
        "2002": {
            "cash": 0.75,
            "stock": 0.75,
            "eps": 3.33
        },
        "2003": {
            "cash": 1.47,
            "stock": 0.98,
            "eps": 3.24
        },
        "2004": {
            "cash": 1.49,
            "stock": 0.5,
            "eps": 2.72
        },
        "2005": {
            "cash": 1.2,
            "stock": 0.3,
            "eps": 1.58
        },
        "2006": {
            "cash": 0.8,
            "stock": 0.2,
            "eps": 1.95
        },
        "2007": {
            "cash": 1,
            "stock": 0.2,
            "eps": 1.52
        },
        "2008": {
            "cash": 0.8,
            "stock": 0.2,
            "eps": 3.91
        },
        "2009": {
            "cash": 2,
            "stock": 0.3,
            "eps": 4.78
        },
        "2010": {
            "cash": 2.5,
            "stock": 0.2,
            "eps": 5.25
        },
        "2011": {
            "cash": 6,
            "stock": 0,
            "eps": 4.99
        },
        "2012": {
            "cash": 0,
            "stock": 0,
            "eps": 4.43
        },
        "2013": {
            "cash": 3,
            "stock": 0,
            "eps": 4.28
        },
        "2014": {
            "cash": 2.5,
            "stock": 0,
            "eps": 3.72
        },
        "2015": {
            "cash": 2.2,
            "stock": 0,
            "eps": 3.3
        },
        "2016": {
            "cash": 2,
            "stock": 0,
            "eps": 4.02
        },
        "2017": {
            "cash": 2.5,
            "stock": 0,
            "eps": 4.21
        },
        "2018": {
            "cash": 2.5,
            "stock": 0,
            "eps": 3.73
        },
        "2019": {
            "cash": 2.3,
            "stock": 0,
            "eps": 4.72
        },
        "2020": {
            "cash": 3,
            "stock": 0,
            "eps": 5.73
        },
        "2021": {
            "cash": 3.6,
            "stock": 0,
            "eps": 6.83
        },
        "2022": {
            "cash": 4.3,
            "stock": 0,
            "eps": 7.69
        },
        "2023": {
            "cash": 4.8,
            "stock": 0,
            "eps": 4.3
        }
    },
    "dividends": {
        "1999-04-20": {
            "cash": 1.5,
            "stock": 0.5
        },
        "2000-04-18": {
            "cash": 1.2,
            "stock": 1.2
        },
        "2001-05-31": {
            "cash": 1.25,
            "stock": 1.25
        },
        "2002-05-07": {
            "cash": 0.75,
            "stock": 0.75
        },
        "2003-04-29": {
            "cash": 1.47,
            "stock": 0.98
        },
        "2004-03-23": {
            "cash": 1.49,
            "stock": 0.5
        },
        "2005-03-30": {
            "cash": 1.2,
            "stock": 0.3
        },
        "2006-04-04": {
            "cash": 0.8,
            "stock": 0.2
        },
        "2007-04-03": {
            "cash": 1,
            "stock": 0.2
        },
        "2008-03-25": {
            "cash": 0.8,
            "stock": 0.2
        },
        "2009-03-26": {
            "cash": 2,
            "stock": 0.3
        },
        "2010-03-30": {
            "cash": 2.5,
            "stock": 0.2
        },
        "2011-01-01": {
            "cash": 3,
            "stock": 0
        },
        "2011-06-15": {
            "cash": 3,
            "stock": 0
        },
        "2013-03-29": {
            "cash": 3,
            "stock": 0
        },
        "2014-08-08": {
            "cash": 2.5,
            "stock": 0
        },
        "2015-08-12": {
            "cash": 2.2,
            "stock": 0
        },
        "2016-08-10": {
            "cash": 2,
            "stock": 0
        },
        "2017-08-10": {
            "cash": 2.5,
            "stock": 0
        },
        "2018-07-27": {
            "cash": 2.5,
            "stock": 0
        },
        "2019-07-25": {
            "cash": 2.3,
            "stock": 0
        },
        "2020-08-05": {
            "cash": 3,
            "stock": 0
        },
        "2021-07-28": {
            "cash": 3.6,
            "stock": 0
        },
        "2022-07-28": {
            "cash": 4.3,
            "stock": 0
        },
        "2023-07-20": {
            "cash": 4.8,
            "stock": 0
        }
    },
    "prices": {
        "200101": "無",
        "200102": "無",
        "200103": "34.83",
        "200104": "35.14",
        "200105": "33.08",
        "200106": "31.79",
        "200107": "26.33",
        "200108": "23.79",
        "200109": "17.45",
        "200110": "15.31",
        "200111": "17.30",
        "200112": "18.76",
        "200201": "19.48",
        "200202": "22.79",
        "200203": "32.23",
        "200204": "36.36",
        "200205": "37.85",
        "200206": "42.57",
        "200207": "42.03",
        "200208": "40.01",
        "200209": "38.32",
        "200210": "36.43",
        "200211": "42.24",
        "200212": "43.19",
        "200301": "50.26",
        "200302": "50.14",
        "200303": "48.47",
        "200304": "50.89",
        "200305": "48.73",
        "200306": "49.48",
        "200307": "48.34",
        "200308": "47.29",
        "200309": "42.20",
        "200310": "43.15",
        "200311": "43.30",
        "200312": "42.15",
        "200401": "44.09",
        "200402": "48.96",
        "200403": "47.42",
        "200404": "42.99",
        "200405": "32.99",
        "200406": "34.32",
        "200407": "33.62",
        "200408": "30.54",
        "200409": "31.09",
        "200410": "27.46",
        "200411": "24.52",
        "200412": "27.61",
        "200501": "28.69",
        "200502": "27.85",
        "200503": "29.13",
        "200504": "25.55",
        "200505": "26.17",
        "200506": "28.48",
        "200507": "26.99",
        "200508": "25.95",
        "200509": "20.45",
        "200510": "18.36",
        "200511": "19.63",
        "200512": "22.19",
        "200601": "22.48",
        "200602": "22.50",
        "200603": "21.41",
        "200604": "24.43",
        "200605": "26.64",
        "200606": "29.26",
        "200607": "27.30",
        "200608": "25.46",
        "200609": "23.23",
        "200610": "24.28",
        "200611": "23.66",
        "200612": "27.95",
        "200701": "28.52",
        "200702": "28.31",
        "200703": "28.97",
        "200704": "31.25",
        "200705": "28.61",
        "200706": "30.56",
        "200707": "33.08",
        "200708": "31.69",
        "200709": "29.98",
        "200710": "28.98",
        "200711": "24.77",
        "200712": "23.50",
        "200801": "26.25",
        "200802": "28.01",
        "200803": "29.37",
        "200804": "34.29",
        "200805": "37.40",
        "200806": "34.78",
        "200807": "35.36",
        "200808": "32.21",
        "200809": "29.17",
        "200810": "25.34",
        "200811": "28.50",
        "200812": "28.93",
        "200901": "31.93",
        "200902": "32.56",
        "200903": "35.94",
        "200904": "43.89",
        "200905": "48.68",
        "200906": "48.71",
        "200907": "53.03",
        "200908": "49.30",
        "200909": "50.88",
        "200910": "52.40",
        "200911": "53.46",
        "200912": "52.15",
        "201001": "54.05",
        "201002": "52.44",
        "201003": "55.65",
        "201004": "59.90",
        "201005": "58.64",
        "201006": "60.17",
        "201007": "58.79",
        "201008": "60.89",
        "201009": "60.56",
        "201010": "60.99",
        "201011": "64.66",
        "201012": "67.33",
        "201101": "68.54",
        "201102": "67.21",
        "201103": "70.82",
        "201104": "80.37",
        "201105": "83.36",
        "201106": "82.73",
        "201107": "86.79",
        "201108": "80.31",
        "201109": "71.71",
        "201110": "68.46",
        "201111": "60.84",
        "201112": "56.78",
        "201201": "59.41",
        "201202": "68.52",
        "201203": "68.54",
        "201204": "64.60",
        "201205": "65.71",
        "201206": "65.04",
        "201207": "66.59",
        "201208": "67.52",
        "201209": "63.82",
        "201210": "65.58",
        "201211": "61.82",
        "201212": "62.15",
        "201301": "71.08",
        "201302": "75.41",
        "201303": "77.40",
        "201304": "75.30",
        "201305": "79.02",
        "201306": "74.39",
        "201307": "72.53",
        "201308": "66.83",
        "201309": "65.52",
        "201310": "63.05",
        "201311": "59.41",
        "201312": "59.56",
        "201401": "63.58",
        "201402": "65.32",
        "201403": "65.29",
        "201404": "64.20",
        "201405": "60.44",
        "201406": "59.36",
        "201407": "60.56",
        "201408": "59.38",
        "201409": "57.00",
        "201410": "51.02",
        "201411": "48.89",
        "201412": "54.58",
        "201501": "55.95",
        "201502": "56.68",
        "201503": "60.46",
        "201504": "58.66",
        "201505": "59.68",
        "201506": "60.59",
        "201507": "54.05",
        "201508": "48.59",
        "201509": "48.68",
        "201510": "50.98",
        "201511": "50.47",
        "201512": "47.50",
        "201601": "45.63",
        "201602": "47.39",
        "201603": "48.28",
        "201604": "49.30",
        "201605": "49.37",
        "201606": "48.24",
        "201607": "48.04",
        "201608": "47.51",
        "201609": "47.31",
        "201610": "50.74",
        "201611": "52.02",
        "201612": "53.15",
        "201701": "53.72",
        "201702": "57.02",
        "201703": "60.06",
        "201704": "59.25",
        "201705": "61.94",
        "201706": "61.75",
        "201707": "57.13",
        "201708": "54.33",
        "201709": "55.42",
        "201710": "55.33",
        "201711": "53.87",
        "201712": "57.06",
        "201801": "56.99",
        "201802": "54.85",
        "201803": "55.00",
        "201804": "53.06",
        "201805": "51.25",
        "201806": "53.43",
        "201807": "51.91",
        "201808": "53.05",
        "201809": "51.46",
        "201810": "48.63",
        "201811": "47.84",
        "201812": "47.27",
        "201901": "48.67",
        "201902": "50.63",
        "201903": "49.92",
        "201904": "49.40",
        "201905": "49.53",
        "201906": "52.97",
        "201907": "55.22",
        "201908": "55.31",
        "201909": "57.33",
        "201910": "54.33",
        "201911": "57.04",
        "201912": "60.17",
        "202001": "62.85",
        "202002": "60.10",
        "202003": "51.20",
        "202004": "50.73",
        "202005": "54.49",
        "202006": "55.19",
        "202007": "55.54",
        "202008": "56.42",
        "202009": "56.40",
        "202010": "56.99",
        "202011": "59.65",
        "202012": "59.11",
        "202101": "59.45",
        "202102": "60.78",
        "202103": "67.03",
        "202104": "75.25",
        "202105": "71.53",
        "202106": "73.78",
        "202107": "75.45",
        "202108": "76.78",
        "202109": "71.94",
        "202110": "66.88",
        "202111": "67.81",
        "202112": "69.06",
        "202201": "71.32",
        "202202": "75.38",
        "202203": "76.72",
        "202204": "76.59",
        "202205": "74.23",
        "202206": "77.09",
        "202207": "72.68",
        "202208": "74.77",
        "202209": "80.66",
        "202210": "81.49",
        "202211": "82.45",
        "202212": "85.18",
        "202301": "87.25",
        "202302": "93.62",
        "202303": "98.84",
        "202304": "99.34",
        "202305": "102.12",
        "202306": "104.10",
        "202307": "104.62",
        "202308": "102.24",
        "202309": "105.45",
        "202310": "103.22"
    },
    "quarters": {
        "20011": {
            "year_quarter": 20011,
            "year": 2001,
            "quarter": 1,
            "eps": 0.54,
            "eps_growth_year": -5.26,
            "eps_4q": 3.08,
            "eps_4q_growth_year": null,
            "roe": 3.36,
            "roe_4q": 3.36,
            "gross_profit": 81588,
            "gross_margin": 26.39,
            "gross_margin_4q_avg": 26.39,
            "net_income": 42240,
            "net_income_4q": null,
            "revenue": 309164,
            "revenue_4q": null,
            "common_shares": 788750,
            "book_valuer_per_share": 16.2,
            "book_valuer_per_share_4q_avg": 16.2,
            "equity": 1277649,
            "current_ratio": 117.11,
            "debt_ratio": 45.65,
            "inventory_turnover_ratio": 0.65,
            "account_receivable_turnover_ratio": null,
            "reinvestment_rate": null,
            "research_to_sale_ratio": null,
            "price_fair": 0,
            "eps_avg_yearly": 0,
            "eps_latest_yearly": 0,
            "eps_growth_yearly": 0
        },
        "20012": {
            "year_quarter": 20012,
            "year": 2001,
            "quarter": 2,
            "eps": 0.52,
            "eps_growth_year": -50,
            "eps_4q": 2.3,
            "eps_4q_growth_year": null,
            "roe": 3.7,
            "roe_4q": 7.0600000000000005,
            "gross_profit": 99909,
            "gross_margin": 26.26,
            "gross_margin_4q_avg": 26.33,
            "net_income": 46266,
            "net_income_4q": null,
            "revenue": 380451,
            "revenue_4q": null,
            "common_shares": 788750,
            "book_valuer_per_share": 15.48,
            "book_valuer_per_share_4q_avg": 15.84,
            "equity": 1221297,
            "current_ratio": 106.09,
            "debt_ratio": 47.8,
            "inventory_turnover_ratio": 0.89,
            "account_receivable_turnover_ratio": null,
            "reinvestment_rate": null,
            "research_to_sale_ratio": null,
            "price_fair": 0,
            "eps_avg_yearly": 0,
            "eps_latest_yearly": 0,
            "eps_growth_yearly": 0
        },
        "20013": {
            "year_quarter": 20013,
            "year": 2001,
            "quarter": 3,
            "eps": 0.57,
            "eps_growth_year": -39.36,
            "eps_4q": 1.98,
            "eps_4q_growth_year": null,
            "roe": 3.89,
            "roe_4q": 10.95,
            "gross_profit": 130705,
            "gross_margin": 30.3,
            "gross_margin_4q_avg": 27.65,
            "net_income": 53035,
            "net_income_4q": null,
            "revenue": 431315,
            "revenue_4q": null,
            "common_shares": 987344,
            "book_valuer_per_share": 15.24,
            "book_valuer_per_share_4q_avg": 15.64,
            "equity": 1504333,
            "current_ratio": 144.78,
            "debt_ratio": 40.11,
            "inventory_turnover_ratio": 1.11,
            "account_receivable_turnover_ratio": null,
            "reinvestment_rate": null,
            "research_to_sale_ratio": null,
            "price_fair": 0,
            "eps_avg_yearly": 0,
            "eps_latest_yearly": 0,
            "eps_growth_yearly": 0
        },
        "20014": {
            "year_quarter": 20014,
            "year": 2001,
            "quarter": 4,
            "eps": 0.49,
            "eps_growth_year": -9.26,
            "eps_4q": 2.02,
            "eps_4q_growth_year": -33.21,
            "roe": 2.98,
            "roe_4q": 13.93,
            "gross_profit": 97715,
            "gross_margin": 28.97,
            "gross_margin_4q_avg": 27.98,
            "net_income": 45439,
            "net_income_4q": null,
            "revenue": 337251,
            "revenue_4q": null,
            "common_shares": 987344,
            "book_valuer_per_share": 15.7,
            "book_valuer_per_share_4q_avg": 15.66,
            "equity": 1549771,
            "current_ratio": 160.54,
            "debt_ratio": 37.09,
            "inventory_turnover_ratio": 0.97,
            "account_receivable_turnover_ratio": null,
            "reinvestment_rate": null,
            "research_to_sale_ratio": null,
            "price_fair": 0,
            "eps_avg_yearly": 0,
            "eps_latest_yearly": 0,
            "eps_growth_yearly": 0
        },
        "20021": {
            "year_quarter": 20021,
            "year": 2002,
            "quarter": 1,
            "eps": 0.72,
            "eps_growth_year": 33.33,
            "eps_4q": 2.18,
            "eps_4q_growth_year": -29.18,
            "roe": 4.5,
            "roe_4q": 15.07,
            "gross_profit": 134542,
            "gross_margin": 33.18,
            "gross_margin_4q_avg": 29.68,
            "net_income": 71372,
            "net_income_4q": null,
            "revenue": 405497,
            "revenue_4q": null,
            "common_shares": 987344,
            "book_valuer_per_share": 16.42,
            "book_valuer_per_share_4q_avg": 15.71,
            "equity": 1621143,
            "current_ratio": 107.16,
            "debt_ratio": 41.25,
            "inventory_turnover_ratio": 1.07,
            "account_receivable_turnover_ratio": null,
            "reinvestment_rate": null,
            "research_to_sale_ratio": null,
            "price_fair": 100.8,
            "eps_avg_yearly": 2.88,
            "eps_latest_yearly": 2.88,
            "eps_growth_yearly": 187.76
        },
        "20022": {
            "year_quarter": 20022,
            "year": 2002,
            "quarter": 2,
            "eps": 1.08,
            "eps_growth_year": 107.69,
            "eps_4q": 2.68,
            "eps_4q_growth_year": 16.24,
            "roe": 7.02,
            "roe_4q": 18.39,
            "gross_profit": 150451,
            "gross_margin": 31,
            "gross_margin_4q_avg": 30.86,
            "net_income": 114780,
            "net_income_4q": null,
            "revenue": 485348,
            "revenue_4q": null,
            "common_shares": 987344,
            "book_valuer_per_share": 16.72,
            "book_valuer_per_share_4q_avg": 16.02,
            "equity": 1650866,
            "current_ratio": 116.61,
            "debt_ratio": 45.66,
            "inventory_turnover_ratio": 1.25,
            "account_receivable_turnover_ratio": null,
            "reinvestment_rate": null,
            "research_to_sale_ratio": null,
            "price_fair": 126,
            "eps_avg_yearly": 3.6,
            "eps_latest_yearly": 4.32,
            "eps_growth_yearly": 193.88
        },
        "20023": {
            "year_quarter": 20023,
            "year": 2002,
            "quarter": 3,
            "eps": 1.15,
            "eps_growth_year": 101.75,
            "eps_4q": 3.28,
            "eps_4q_growth_year": 65.77,
            "roe": 6.58,
            "roe_4q": 21.080000000000002,
            "gross_profit": 181343,
            "gross_margin": 33.5,
            "gross_margin_4q_avg": 31.66,
            "net_income": 124943,
            "net_income_4q": null,
            "revenue": 541385,
            "revenue_4q": null,
            "common_shares": 1181395,
            "book_valuer_per_share": 18.16,
            "book_valuer_per_share_4q_avg": 16.75,
            "equity": 2144923,
            "current_ratio": 176.13,
            "debt_ratio": 36.93,
            "inventory_turnover_ratio": 1.26,
            "account_receivable_turnover_ratio": null,
            "reinvestment_rate": null,
            "research_to_sale_ratio": null,
            "price_fair": 137.67,
            "eps_avg_yearly": 3.93,
            "eps_latest_yearly": 4.6,
            "eps_growth_yearly": 137.89
        },
        "20024": {
            "year_quarter": 20024,
            "year": 2002,
            "quarter": 4,
            "eps": 0.38,
            "eps_growth_year": -22.45,
            "eps_4q": 3.19,
            "eps_4q_growth_year": 58.16,
            "roe": 1.88,
            "roe_4q": 19.98,
            "gross_profit": 115121,
            "gross_margin": 23.95,
            "gross_margin_4q_avg": 30.41,
            "net_income": 42085,
            "net_income_4q": null,
            "revenue": 480629,
            "revenue_4q": null,
            "common_shares": 1181395,
            "book_valuer_per_share": 18.52,
            "book_valuer_per_share_4q_avg": 17.46,
            "equity": 2321735,
            "current_ratio": 96.11,
            "debt_ratio": 48.11,
            "inventory_turnover_ratio": 1.09,
            "account_receivable_turnover_ratio": null,
            "reinvestment_rate": null,
            "research_to_sale_ratio": null,
            "price_fair": 116.55,
            "eps_avg_yearly": 3.33,
            "eps_latest_yearly": 1.52,
            "eps_growth_yearly": 36.46
        },
        "20031": {
            "year_quarter": 20031,
            "year": 2003,
            "quarter": 1,
            "eps": 0.77,
            "eps_growth_year": 6.94,
            "eps_4q": 3.14,
            "eps_4q_growth_year": 43.88,
            "roe": 3.89,
            "roe_4q": 19.369999999999997,
            "gross_profit": 145252,
            "gross_margin": 29.51,
            "gross_margin_4q_avg": 29.49,
            "net_income": 91682,
            "net_income_4q": null,
            "revenue": 492185,
            "revenue_4q": null,
            "common_shares": 1190603,
            "book_valuer_per_share": 20.07,
            "book_valuer_per_share_4q_avg": 18.37,
            "equity": 2389073,
            "current_ratio": 216.53,
            "debt_ratio": 45.14,
            "inventory_turnover_ratio": 0.97,
            "account_receivable_turnover_ratio": null,
            "reinvestment_rate": null,
            "research_to_sale_ratio": null,
            "price_fair": 114.8,
            "eps_avg_yearly": 3.28,
            "eps_latest_yearly": 3.08,
            "eps_growth_yearly": 111.28
        },
        "20032": {
            "year_quarter": 20032,
            "year": 2003,
            "quarter": 2,
            "eps": 0.98,
            "eps_growth_year": -9.26,
            "eps_4q": 3.15,
            "eps_4q_growth_year": 17.74,
            "roe": 4.89,
            "roe_4q": 17.240000000000002,
            "gross_profit": 195127,
            "gross_margin": 31.1,
            "gross_margin_4q_avg": 29.52,
            "net_income": 116668,
            "net_income_4q": null,
            "revenue": 627497,
            "revenue_4q": null,
            "common_shares": 1204415,
            "book_valuer_per_share": 19.75,
            "book_valuer_per_share_4q_avg": 19.13,
            "equity": 2378834,
            "current_ratio": 162.44,
            "debt_ratio": 46,
            "inventory_turnover_ratio": 1.26,
            "account_receivable_turnover_ratio": null,
            "reinvestment_rate": null,
            "research_to_sale_ratio": null,
            "price_fair": 118.53,
            "eps_avg_yearly": 3.39,
            "eps_latest_yearly": 3.92,
            "eps_growth_yearly": 110.91
        },
        "20033": {
            "year_quarter": 20033,
            "year": 2003,
            "quarter": 3,
            "eps": 0.96,
            "eps_growth_year": -16.52,
            "eps_4q": 2.87,
            "eps_4q_growth_year": -12.48,
            "roe": 5.17,
            "roe_4q": 15.829999999999998,
            "gross_profit": 248639,
            "gross_margin": 36.4,
            "gross_margin_4q_avg": 30.24,
            "net_income": 125748,
            "net_income_4q": null,
            "revenue": 683111,
            "revenue_4q": null,
            "common_shares": 1326549,
            "book_valuer_per_share": 18.72,
            "book_valuer_per_share_4q_avg": 19.27,
            "equity": 2483950,
            "current_ratio": 179.19,
            "debt_ratio": 42.44,
            "inventory_turnover_ratio": 1.25,
            "account_receivable_turnover_ratio": null,
            "reinvestment_rate": null,
            "research_to_sale_ratio": null,
            "price_fair": 120.8,
            "eps_avg_yearly": 3.45,
            "eps_latest_yearly": 3.84,
            "eps_growth_yearly": 93.9
        },
        "20034": {
            "year_quarter": 20034,
            "year": 2003,
            "quarter": 4,
            "eps": 0.53,
            "eps_growth_year": 39.47,
            "eps_4q": 3.06,
            "eps_4q_growth_year": -4.05,
            "roe": 2.48,
            "roe_4q": 16.43,
            "gross_profit": 163358,
            "gross_margin": 28.35,
            "gross_margin_4q_avg": 31.34,
            "net_income": 69994,
            "net_income_4q": null,
            "revenue": 576149,
            "revenue_4q": null,
            "common_shares": 1326549,
            "book_valuer_per_share": 19.37,
            "book_valuer_per_share_4q_avg": 19.48,
            "equity": 3165352,
            "current_ratio": 83.72,
            "debt_ratio": 53.94,
            "inventory_turnover_ratio": 1.01,
            "account_receivable_turnover_ratio": null,
            "reinvestment_rate": 287.79,
            "research_to_sale_ratio": null,
            "price_fair": 114.98,
            "eps_avg_yearly": 3.29,
            "eps_latest_yearly": 2.12,
            "eps_growth_yearly": 59.77
        },
        "20041": {
            "year_quarter": 20041,
            "year": 2004,
            "quarter": 1,
            "eps": 0.45,
            "eps_growth_year": -41.56,
            "eps_4q": 2.62,
            "eps_4q_growth_year": -16.36,
            "roe": 2.04,
            "roe_4q": 14.579999999999998,
            "gross_profit": 152776,
            "gross_margin": 28.55,
            "gross_margin_4q_avg": 31.1,
            "net_income": 64675,
            "net_income_4q": null,
            "revenue": 535089,
            "revenue_4q": null,
            "common_shares": 1483429,
            "book_valuer_per_share": 21.43,
            "book_valuer_per_share_4q_avg": 19.82,
            "equity": 3178347,
            "current_ratio": 240.43,
            "debt_ratio": 34.33,
            "inventory_turnover_ratio": 0.86,
            "account_receivable_turnover_ratio": null,
            "reinvestment_rate": 69.46,
            "research_to_sale_ratio": null,
            "price_fair": 109.2,
            "eps_avg_yearly": 3.12,
            "eps_latest_yearly": 1.8,
            "eps_growth_yearly": 46.42
        },
        "20042": {
            "year_quarter": 20042,
            "year": 2004,
            "quarter": 2,
            "eps": 0.91,
            "eps_growth_year": -7.14,
            "eps_4q": 2.68,
            "eps_4q_growth_year": -14.94,
            "roe": 4.26,
            "roe_4q": 13.95,
            "gross_profit": 231300,
            "gross_margin": 29.84,
            "gross_margin_4q_avg": 30.79,
            "net_income": 133720,
            "net_income_4q": null,
            "revenue": 775110,
            "revenue_4q": null,
            "common_shares": 1483429,
            "book_valuer_per_share": 20.92,
            "book_valuer_per_share_4q_avg": 20.11,
            "equity": 3103640,
            "current_ratio": 178.72,
            "debt_ratio": 37.86,
            "inventory_turnover_ratio": 1.27,
            "account_receivable_turnover_ratio": null,
            "reinvestment_rate": 75.21,
            "research_to_sale_ratio": null,
            "price_fair": 111.02,
            "eps_avg_yearly": 3.17,
            "eps_latest_yearly": 3.64,
            "eps_growth_yearly": 82.67
        },
        "20043": {
            "year_quarter": 20043,
            "year": 2004,
            "quarter": 3,
            "eps": 1.09,
            "eps_growth_year": 13.54,
            "eps_4q": 2.82,
            "eps_4q_growth_year": -1.69,
            "roe": 5.29,
            "roe_4q": 14.07,
            "gross_profit": 249539,
            "gross_margin": 29.08,
            "gross_margin_4q_avg": 28.96,
            "net_income": 168763,
            "net_income_4q": null,
            "revenue": 858178,
            "revenue_4q": null,
            "common_shares": 1565897,
            "book_valuer_per_share": 20.93,
            "book_valuer_per_share_4q_avg": 20.66,
            "equity": 3277190,
            "current_ratio": 147.75,
            "debt_ratio": 39.4,
            "inventory_turnover_ratio": 1.4,
            "account_receivable_turnover_ratio": null,
            "reinvestment_rate": 85.17,
            "research_to_sale_ratio": null,
            "price_fair": 114.8,
            "eps_avg_yearly": 3.28,
            "eps_latest_yearly": 4.36,
            "eps_growth_yearly": 82.34
        },
        "20044": {
            "year_quarter": 20044,
            "year": 2004,
            "quarter": 4,
            "eps": 0.27,
            "eps_growth_year": -49.06,
            "eps_4q": 2.61,
            "eps_4q_growth_year": -14.67,
            "roe": 1.2,
            "roe_4q": 12.79,
            "gross_profit": 138292,
            "gross_margin": 23.5,
            "gross_margin_4q_avg": 27.74,
            "net_income": 42346,
            "net_income_4q": null,
            "revenue": 588528,
            "revenue_4q": null,
            "common_shares": 1565898,
            "book_valuer_per_share": 20.86,
            "book_valuer_per_share_4q_avg": 21.04,
            "equity": 3761109,
            "current_ratio": 68.76,
            "debt_ratio": 52.27,
            "inventory_turnover_ratio": 0.83,
            "account_receivable_turnover_ratio": null,
            "reinvestment_rate": 295.87,
            "research_to_sale_ratio": null,
            "price_fair": 108.38,
            "eps_avg_yearly": 3.1,
            "eps_latest_yearly": 1.08,
            "eps_growth_yearly": 50.4
        },
        "20051": {
            "year_quarter": 20051,
            "year": 2005,
            "quarter": 1,
            "eps": 0.23,
            "eps_growth_year": -48.89,
            "eps_4q": 2.48,
            "eps_4q_growth_year": -5.58,
            "roe": 1,
            "roe_4q": 11.75,
            "gross_profit": 107885,
            "gross_margin": 20.06,
            "gross_margin_4q_avg": 25.62,
            "net_income": 35292,
            "net_income_4q": null,
            "revenue": 537852,
            "revenue_4q": null,
            "common_shares": 1565898,
            "book_valuer_per_share": 21.05,
            "book_valuer_per_share_4q_avg": 20.94,
            "equity": 3296882,
            "current_ratio": 158.06,
            "debt_ratio": 36.5,
            "inventory_turnover_ratio": 0.8,
            "account_receivable_turnover_ratio": null,
            "reinvestment_rate": 82.89,
            "research_to_sale_ratio": null,
            "price_fair": 102.52,
            "eps_avg_yearly": 2.93,
            "eps_latest_yearly": 0.92,
            "eps_growth_yearly": 41.97
        },
        "20052": {
            "year_quarter": 20052,
            "year": 2005,
            "quarter": 2,
            "eps": 0.47,
            "eps_growth_year": -48.35,
            "eps_4q": 2.06,
            "eps_4q_growth_year": -23.27,
            "roe": 2.26,
            "roe_4q": 9.75,
            "gross_profit": 186932,
            "gross_margin": 24.33,
            "gross_margin_4q_avg": 24.24,
            "net_income": 72929,
            "net_income_4q": null,
            "revenue": 768468,
            "revenue_4q": null,
            "common_shares": 1565898,
            "book_valuer_per_share": 20.23,
            "book_valuer_per_share_4q_avg": 20.77,
            "equity": 3167394,
            "current_ratio": 108.55,
            "debt_ratio": 42.3,
            "inventory_turnover_ratio": 1.35,
            "account_receivable_turnover_ratio": null,
            "reinvestment_rate": 80.08,
            "research_to_sale_ratio": null,
            "price_fair": 99.9,
            "eps_avg_yearly": 2.85,
            "eps_latest_yearly": 1.88,
            "eps_growth_yearly": 68.78
        },
        "20053": {
            "year_quarter": 20053,
            "year": 2005,
            "quarter": 3,
            "eps": 0.82,
            "eps_growth_year": -24.77,
            "eps_4q": 1.75,
            "eps_4q_growth_year": -37.94,
            "roe": 4.05,
            "roe_4q": 8.51,
            "gross_profit": 223737,
            "gross_margin": 26.47,
            "gross_margin_4q_avg": 23.59,
            "net_income": 132455,
            "net_income_4q": null,
            "revenue": 845341,
            "revenue_4q": null,
            "common_shares": 1620245,
            "book_valuer_per_share": 20.86,
            "book_valuer_per_share_4q_avg": 20.75,
            "equity": 3380310,
            "current_ratio": 108.86,
            "debt_ratio": 40.19,
            "inventory_turnover_ratio": 1.42,
            "account_receivable_turnover_ratio": null,
            "reinvestment_rate": 67.58,
            "research_to_sale_ratio": null,
            "price_fair": 100.89,
            "eps_avg_yearly": 2.88,
            "eps_latest_yearly": 3.28,
            "eps_growth_yearly": 84.06
        },
        "20054": {
            "year_quarter": 20054,
            "year": 2005,
            "quarter": 4,
            "eps": 0.06,
            "eps_growth_year": -77.78,
            "eps_4q": 1.61,
            "eps_4q_growth_year": -38.16,
            "roe": 0.25,
            "roe_4q": 7.56,
            "gross_profit": 155534,
            "gross_margin": 22.91,
            "gross_margin_4q_avg": 23.44,
            "net_income": 9288,
            "net_income_4q": null,
            "revenue": 678991,
            "revenue_4q": null,
            "common_shares": 1620245,
            "book_valuer_per_share": 20.54,
            "book_valuer_per_share_4q_avg": 20.67,
            "equity": 4053409,
            "current_ratio": 78.58,
            "debt_ratio": 58.98,
            "inventory_turnover_ratio": 0.88,
            "account_receivable_turnover_ratio": null,
            "reinvestment_rate": 364.32,
            "research_to_sale_ratio": null,
            "price_fair": 95.11,
            "eps_avg_yearly": 2.72,
            "eps_latest_yearly": 0.24,
            "eps_growth_yearly": 55.63
        },
        "20061": {
            "year_quarter": 20061,
            "year": 2006,
            "quarter": 1,
            "eps": 0.26,
            "eps_growth_year": 13.04,
            "eps_4q": 1.57,
            "eps_4q_growth_year": -36.58,
            "roe": 1.15,
            "roe_4q": 7.709999999999999,
            "gross_profit": 148607,
            "gross_margin": 21.67,
            "gross_margin_4q_avg": 23.85,
            "net_income": 42568,
            "net_income_4q": null,
            "revenue": 685822,
            "revenue_4q": null,
            "common_shares": 1620245,
            "book_valuer_per_share": 20.74,
            "book_valuer_per_share_4q_avg": 20.59,
            "equity": 3361097,
            "current_ratio": 98.68,
            "debt_ratio": 39.11,
            "inventory_turnover_ratio": 0.92,
            "account_receivable_turnover_ratio": null,
            "reinvestment_rate": 72.2,
            "research_to_sale_ratio": null,
            "price_fair": 91.09,
            "eps_avg_yearly": 2.6,
            "eps_latest_yearly": 1.04,
            "eps_growth_yearly": 127.23
        },
        "20062": {
            "year_quarter": 20062,
            "year": 2006,
            "quarter": 2,
            "eps": 0.72,
            "eps_growth_year": 53.19,
            "eps_4q": 1.86,
            "eps_4q_growth_year": -9.7,
            "roe": 3.48,
            "roe_4q": 8.93,
            "gross_profit": 198479,
            "gross_margin": 25.88,
            "gross_margin_4q_avg": 24.23,
            "net_income": 116578,
            "net_income_4q": null,
            "revenue": 766898,
            "revenue_4q": null,
            "common_shares": 1620245,
            "book_valuer_per_share": 20.65,
            "book_valuer_per_share_4q_avg": 20.7,
            "equity": 3345909,
            "current_ratio": 101.33,
            "debt_ratio": 40.89,
            "inventory_turnover_ratio": 1.25,
            "account_receivable_turnover_ratio": null,
            "reinvestment_rate": 49.32,
            "research_to_sale_ratio": null,
            "price_fair": 87.94,
            "eps_avg_yearly": 2.51,
            "eps_latest_yearly": 2.88,
            "eps_growth_yearly": 158.96
        },
        "20063": {
            "year_quarter": 20063,
            "year": 2006,
            "quarter": 3,
            "eps": 0.55,
            "eps_growth_year": -32.93,
            "eps_4q": 1.56,
            "eps_4q_growth_year": -10.9,
            "roe": 2.68,
            "roe_4q": 7.5600000000000005,
            "gross_profit": 211858,
            "gross_margin": 25.4,
            "gross_margin_4q_avg": 23.97,
            "net_income": 91618,
            "net_income_4q": null,
            "revenue": 833982,
            "revenue_4q": null,
            "common_shares": 1657149,
            "book_valuer_per_share": 21.04,
            "book_valuer_per_share_4q_avg": 20.74,
            "equity": 3486163,
            "current_ratio": 88.99,
            "debt_ratio": 40.21,
            "inventory_turnover_ratio": 1.26,
            "account_receivable_turnover_ratio": null,
            "reinvestment_rate": 71.83,
            "research_to_sale_ratio": null,
            "price_fair": 82.69,
            "eps_avg_yearly": 2.36,
            "eps_latest_yearly": 2.2,
            "eps_growth_yearly": 151.44
        },
        "20064": {
            "year_quarter": 20064,
            "year": 2006,
            "quarter": 4,
            "eps": 0.42,
            "eps_growth_year": 600,
            "eps_4q": 1.93,
            "eps_4q_growth_year": 19.32,
            "roe": 1.81,
            "roe_4q": 9.120000000000001,
            "gross_profit": 140606,
            "gross_margin": 19.9,
            "gross_margin_4q_avg": 23.21,
            "net_income": 69899,
            "net_income_4q": null,
            "revenue": 706512,
            "revenue_4q": null,
            "common_shares": 1657149,
            "book_valuer_per_share": 21.46,
            "book_valuer_per_share_4q_avg": 20.97,
            "equity": 4252417,
            "current_ratio": 68.84,
            "debt_ratio": 60.85,
            "inventory_turnover_ratio": 0.9,
            "account_receivable_turnover_ratio": null,
            "reinvestment_rate": 344.86,
            "research_to_sale_ratio": null,
            "price_fair": 83.04,
            "eps_avg_yearly": 2.37,
            "eps_latest_yearly": 1.68,
            "eps_growth_yearly": 162.27
        },
        "20071": {
            "year_quarter": 20071,
            "year": 2007,
            "quarter": 1,
            "eps": 0.03,
            "eps_growth_year": -88.46,
            "eps_4q": 1.34,
            "eps_4q_growth_year": -14.8,
            "roe": 0.15,
            "roe_4q": 8.120000000000001,
            "gross_profit": 117226,
            "gross_margin": 18.3,
            "gross_margin_4q_avg": 22.37,
            "net_income": 6375,
            "net_income_4q": null,
            "revenue": 640418,
            "revenue_4q": null,
            "common_shares": 1857149,
            "book_valuer_per_share": 21.93,
            "book_valuer_per_share_4q_avg": 21.27,
            "equity": 4072971,
            "current_ratio": 117.75,
            "debt_ratio": 35.43,
            "inventory_turnover_ratio": 0.91,
            "account_receivable_turnover_ratio": null,
            "reinvestment_rate": 103.76,
            "research_to_sale_ratio": null,
            "price_fair": 76.56,
            "eps_avg_yearly": 2.19,
            "eps_latest_yearly": 0.12,
            "eps_growth_yearly": 113.4
        },
        "20072": {
            "year_quarter": 20072,
            "year": 2007,
            "quarter": 2,
            "eps": 0.63,
            "eps_growth_year": -12.5,
            "eps_4q": 1.55,
            "eps_4q_growth_year": -16.78,
            "roe": 2.86,
            "roe_4q": 7.5,
            "gross_profit": 174384,
            "gross_margin": 18.83,
            "gross_margin_4q_avg": 20.61,
            "net_income": 115412,
            "net_income_4q": null,
            "revenue": 926090,
            "revenue_4q": null,
            "common_shares": 1857149,
            "book_valuer_per_share": 21.53,
            "book_valuer_per_share_4q_avg": 21.49,
            "equity": 3997584,
            "current_ratio": 153.69,
            "debt_ratio": 36.48,
            "inventory_turnover_ratio": 1.71,
            "account_receivable_turnover_ratio": null,
            "reinvestment_rate": 88.59,
            "research_to_sale_ratio": null,
            "price_fair": 73.5,
            "eps_avg_yearly": 2.1,
            "eps_latest_yearly": 2.52,
            "eps_growth_yearly": 606.58
        },
        "20073": {
            "year_quarter": 20073,
            "year": 2007,
            "quarter": 3,
            "eps": 0.62,
            "eps_growth_year": 12.73,
            "eps_4q": 1.64,
            "eps_4q_growth_year": 5.18,
            "roe": 2.86,
            "roe_4q": 7.68,
            "gross_profit": 242824,
            "gross_margin": 21.54,
            "gross_margin_4q_avg": 19.64,
            "net_income": 116289,
            "net_income_4q": null,
            "revenue": 1127333,
            "revenue_4q": null,
            "common_shares": 1900064,
            "book_valuer_per_share": 21.76,
            "book_valuer_per_share_4q_avg": 21.67,
            "equity": 4134804,
            "current_ratio": 139.34,
            "debt_ratio": 38.58,
            "inventory_turnover_ratio": 1.72,
            "account_receivable_turnover_ratio": null,
            "reinvestment_rate": 76.91,
            "research_to_sale_ratio": null,
            "price_fair": 70.53,
            "eps_avg_yearly": 2.02,
            "eps_latest_yearly": 2.48,
            "eps_growth_yearly": 606.69
        },
        "20074": {
            "year_quarter": 20074,
            "year": 2007,
            "quarter": 4,
            "eps": 0.24,
            "eps_growth_year": -42.86,
            "eps_4q": 1.52,
            "eps_4q_growth_year": -21.17,
            "roe": 0.97,
            "roe_4q": 6.84,
            "gross_profit": 204708,
            "gross_margin": 20.34,
            "gross_margin_4q_avg": 19.75,
            "net_income": 44677,
            "net_income_4q": null,
            "revenue": 1006334,
            "revenue_4q": null,
            "common_shares": 1900064,
            "book_valuer_per_share": 22.53,
            "book_valuer_per_share_4q_avg": 21.94,
            "equity": 5079546,
            "current_ratio": 82.55,
            "debt_ratio": 56.12,
            "inventory_turnover_ratio": 0.86,
            "account_receivable_turnover_ratio": null,
            "reinvestment_rate": 248.31,
            "research_to_sale_ratio": null,
            "price_fair": 67.99,
            "eps_avg_yearly": 1.94,
            "eps_latest_yearly": 0.96,
            "eps_growth_yearly": 602.57
        },
        "20081": {
            "year_quarter": 20081,
            "year": 2008,
            "quarter": 1,
            "eps": 0.61,
            "eps_growth_year": 1933.33,
            "eps_4q": 1.31,
            "eps_4q_growth_year": -1.91,
            "roe": 3.54,
            "roe_4q": 10.229999999999999,
            "gross_profit": 371496,
            "gross_margin": 18.63,
            "gross_margin_4q_avg": 19.84,
            "net_income": 182435,
            "net_income_4q": null,
            "revenue": 1994544,
            "revenue_4q": null,
            "common_shares": 1900064,
            "book_valuer_per_share": 22.98,
            "book_valuer_per_share_4q_avg": 22.2,
            "equity": 5223351,
            "current_ratio": 84.37,
            "debt_ratio": 54.77,
            "inventory_turnover_ratio": 1.31,
            "account_receivable_turnover_ratio": null,
            "reinvestment_rate": 391.32,
            "research_to_sale_ratio": null,
            "price_fair": 69.39,
            "eps_avg_yearly": 1.98,
            "eps_latest_yearly": 2.44,
            "eps_growth_yearly": 644.88
        },
        "20082": {
            "year_quarter": 20082,
            "year": 2008,
            "quarter": 2,
            "eps": 1.24,
            "eps_growth_year": 96.83,
            "eps_4q": 2.04,
            "eps_4q_growth_year": 31.81,
            "roe": 5.85,
            "roe_4q": 13.22,
            "gross_profit": 612193,
            "gross_margin": 23.88,
            "gross_margin_4q_avg": 21.1,
            "net_income": 311759,
            "net_income_4q": null,
            "revenue": 2563654,
            "revenue_4q": null,
            "common_shares": 1900064,
            "book_valuer_per_share": 23.46,
            "book_valuer_per_share_4q_avg": 22.68,
            "equity": 5435250,
            "current_ratio": 84.59,
            "debt_ratio": 56.38,
            "inventory_turnover_ratio": 1.61,
            "account_receivable_turnover_ratio": null,
            "reinvestment_rate": 351.76,
            "research_to_sale_ratio": null,
            "price_fair": 72.28,
            "eps_avg_yearly": 2.07,
            "eps_latest_yearly": 4.96,
            "eps_growth_yearly": 645.15
        },
        "20083": {
            "year_quarter": 20083,
            "year": 2008,
            "quarter": 3,
            "eps": 1.37,
            "eps_growth_year": 120.97,
            "eps_4q": 2.89,
            "eps_4q_growth_year": 75.79,
            "roe": 5.13,
            "roe_4q": 15.49,
            "gross_profit": 653852,
            "gross_margin": 23.61,
            "gross_margin_4q_avg": 21.62,
            "net_income": 314484,
            "net_income_4q": null,
            "revenue": 2768905,
            "revenue_4q": null,
            "common_shares": 1943155,
            "book_valuer_per_share": 24.86,
            "book_valuer_per_share_4q_avg": 23.46,
            "equity": 6815277,
            "current_ratio": 86.58,
            "debt_ratio": 48.13,
            "inventory_turnover_ratio": 1.67,
            "account_receivable_turnover_ratio": null,
            "reinvestment_rate": 343.66,
            "research_to_sale_ratio": null,
            "price_fair": 74.73,
            "eps_avg_yearly": 2.14,
            "eps_latest_yearly": 5.48,
            "eps_growth_yearly": 642.82
        },
        "20084": {
            "year_quarter": 20084,
            "year": 2008,
            "quarter": 4,
            "eps": 0.69,
            "eps_growth_year": 187.5,
            "eps_4q": 4.12,
            "eps_4q_growth_year": 171.49,
            "roe": 1.84,
            "roe_4q": 16.36,
            "gross_profit": 425235,
            "gross_margin": 22.57,
            "gross_margin_4q_avg": 22.17,
            "net_income": 125870,
            "net_income_4q": null,
            "revenue": 1884106,
            "revenue_4q": null,
            "common_shares": 1943155,
            "book_valuer_per_share": 25.54,
            "book_valuer_per_share_4q_avg": 24.21,
            "equity": 6871438,
            "current_ratio": 121.51,
            "debt_ratio": 48.86,
            "inventory_turnover_ratio": 1.14,
            "account_receivable_turnover_ratio": 2.84,
            "reinvestment_rate": 172.31,
            "research_to_sale_ratio": null,
            "price_fair": 78.4,
            "eps_avg_yearly": 2.24,
            "eps_latest_yearly": 2.76,
            "eps_growth_yearly": 649.22
        },
        "20091": {
            "year_quarter": 20091,
            "year": 2009,
            "quarter": 1,
            "eps": 0.71,
            "eps_growth_year": 16.39,
            "eps_4q": 3.59,
            "eps_4q_growth_year": 173.48,
            "roe": 2.19,
            "roe_4q": 15.01,
            "gross_profit": 408849,
            "gross_margin": 19.64,
            "gross_margin_4q_avg": 22.43,
            "net_income": 153085,
            "net_income_4q": null,
            "revenue": 2082182,
            "revenue_4q": null,
            "common_shares": 1943155,
            "book_valuer_per_share": 26.54,
            "book_valuer_per_share_4q_avg": 25.1,
            "equity": 7139051,
            "current_ratio": 124.23,
            "debt_ratio": 46.95,
            "inventory_turnover_ratio": 1.32,
            "account_receivable_turnover_ratio": 1.48,
            "reinvestment_rate": 324.3,
            "research_to_sale_ratio": null,
            "price_fair": 82.6,
            "eps_avg_yearly": 2.36,
            "eps_latest_yearly": 2.84,
            "eps_growth_yearly": 653.65
        },
        "20092": {
            "year_quarter": 20092,
            "year": 2009,
            "quarter": 2,
            "eps": 1.57,
            "eps_growth_year": 26.61,
            "eps_4q": 3.51,
            "eps_4q_growth_year": 72.02,
            "roe": 5.41,
            "roe_4q": 14.57,
            "gross_profit": 695553,
            "gross_margin": 26.79,
            "gross_margin_4q_avg": 23.15,
            "net_income": 378332,
            "net_income_4q": null,
            "revenue": 2596240,
            "revenue_4q": null,
            "common_shares": 1943155,
            "book_valuer_per_share": 25.93,
            "book_valuer_per_share_4q_avg": 25.72,
            "equity": 6846358,
            "current_ratio": 97.19,
            "debt_ratio": 48.23,
            "inventory_turnover_ratio": 1.65,
            "account_receivable_turnover_ratio": 1.52,
            "reinvestment_rate": 271.7,
            "research_to_sale_ratio": null,
            "price_fair": 92.23,
            "eps_avg_yearly": 2.64,
            "eps_latest_yearly": 6.28,
            "eps_growth_yearly": 657.84
        },
        "20093": {
            "year_quarter": 20093,
            "year": 2009,
            "quarter": 3,
            "eps": 1.72,
            "eps_growth_year": 25.55,
            "eps_4q": 3.76,
            "eps_4q_growth_year": 30.25,
            "roe": 5.53,
            "roe_4q": 14.97,
            "gross_profit": 868951,
            "gross_margin": 27.17,
            "gross_margin_4q_avg": 24.04,
            "net_income": 425270,
            "net_income_4q": null,
            "revenue": 3198275,
            "revenue_4q": null,
            "common_shares": 2351450,
            "book_valuer_per_share": 28.42,
            "book_valuer_per_share_4q_avg": 26.61,
            "equity": 8528576,
            "current_ratio": 155.52,
            "debt_ratio": 42.72,
            "inventory_turnover_ratio": 2.21,
            "account_receivable_turnover_ratio": 1.6,
            "reinvestment_rate": 255.88,
            "research_to_sale_ratio": null,
            "price_fair": 100.1,
            "eps_avg_yearly": 2.86,
            "eps_latest_yearly": 6.88,
            "eps_growth_yearly": 641.62
        },
        "20094": {
            "year_quarter": 20094,
            "year": 2009,
            "quarter": 4,
            "eps": 0.78,
            "eps_growth_year": 13.04,
            "eps_4q": 4.09,
            "eps_4q_growth_year": -0.93,
            "roe": 1.43,
            "roe_4q": 14.56,
            "gross_profit": 464016,
            "gross_margin": 21.79,
            "gross_margin_4q_avg": 23.85,
            "net_income": 122476,
            "net_income_4q": null,
            "revenue": 2129245,
            "revenue_4q": null,
            "common_shares": 2351450,
            "book_valuer_per_share": 29.09,
            "book_valuer_per_share_4q_avg": 27.5,
            "equity": 8638287,
            "current_ratio": 147.42,
            "debt_ratio": 39.53,
            "inventory_turnover_ratio": 1.45,
            "account_receivable_turnover_ratio": 2.98,
            "reinvestment_rate": 98.84,
            "research_to_sale_ratio": null,
            "price_fair": 106.4,
            "eps_avg_yearly": 3.04,
            "eps_latest_yearly": 3.12,
            "eps_growth_yearly": 651.12
        },
        "20101": {
            "year_quarter": 20101,
            "year": 2010,
            "quarter": 1,
            "eps": 0.82,
            "eps_growth_year": 15.49,
            "eps_4q": 4.32,
            "eps_4q_growth_year": 20.34,
            "roe": 2.56,
            "roe_4q": 14.93,
            "gross_profit": 547136,
            "gross_margin": 20.96,
            "gross_margin_4q_avg": 24.18,
            "net_income": 223715,
            "net_income_4q": null,
            "revenue": 2610979,
            "revenue_4q": null,
            "common_shares": 2351450,
            "book_valuer_per_share": 29.96,
            "book_valuer_per_share_4q_avg": 28.35,
            "equity": 8860331,
            "current_ratio": 145.35,
            "debt_ratio": 45.29,
            "inventory_turnover_ratio": 1.65,
            "account_receivable_turnover_ratio": 1.52,
            "reinvestment_rate": 268.75,
            "research_to_sale_ratio": 0.26,
            "price_fair": 111.3,
            "eps_avg_yearly": 3.18,
            "eps_latest_yearly": 3.28,
            "eps_growth_yearly": 569.07
        },
        "20102": {
            "year_quarter": 20102,
            "year": 2010,
            "quarter": 2,
            "eps": 1.71,
            "eps_growth_year": 9.06,
            "eps_4q": 4.67,
            "eps_4q_growth_year": 33.29,
            "roe": 5.75,
            "roe_4q": 15.27,
            "gross_profit": 866295,
            "gross_margin": 25.38,
            "gross_margin_4q_avg": 23.83,
            "net_income": 509083,
            "net_income_4q": null,
            "revenue": 3412836,
            "revenue_4q": null,
            "common_shares": 2351450,
            "book_valuer_per_share": 29.4,
            "book_valuer_per_share_4q_avg": 29.22,
            "equity": 8845758,
            "current_ratio": 119.34,
            "debt_ratio": 47.47,
            "inventory_turnover_ratio": 2.05,
            "account_receivable_turnover_ratio": 1.55,
            "reinvestment_rate": 378.38,
            "research_to_sale_ratio": 0.24,
            "price_fair": 119.96,
            "eps_avg_yearly": 3.43,
            "eps_latest_yearly": 6.84,
            "eps_growth_yearly": 551.98
        },
        "20103": {
            "year_quarter": 20103,
            "year": 2010,
            "quarter": 3,
            "eps": 2.13,
            "eps_growth_year": 23.95,
            "eps_4q": 5.34,
            "eps_4q_growth_year": 42.1,
            "roe": 6.55,
            "roe_4q": 16.290000000000003,
            "gross_profit": 981034,
            "gross_margin": 25.26,
            "gross_margin_4q_avg": 23.35,
            "net_income": 599061,
            "net_income_4q": null,
            "revenue": 3883886,
            "revenue_4q": null,
            "common_shares": 2398479,
            "book_valuer_per_share": 31.03,
            "book_valuer_per_share_4q_avg": 29.87,
            "equity": 9450746,
            "current_ratio": 120.58,
            "debt_ratio": 45.98,
            "inventory_turnover_ratio": 2.36,
            "account_receivable_turnover_ratio": 1.56,
            "reinvestment_rate": 338.58,
            "research_to_sale_ratio": 0.18,
            "price_fair": 133.79,
            "eps_avg_yearly": 3.82,
            "eps_latest_yearly": 8.52,
            "eps_growth_yearly": 564.02
        },
        "20104": {
            "year_quarter": 20104,
            "year": 2010,
            "quarter": 4,
            "eps": 0.59,
            "eps_growth_year": -24.2,
            "eps_4q": 5.24,
            "eps_4q_growth_year": 28.36,
            "roe": 1.07,
            "roe_4q": 15.930000000000001,
            "gross_profit": 391502,
            "gross_margin": 15.57,
            "gross_margin_4q_avg": 21.79,
            "net_income": 100580,
            "net_income_4q": null,
            "revenue": 2515206,
            "revenue_4q": null,
            "common_shares": 2398479,
            "book_valuer_per_share": 30.93,
            "book_valuer_per_share_4q_avg": 30.33,
            "equity": 9281828,
            "current_ratio": 101.05,
            "debt_ratio": 46.05,
            "inventory_turnover_ratio": 1.51,
            "account_receivable_turnover_ratio": 1.2,
            "reinvestment_rate": 196.66,
            "research_to_sale_ratio": 0.31,
            "price_fair": 135.28,
            "eps_avg_yearly": 3.87,
            "eps_latest_yearly": 2.36,
            "eps_growth_yearly": 551.85
        },
        "20111": {
            "year_quarter": 20111,
            "year": 2011,
            "quarter": 1,
            "eps": 0.95,
            "eps_growth_year": 15.85,
            "eps_4q": 5.38,
            "eps_4q_growth_year": 24.56,
            "roe": 2.84,
            "roe_4q": 16.21,
            "gross_profit": 619515,
            "gross_margin": 20.03,
            "gross_margin_4q_avg": 21.56,
            "net_income": 268808,
            "net_income_4q": null,
            "revenue": 3092476,
            "revenue_4q": null,
            "common_shares": 2398479,
            "book_valuer_per_share": 32.07,
            "book_valuer_per_share_4q_avg": 30.86,
            "equity": 9626340,
            "current_ratio": 97.74,
            "debt_ratio": 48.4,
            "inventory_turnover_ratio": 1.39,
            "account_receivable_turnover_ratio": 1.71,
            "reinvestment_rate": 328.37,
            "research_to_sale_ratio": 0.22,
            "price_fair": 143.33,
            "eps_avg_yearly": 4.1,
            "eps_latest_yearly": 3.8,
            "eps_growth_yearly": 590.32
        },
        "20112": {
            "year_quarter": 20112,
            "year": 2011,
            "quarter": 2,
            "eps": 1.98,
            "eps_growth_year": 15.9,
            "eps_4q": 5.66,
            "eps_4q_growth_year": 21,
            "roe": 5.7,
            "roe_4q": 16.16,
            "gross_profit": 919327,
            "gross_margin": 23.42,
            "gross_margin_4q_avg": 21.07,
            "net_income": 541575,
            "net_income_4q": null,
            "revenue": 3925882,
            "revenue_4q": null,
            "common_shares": 2398479,
            "book_valuer_per_share": 30.86,
            "book_valuer_per_share_4q_avg": 31.22,
            "equity": 9373768,
            "current_ratio": 93.49,
            "debt_ratio": 51.48,
            "inventory_turnover_ratio": 1.58,
            "account_receivable_turnover_ratio": 1.64,
            "reinvestment_rate": 313.45,
            "research_to_sale_ratio": 0.21,
            "price_fair": 155.14,
            "eps_avg_yearly": 4.43,
            "eps_latest_yearly": 7.92,
            "eps_growth_yearly": 117.43
        },
        "20113": {
            "year_quarter": 20113,
            "year": 2011,
            "quarter": 3,
            "eps": 1.42,
            "eps_growth_year": -33.58,
            "eps_4q": 4.67,
            "eps_4q_growth_year": -12.62,
            "roe": 4.11,
            "roe_4q": 13.72,
            "gross_profit": 780215,
            "gross_margin": 20.27,
            "gross_margin_4q_avg": 19.82,
            "net_income": 431294,
            "net_income_4q": null,
            "revenue": 3848291,
            "revenue_4q": null,
            "common_shares": 2598479,
            "book_valuer_per_share": 36.13,
            "book_valuer_per_share_4q_avg": 32.5,
            "equity": 11597700,
            "current_ratio": 130.33,
            "debt_ratio": 46.56,
            "inventory_turnover_ratio": 1.67,
            "account_receivable_turnover_ratio": 1.41,
            "reinvestment_rate": 334.02,
            "research_to_sale_ratio": 0.2,
            "price_fair": 162.14,
            "eps_avg_yearly": 4.63,
            "eps_latest_yearly": 5.68,
            "eps_growth_yearly": 110.75
        },
        "20114": {
            "year_quarter": 20114,
            "year": 2011,
            "quarter": 4,
            "eps": 0.64,
            "eps_growth_year": 8.73,
            "eps_4q": 4.77,
            "eps_4q_growth_year": -9.13,
            "roe": 1.1,
            "roe_4q": 13.75,
            "gross_profit": 427383,
            "gross_margin": 15.12,
            "gross_margin_4q_avg": 19.71,
            "net_income": 128518,
            "net_income_4q": null,
            "revenue": 2826538,
            "revenue_4q": null,
            "common_shares": 2598479,
            "book_valuer_per_share": 36.65,
            "book_valuer_per_share_4q_avg": 33.93,
            "equity": 11699679,
            "current_ratio": 122.51,
            "debt_ratio": 45.63,
            "inventory_turnover_ratio": 1.33,
            "account_receivable_turnover_ratio": 1.2,
            "reinvestment_rate": 223.38,
            "research_to_sale_ratio": 0.24,
            "price_fair": 165.64,
            "eps_avg_yearly": 4.73,
            "eps_latest_yearly": 2.56,
            "eps_growth_yearly": 112.34
        },
        "20121": {
            "year_quarter": 20121,
            "year": 2012,
            "quarter": 1,
            "eps": 0.79,
            "eps_growth_year": -16.84,
            "eps_4q": 4.68,
            "eps_4q_growth_year": -13.11,
            "roe": 2,
            "roe_4q": 12.91,
            "gross_profit": 588892,
            "gross_margin": 17.04,
            "gross_margin_4q_avg": 18.96,
            "net_income": 235688,
            "net_income_4q": null,
            "revenue": 3456000,
            "revenue_4q": null,
            "common_shares": 2598479,
            "book_valuer_per_share": 37.21,
            "book_valuer_per_share_4q_avg": 35.21,
            "equity": 11821893,
            "current_ratio": 124.6,
            "debt_ratio": 43.91,
            "inventory_turnover_ratio": 1.57,
            "account_receivable_turnover_ratio": 1.55,
            "reinvestment_rate": 222.46,
            "research_to_sale_ratio": 0.19,
            "price_fair": 167.21,
            "eps_avg_yearly": 4.78,
            "eps_latest_yearly": 3.16,
            "eps_growth_yearly": 79.66
        },
        "20122": {
            "year_quarter": 20122,
            "year": 2012,
            "quarter": 2,
            "eps": 1.57,
            "eps_growth_year": -20.76,
            "eps_4q": 4.42,
            "eps_4q_growth_year": -21.88,
            "roe": 4.1,
            "roe_4q": 11.309999999999999,
            "gross_profit": 997479,
            "gross_margin": 21.53,
            "gross_margin_4q_avg": 18.49,
            "net_income": 477898,
            "net_income_4q": null,
            "revenue": 4632604,
            "revenue_4q": null,
            "common_shares": 2598479,
            "book_valuer_per_share": 35.69,
            "book_valuer_per_share_4q_avg": 36.42,
            "equity": 11486905,
            "current_ratio": 110.83,
            "debt_ratio": 48.44,
            "inventory_turnover_ratio": 2,
            "account_receivable_turnover_ratio": 1.52,
            "reinvestment_rate": 218.29,
            "research_to_sale_ratio": 0.14,
            "price_fair": 170.1,
            "eps_avg_yearly": 4.86,
            "eps_latest_yearly": 6.28,
            "eps_growth_yearly": 78.53
        },
        "20123": {
            "year_quarter": 20123,
            "year": 2012,
            "quarter": 3,
            "eps": 1.75,
            "eps_growth_year": 23.47,
            "eps_4q": 4.75,
            "eps_4q_growth_year": 1.76,
            "roe": 4.25,
            "roe_4q": 11.45,
            "gross_profit": 939028,
            "gross_margin": 20.63,
            "gross_margin_4q_avg": 18.58,
            "net_income": 496771,
            "net_income_4q": null,
            "revenue": 4551485,
            "revenue_4q": null,
            "common_shares": 2598479,
            "book_valuer_per_share": 37.27,
            "book_valuer_per_share_4q_avg": 36.71,
            "equity": 11891674,
            "current_ratio": 113.93,
            "debt_ratio": 44.73,
            "inventory_turnover_ratio": 2.24,
            "account_receivable_turnover_ratio": 1.39,
            "reinvestment_rate": 203.24,
            "research_to_sale_ratio": 0.16,
            "price_fair": 173.43,
            "eps_avg_yearly": 4.96,
            "eps_latest_yearly": 7,
            "eps_growth_yearly": 78.77
        },
        "20124": {
            "year_quarter": 20124,
            "year": 2012,
            "quarter": 4,
            "eps": 0.32,
            "eps_growth_year": -49.74,
            "eps_4q": 4.43,
            "eps_4q_growth_year": -7.03,
            "roe": 0.33,
            "roe_4q": 10.68,
            "gross_profit": 329603,
            "gross_margin": 11.19,
            "gross_margin_4q_avg": 17.6,
            "net_income": 37811,
            "net_income_4q": null,
            "revenue": 2944878,
            "revenue_4q": null,
            "common_shares": 2598479,
            "book_valuer_per_share": 37.6,
            "book_valuer_per_share_4q_avg": 36.94,
            "equity": 10693834,
            "current_ratio": 79.94,
            "debt_ratio": 49.71,
            "inventory_turnover_ratio": 1.7,
            "account_receivable_turnover_ratio": 1.19,
            "reinvestment_rate": 256.3,
            "research_to_sale_ratio": 0.25,
            "price_fair": 170.19,
            "eps_avg_yearly": 4.86,
            "eps_latest_yearly": 1.28,
            "eps_growth_yearly": 70.75
        },
        "20131": {
            "year_quarter": 20131,
            "year": 2013,
            "quarter": 1,
            "eps": 1.34,
            "eps_growth_year": 69.62,
            "eps_4q": 4.99,
            "eps_4q_growth_year": 6.63,
            "roe": 3.41,
            "roe_4q": 12.09,
            "gross_profit": 740102,
            "gross_margin": 18.58,
            "gross_margin_4q_avg": 17.98,
            "net_income": 372214,
            "net_income_4q": null,
            "revenue": 3983950,
            "revenue_4q": null,
            "common_shares": 2598479,
            "book_valuer_per_share": 39.07,
            "book_valuer_per_share_4q_avg": 37.41,
            "equity": 11134992,
            "current_ratio": 90.58,
            "debt_ratio": 54.66,
            "inventory_turnover_ratio": 2.01,
            "account_receivable_turnover_ratio": 1.54,
            "reinvestment_rate": 137.3,
            "research_to_sale_ratio": 0.17,
            "price_fair": 175.7,
            "eps_avg_yearly": 5.02,
            "eps_latest_yearly": 5.36,
            "eps_growth_yearly": 149.71
        },
        "20132": {
            "year_quarter": 20132,
            "year": 2013,
            "quarter": 2,
            "eps": 1.53,
            "eps_growth_year": -2.69,
            "eps_4q": 4.94,
            "eps_4q_growth_year": 11.82,
            "roe": 3.81,
            "roe_4q": 11.8,
            "gross_profit": 932326,
            "gross_margin": 19.56,
            "gross_margin_4q_avg": 17.49,
            "net_income": 417940,
            "net_income_4q": null,
            "revenue": 4765801,
            "revenue_4q": null,
            "common_shares": 2598479,
            "book_valuer_per_share": 37.6,
            "book_valuer_per_share_4q_avg": 37.89,
            "equity": 10783090,
            "current_ratio": 82.93,
            "debt_ratio": 57.64,
            "inventory_turnover_ratio": 2.19,
            "account_receivable_turnover_ratio": 1.44,
            "reinvestment_rate": 158.28,
            "research_to_sale_ratio": 0.14,
            "price_fair": 175.35,
            "eps_avg_yearly": 5.01,
            "eps_latest_yearly": 6.12,
            "eps_growth_yearly": 122.98
        },
        "20133": {
            "year_quarter": 20133,
            "year": 2013,
            "quarter": 3,
            "eps": 1.32,
            "eps_growth_year": -24.5,
            "eps_4q": 4.51,
            "eps_4q_growth_year": -5.07,
            "roe": 3.2,
            "roe_4q": 10.75,
            "gross_profit": 877484,
            "gross_margin": 18.27,
            "gross_margin_4q_avg": 16.9,
            "net_income": 347064,
            "net_income_4q": null,
            "revenue": 4802503,
            "revenue_4q": null,
            "common_shares": 2598479,
            "book_valuer_per_share": 38.22,
            "book_valuer_per_share_4q_avg": 38.12,
            "equity": 10942371,
            "current_ratio": 75.15,
            "debt_ratio": 56.69,
            "inventory_turnover_ratio": 2.11,
            "account_receivable_turnover_ratio": 1.48,
            "reinvestment_rate": 158.17,
            "research_to_sale_ratio": 0.16,
            "price_fair": 171.85,
            "eps_avg_yearly": 4.91,
            "eps_latest_yearly": 5.28,
            "eps_growth_yearly": 117.16
        },
        "20134": {
            "year_quarter": 20134,
            "year": 2013,
            "quarter": 4,
            "eps": 0.09,
            "eps_growth_year": -73.18,
            "eps_4q": 4.27,
            "eps_4q_growth_year": -3.55,
            "roe": -0.06,
            "roe_4q": 10.36,
            "gross_profit": 346887,
            "gross_margin": 11.36,
            "gross_margin_4q_avg": 16.94,
            "net_income": -6965,
            "net_income_4q": null,
            "revenue": 3053366,
            "revenue_4q": null,
            "common_shares": 2598479,
            "book_valuer_per_share": 38.27,
            "book_valuer_per_share_4q_avg": 38.29,
            "equity": 10944380,
            "current_ratio": 84.18,
            "debt_ratio": 56.84,
            "inventory_turnover_ratio": 1.37,
            "account_receivable_turnover_ratio": 1.2,
            "reinvestment_rate": 166.93,
            "research_to_sale_ratio": 0.41,
            "price_fair": 165.81,
            "eps_avg_yearly": 4.74,
            "eps_latest_yearly": 0.36,
            "eps_growth_yearly": 107.52
        },
        "20141": {
            "year_quarter": 20141,
            "year": 2014,
            "quarter": 1,
            "eps": 0.86,
            "eps_growth_year": -35.82,
            "eps_4q": 3.79,
            "eps_4q_growth_year": -24,
            "roe": 2,
            "roe_4q": 8.950000000000001,
            "gross_profit": 675564,
            "gross_margin": 15.6,
            "gross_margin_4q_avg": 16.2,
            "net_income": 223263,
            "net_income_4q": null,
            "revenue": 4331202,
            "revenue_4q": null,
            "common_shares": 2598479,
            "book_valuer_per_share": 39.86,
            "book_valuer_per_share_4q_avg": 38.49,
            "equity": 11397536,
            "current_ratio": 79.48,
            "debt_ratio": 57.37,
            "inventory_turnover_ratio": 1.72,
            "account_receivable_turnover_ratio": 1.66,
            "reinvestment_rate": 159.35,
            "research_to_sale_ratio": 0.33,
            "price_fair": 166.16,
            "eps_avg_yearly": 4.75,
            "eps_latest_yearly": 3.44,
            "eps_growth_yearly": 320.13
        },
        "20142": {
            "year_quarter": 20142,
            "year": 2014,
            "quarter": 2,
            "eps": 1.18,
            "eps_growth_year": -22.88,
            "eps_4q": 3.44,
            "eps_4q_growth_year": -30.3,
            "roe": 2.93,
            "roe_4q": 8.07,
            "gross_profit": 849418,
            "gross_margin": 17.52,
            "gross_margin_4q_avg": 15.69,
            "net_income": 326283,
            "net_income_4q": null,
            "revenue": 4849561,
            "revenue_4q": null,
            "common_shares": 2598479,
            "book_valuer_per_share": 37.82,
            "book_valuer_per_share_4q_avg": 38.54,
            "equity": 10855842,
            "current_ratio": 71.26,
            "debt_ratio": 61.24,
            "inventory_turnover_ratio": 2,
            "account_receivable_turnover_ratio": 1.44,
            "reinvestment_rate": 95.33,
            "research_to_sale_ratio": 0.31,
            "price_fair": 161.53,
            "eps_avg_yearly": 4.62,
            "eps_latest_yearly": 4.72,
            "eps_growth_yearly": 302.3
        },
        "20143": {
            "year_quarter": 20143,
            "year": 2014,
            "quarter": 3,
            "eps": 1.62,
            "eps_growth_year": 22.73,
            "eps_4q": 3.74,
            "eps_4q_growth_year": -17.02,
            "roe": 3.78,
            "roe_4q": 8.65,
            "gross_profit": 905127,
            "gross_margin": 18.86,
            "gross_margin_4q_avg": 15.84,
            "net_income": 420705,
            "net_income_4q": null,
            "revenue": 4797940,
            "revenue_4q": null,
            "common_shares": 2598479,
            "book_valuer_per_share": 39.77,
            "book_valuer_per_share_4q_avg": 38.93,
            "equity": 11382167,
            "current_ratio": 73.7,
            "debt_ratio": 61.09,
            "inventory_turnover_ratio": 1.99,
            "account_receivable_turnover_ratio": 1.43,
            "reinvestment_rate": 94.3,
            "research_to_sale_ratio": 0.34,
            "price_fair": 157.06,
            "eps_avg_yearly": 4.49,
            "eps_latest_yearly": 6.48,
            "eps_growth_yearly": 305.48
        },
        "20144": {
            "year_quarter": 20144,
            "year": 2014,
            "quarter": 4,
            "eps": 0.06,
            "eps_growth_year": -27.11,
            "eps_4q": 3.72,
            "eps_4q_growth_year": -12.98,
            "roe": -0.3,
            "roe_4q": 8.41,
            "gross_profit": 370825,
            "gross_margin": 11.42,
            "gross_margin_4q_avg": 15.85,
            "net_income": -34967,
            "net_income_4q": null,
            "revenue": 3247771,
            "revenue_4q": null,
            "common_shares": 2598479,
            "book_valuer_per_share": 40.88,
            "book_valuer_per_share_4q_avg": 39.58,
            "equity": 11669390,
            "current_ratio": 70.3,
            "debt_ratio": 60.03,
            "inventory_turnover_ratio": 1.41,
            "account_receivable_turnover_ratio": 1.2,
            "reinvestment_rate": 110.7,
            "research_to_sale_ratio": 0.54,
            "price_fair": 152.43,
            "eps_avg_yearly": 4.36,
            "eps_latest_yearly": 0.24,
            "eps_growth_yearly": 299.48
        },
        "20151": {
            "year_quarter": 20151,
            "year": 2015,
            "quarter": 1,
            "eps": 0.97,
            "eps_growth_year": 12.79,
            "eps_4q": 3.83,
            "eps_4q_growth_year": 1.1,
            "roe": 2.22,
            "roe_4q": 8.63,
            "gross_profit": 754476,
            "gross_margin": 18.16,
            "gross_margin_4q_avg": 16.49,
            "net_income": 259212,
            "net_income_4q": null,
            "revenue": 4153767,
            "revenue_4q": null,
            "common_shares": 2598479,
            "book_valuer_per_share": 40.82,
            "book_valuer_per_share_4q_avg": 39.82,
            "equity": 11714788,
            "current_ratio": 72.76,
            "debt_ratio": 60.56,
            "inventory_turnover_ratio": 1.85,
            "account_receivable_turnover_ratio": 1.5,
            "reinvestment_rate": 88.61,
            "research_to_sale_ratio": 0.38,
            "price_fair": 152.6,
            "eps_avg_yearly": 4.36,
            "eps_latest_yearly": 3.88,
            "eps_growth_yearly": 663.39
        },
        "20152": {
            "year_quarter": 20152,
            "year": 2015,
            "quarter": 2,
            "eps": 1.4,
            "eps_growth_year": 18.64,
            "eps_4q": 3.56,
            "eps_4q_growth_year": 3.27,
            "roe": 3.39,
            "roe_4q": 9.09,
            "gross_profit": 1082039,
            "gross_margin": 21.66,
            "gross_margin_4q_avg": 17.53,
            "net_income": 433792,
            "net_income_4q": null,
            "revenue": 4995852,
            "revenue_4q": null,
            "common_shares": 3098479,
            "book_valuer_per_share": 40.94,
            "book_valuer_per_share_4q_avg": 40.6,
            "equity": 13879875,
            "current_ratio": 78.21,
            "debt_ratio": 54.84,
            "inventory_turnover_ratio": 2.27,
            "account_receivable_turnover_ratio": 1.37,
            "reinvestment_rate": 69.91,
            "research_to_sale_ratio": 0.36,
            "price_fair": 147.53,
            "eps_avg_yearly": 4.22,
            "eps_latest_yearly": 5.6,
            "eps_growth_yearly": 647.37
        },
        "20153": {
            "year_quarter": 20153,
            "year": 2015,
            "quarter": 3,
            "eps": 0.74,
            "eps_growth_year": -54.32,
            "eps_4q": 2.98,
            "eps_4q_growth_year": -20.36,
            "roe": 1.29,
            "roe_4q": 6.6000000000000005,
            "gross_profit": 813814,
            "gross_margin": 18.45,
            "gross_margin_4q_avg": 17.42,
            "net_income": 177041,
            "net_income_4q": null,
            "revenue": 4411398,
            "revenue_4q": null,
            "common_shares": 3098479,
            "book_valuer_per_share": 40.87,
            "book_valuer_per_share_4q_avg": 40.88,
            "equity": 13635664,
            "current_ratio": 73.53,
            "debt_ratio": 54.55,
            "inventory_turnover_ratio": 2.1,
            "account_receivable_turnover_ratio": 1.17,
            "reinvestment_rate": 39.11,
            "research_to_sale_ratio": 0.35,
            "price_fair": 141.58,
            "eps_avg_yearly": 4.05,
            "eps_latest_yearly": 2.96,
            "eps_growth_yearly": 642.66
        },
        "20154": {
            "year_quarter": 20154,
            "year": 2015,
            "quarter": 4,
            "eps": 0.19,
            "eps_growth_year": 198.2,
            "eps_4q": 3.24,
            "eps_4q_growth_year": -12.86,
            "roe": 0.12,
            "roe_4q": 7.020000000000001,
            "gross_profit": 415343,
            "gross_margin": 13.77,
            "gross_margin_4q_avg": 18.01,
            "net_income": 16096,
            "net_income_4q": null,
            "revenue": 3017360,
            "revenue_4q": null,
            "common_shares": 3098479,
            "book_valuer_per_share": 40.79,
            "book_valuer_per_share_4q_avg": 40.86,
            "equity": 13002997,
            "current_ratio": 77.21,
            "debt_ratio": 55.34,
            "inventory_turnover_ratio": 1.52,
            "account_receivable_turnover_ratio": 1.01,
            "reinvestment_rate": 32.27,
            "research_to_sale_ratio": 0.47,
            "price_fair": 137.64,
            "eps_avg_yearly": 3.93,
            "eps_latest_yearly": 0.76,
            "eps_growth_yearly": 637.81
        },
        "20161": {
            "year_quarter": 20161,
            "year": 2016,
            "quarter": 1,
            "eps": 0.71,
            "eps_growth_year": -26.8,
            "eps_4q": 3.09,
            "eps_4q_growth_year": -19.42,
            "roe": 1.59,
            "roe_4q": 6.390000000000001,
            "gross_profit": 692737,
            "gross_margin": 17.87,
            "gross_margin_4q_avg": 17.94,
            "net_income": 208802,
            "net_income_4q": null,
            "revenue": 3876679,
            "revenue_4q": null,
            "common_shares": 2928789,
            "book_valuer_per_share": 41.45,
            "book_valuer_per_share_4q_avg": 41.01,
            "equity": 13228649,
            "current_ratio": 85.42,
            "debt_ratio": 54.34,
            "inventory_turnover_ratio": 1.86,
            "account_receivable_turnover_ratio": 1.42,
            "reinvestment_rate": 24.84,
            "research_to_sale_ratio": 0.42,
            "price_fair": 136.94,
            "eps_avg_yearly": 3.91,
            "eps_latest_yearly": 2.84,
            "eps_growth_yearly": 700.37
        },
        "20162": {
            "year_quarter": 20162,
            "year": 2016,
            "quarter": 2,
            "eps": 1.6,
            "eps_growth_year": 14.29,
            "eps_4q": 3.28,
            "eps_4q_growth_year": -7.64,
            "roe": 3.77,
            "roe_4q": 6.7700000000000005,
            "gross_profit": 1092214,
            "gross_margin": 23.09,
            "gross_margin_4q_avg": 18.3,
            "net_income": 491139,
            "net_income_4q": null,
            "revenue": 4730969,
            "revenue_4q": null,
            "common_shares": 2928789,
            "book_valuer_per_share": 40.31,
            "book_valuer_per_share_4q_avg": 40.86,
            "equity": 12849462,
            "current_ratio": 86.95,
            "debt_ratio": 56.41,
            "inventory_turnover_ratio": 2.18,
            "account_receivable_turnover_ratio": 1.47,
            "reinvestment_rate": 8.84,
            "research_to_sale_ratio": 0.33,
            "price_fair": 137.2,
            "eps_avg_yearly": 3.92,
            "eps_latest_yearly": 6.4,
            "eps_growth_yearly": 707.02
        },
        "20163": {
            "year_quarter": 20163,
            "year": 2016,
            "quarter": 3,
            "eps": 1.39,
            "eps_growth_year": 87.84,
            "eps_4q": 3.89,
            "eps_4q_growth_year": 30.69,
            "roe": 3.16,
            "roe_4q": 8.639999999999999,
            "gross_profit": 1061969,
            "gross_margin": 22.86,
            "gross_margin_4q_avg": 19.4,
            "net_income": 407390,
            "net_income_4q": null,
            "revenue": 4644646,
            "revenue_4q": null,
            "common_shares": 2928789,
            "book_valuer_per_share": 40.63,
            "book_valuer_per_share_4q_avg": 40.8,
            "equity": 12909006,
            "current_ratio": 93.17,
            "debt_ratio": 54.04,
            "inventory_turnover_ratio": 2.29,
            "account_receivable_turnover_ratio": 1.34,
            "reinvestment_rate": 6.3,
            "research_to_sale_ratio": 0.33,
            "price_fair": 134.05,
            "eps_avg_yearly": 3.83,
            "eps_latest_yearly": 5.56,
            "eps_growth_yearly": 700.88
        },
        "20164": {
            "year_quarter": 20164,
            "year": 2016,
            "quarter": 4,
            "eps": 0.32,
            "eps_growth_year": 68.15,
            "eps_4q": 4.02,
            "eps_4q_growth_year": 24.16,
            "roe": 0.65,
            "roe_4q": 9.17,
            "gross_profit": 555495,
            "gross_margin": 17.05,
            "gross_margin_4q_avg": 20.22,
            "net_income": 82963,
            "net_income_4q": null,
            "revenue": 3258384,
            "revenue_4q": null,
            "common_shares": 2928789,
            "book_valuer_per_share": 40.14,
            "book_valuer_per_share_4q_avg": 40.63,
            "equity": 12676173,
            "current_ratio": 80.39,
            "debt_ratio": 53.72,
            "inventory_turnover_ratio": 1.68,
            "account_receivable_turnover_ratio": 1.1,
            "reinvestment_rate": -55.87,
            "research_to_sale_ratio": 0.54,
            "price_fair": 134.05,
            "eps_avg_yearly": 3.83,
            "eps_latest_yearly": 1.28,
            "eps_growth_yearly": 702.06
        },
        "20171": {
            "year_quarter": 20171,
            "year": 2017,
            "quarter": 1,
            "eps": 1.28,
            "eps_growth_year": 80.28,
            "eps_4q": 4.59,
            "eps_4q_growth_year": 48.64,
            "roe": 3.38,
            "roe_4q": 10.96,
            "gross_profit": 816186,
            "gross_margin": 19.08,
            "gross_margin_4q_avg": 20.52,
            "net_income": 429145,
            "net_income_4q": null,
            "revenue": 4278713,
            "revenue_4q": null,
            "common_shares": 2928789,
            "book_valuer_per_share": 39.92,
            "book_valuer_per_share_4q_avg": 40.25,
            "equity": 12694224,
            "current_ratio": 93.47,
            "debt_ratio": 54.29,
            "inventory_turnover_ratio": 1.86,
            "account_receivable_turnover_ratio": 1.47,
            "reinvestment_rate": 42.64,
            "research_to_sale_ratio": 0.38,
            "price_fair": 133.53,
            "eps_avg_yearly": 3.82,
            "eps_latest_yearly": 5.12,
            "eps_growth_yearly": 697.37
        },
        "20172": {
            "year_quarter": 20172,
            "year": 2017,
            "quarter": 2,
            "eps": 1.17,
            "eps_growth_year": -26.88,
            "eps_4q": 4.16,
            "eps_4q_growth_year": 26.6,
            "roe": 2.7,
            "roe_4q": 9.89,
            "gross_profit": 912055,
            "gross_margin": 19.35,
            "gross_margin_4q_avg": 19.59,
            "net_income": 340681,
            "net_income_4q": null,
            "revenue": 4714278,
            "revenue_4q": null,
            "common_shares": 2928789,
            "book_valuer_per_share": 39.24,
            "book_valuer_per_share_4q_avg": 39.98,
            "equity": 12525854,
            "current_ratio": 88.17,
            "debt_ratio": 55.77,
            "inventory_turnover_ratio": 1.97,
            "account_receivable_turnover_ratio": 1.28,
            "reinvestment_rate": 22.89,
            "research_to_sale_ratio": 0.41,
            "price_fair": 130.38,
            "eps_avg_yearly": 3.73,
            "eps_latest_yearly": 4.68,
            "eps_growth_yearly": 691.68
        },
        "20173": {
            "year_quarter": 20173,
            "year": 2017,
            "quarter": 3,
            "eps": 1.59,
            "eps_growth_year": 14.39,
            "eps_4q": 4.35,
            "eps_4q_growth_year": 11.73,
            "roe": 3.75,
            "roe_4q": 10.48,
            "gross_profit": 1089949,
            "gross_margin": 21.53,
            "gross_margin_4q_avg": 19.25,
            "net_income": 480188,
            "net_income_4q": null,
            "revenue": 5061486,
            "revenue_4q": null,
            "common_shares": 2928789,
            "book_valuer_per_share": 41,
            "book_valuer_per_share_4q_avg": 40.08,
            "equity": 13097981,
            "current_ratio": 95.62,
            "debt_ratio": 53.82,
            "inventory_turnover_ratio": 2.1,
            "account_receivable_turnover_ratio": 1.31,
            "reinvestment_rate": 21.15,
            "research_to_sale_ratio": 0.31,
            "price_fair": 132.74,
            "eps_avg_yearly": 3.79,
            "eps_latest_yearly": 6.36,
            "eps_growth_yearly": 704.09
        },
        "20174": {
            "year_quarter": 20174,
            "year": 2017,
            "quarter": 4,
            "eps": 0.17,
            "eps_growth_year": -46.97,
            "eps_4q": 4.2,
            "eps_4q_growth_year": 4.47,
            "roe": 0.09,
            "roe_4q": 9.92,
            "gross_profit": 502391,
            "gross_margin": 14.5,
            "gross_margin_4q_avg": 18.62,
            "net_income": 11969,
            "net_income_4q": null,
            "revenue": 3464981,
            "revenue_4q": null,
            "common_shares": 2928789,
            "book_valuer_per_share": 42.61,
            "book_valuer_per_share_4q_avg": 40.69,
            "equity": 13162763,
            "current_ratio": 126.12,
            "debt_ratio": 53.46,
            "inventory_turnover_ratio": 1.4,
            "account_receivable_turnover_ratio": 1.06,
            "reinvestment_rate": 12.62,
            "research_to_sale_ratio": 0.5,
            "price_fair": 133.44,
            "eps_avg_yearly": 3.81,
            "eps_latest_yearly": 0.68,
            "eps_growth_yearly": 705.05
        },
        "20181": {
            "year_quarter": 20181,
            "year": 2018,
            "quarter": 1,
            "eps": 0.91,
            "eps_growth_year": -28.91,
            "eps_4q": 3.83,
            "eps_4q_growth_year": -16.45,
            "roe": 2.06,
            "roe_4q": 8.600000000000001,
            "gross_profit": 792416,
            "gross_margin": 17.06,
            "gross_margin_4q_avg": 18.11,
            "net_income": 275554,
            "net_income_4q": null,
            "revenue": 4645232,
            "revenue_4q": null,
            "common_shares": 2928789,
            "book_valuer_per_share": 44.09,
            "book_valuer_per_share_4q_avg": 41.74,
            "equity": 13619464,
            "current_ratio": 118.24,
            "debt_ratio": 54.01,
            "inventory_turnover_ratio": 1.65,
            "account_receivable_turnover_ratio": 1.41,
            "reinvestment_rate": 2.11,
            "research_to_sale_ratio": 0.35,
            "price_fair": 133.88,
            "eps_avg_yearly": 3.83,
            "eps_latest_yearly": 3.64,
            "eps_growth_yearly": 599.99
        },
        "20182": {
            "year_quarter": 20182,
            "year": 2018,
            "quarter": 2,
            "eps": 1.66,
            "eps_growth_year": 41.88,
            "eps_4q": 4.32,
            "eps_4q_growth_year": 4.01,
            "roe": 3.67,
            "roe_4q": 9.57,
            "gross_profit": 1156736,
            "gross_margin": 20.39,
            "gross_margin_4q_avg": 18.37,
            "net_income": 492046,
            "net_income_4q": null,
            "revenue": 5672056,
            "revenue_4q": null,
            "common_shares": 2928789,
            "book_valuer_per_share": 42.46,
            "book_valuer_per_share_4q_avg": 42.54,
            "equity": 13169654,
            "current_ratio": 124.78,
            "debt_ratio": 55.85,
            "inventory_turnover_ratio": 1.97,
            "account_receivable_turnover_ratio": 1.32,
            "reinvestment_rate": -8.94,
            "research_to_sale_ratio": 0.27,
            "price_fair": 138.08,
            "eps_avg_yearly": 3.95,
            "eps_latest_yearly": 6.64,
            "eps_growth_yearly": 611.29
        },
        "20183": {
            "year_quarter": 20183,
            "year": 2018,
            "quarter": 3,
            "eps": 1.17,
            "eps_growth_year": -26.42,
            "eps_4q": 3.91,
            "eps_4q_growth_year": -10.18,
            "roe": 2.58,
            "roe_4q": 8.4,
            "gross_profit": 1045273,
            "gross_margin": 18.62,
            "gross_margin_4q_avg": 17.64,
            "net_income": 337009,
            "net_income_4q": null,
            "revenue": 5612624,
            "revenue_4q": null,
            "common_shares": 2928789,
            "book_valuer_per_share": 42.05,
            "book_valuer_per_share_4q_avg": 42.8,
            "equity": 12940697,
            "current_ratio": 149.47,
            "debt_ratio": 56.15,
            "inventory_turnover_ratio": 2,
            "account_receivable_turnover_ratio": 1.21,
            "reinvestment_rate": -31.73,
            "research_to_sale_ratio": 0.32,
            "price_fair": 134.14,
            "eps_avg_yearly": 3.83,
            "eps_latest_yearly": 4.68,
            "eps_growth_yearly": 594.59
        },
        "20184": {
            "year_quarter": 20184,
            "year": 2018,
            "quarter": 4,
            "eps": -0.01,
            "eps_growth_year": -106.02,
            "eps_4q": 3.73,
            "eps_4q_growth_year": -11.24,
            "roe": -0.02,
            "roe_4q": 8.290000000000001,
            "gross_profit": 528456,
            "gross_margin": 13.21,
            "gross_margin_4q_avg": 17.32,
            "net_income": -2405,
            "net_income_4q": null,
            "revenue": 3999805,
            "revenue_4q": null,
            "common_shares": 2928789,
            "book_valuer_per_share": 42.5,
            "book_valuer_per_share_4q_avg": 42.78,
            "equity": 13079165,
            "current_ratio": 144.43,
            "debt_ratio": 55.54,
            "inventory_turnover_ratio": 1.44,
            "account_receivable_turnover_ratio": 1.03,
            "reinvestment_rate": -55.2,
            "research_to_sale_ratio": 0.46,
            "price_fair": 142.52,
            "eps_avg_yearly": 4.07,
            "eps_latest_yearly": 4.68,
            "eps_growth_yearly": 659.91
        },
        "20191": {
            "year_quarter": 20191,
            "year": 2019,
            "quarter": 1,
            "eps": 1.09,
            "eps_growth_year": 19.78,
            "eps_4q": 3.91,
            "eps_4q_growth_year": 2.04,
            "roe": 2.49,
            "roe_4q": 8.72,
            "gross_profit": 890301,
            "gross_margin": 17.93,
            "gross_margin_4q_avg": 17.54,
            "net_income": 334065,
            "net_income_4q": null,
            "revenue": 4966506,
            "revenue_4q": null,
            "common_shares": 2928789,
            "book_valuer_per_share": 44.83,
            "book_valuer_per_share_4q_avg": 42.96,
            "equity": 13795199,
            "current_ratio": 173.77,
            "debt_ratio": 55.17,
            "inventory_turnover_ratio": 1.47,
            "account_receivable_turnover_ratio": 1.36,
            "reinvestment_rate": -46.5,
            "research_to_sale_ratio": 0.39,
            "price_fair": 143,
            "eps_avg_yearly": 4.09,
            "eps_latest_yearly": 4.68,
            "eps_growth_yearly": 273.71
        },
        "20192": {
            "year_quarter": 20192,
            "year": 2019,
            "quarter": 2,
            "eps": 1.47,
            "eps_growth_year": -11.45,
            "eps_4q": 3.72,
            "eps_4q_growth_year": -13.91,
            "roe": 3.37,
            "roe_4q": 8.420000000000002,
            "gross_profit": 1281741,
            "gross_margin": 20.7,
            "gross_margin_4q_avg": 17.62,
            "net_income": 463529,
            "net_income_4q": null,
            "revenue": 6193449,
            "revenue_4q": null,
            "common_shares": 2928789,
            "book_valuer_per_share": 44.06,
            "book_valuer_per_share_4q_avg": 43.36,
            "equity": 13698657,
            "current_ratio": 149.1,
            "debt_ratio": 56.66,
            "inventory_turnover_ratio": 1.74,
            "account_receivable_turnover_ratio": 1.39,
            "reinvestment_rate": -44.77,
            "research_to_sale_ratio": 0.37,
            "price_fair": 143.7,
            "eps_avg_yearly": 4.11,
            "eps_latest_yearly": 5.88,
            "eps_growth_yearly": 271
        },
        "20193": {
            "year_quarter": 20193,
            "year": 2019,
            "quarter": 3,
            "eps": 1.6,
            "eps_growth_year": 36.75,
            "eps_4q": 4.15,
            "eps_4q_growth_year": 6.12,
            "roe": 3.55,
            "roe_4q": 9.39,
            "gross_profit": 1330946,
            "gross_margin": 22.28,
            "gross_margin_4q_avg": 18.53,
            "net_income": 489103,
            "net_income_4q": null,
            "revenue": 5972460,
            "revenue_4q": null,
            "common_shares": 2928789,
            "book_valuer_per_share": 44.62,
            "book_valuer_per_share_4q_avg": 44,
            "equity": 13845589,
            "current_ratio": 137.5,
            "debt_ratio": 57.72,
            "inventory_turnover_ratio": 1.89,
            "account_receivable_turnover_ratio": 1.27,
            "reinvestment_rate": -50.54,
            "research_to_sale_ratio": 0.34,
            "price_fair": 152.3,
            "eps_avg_yearly": 4.35,
            "eps_latest_yearly": 6.4,
            "eps_growth_yearly": 287
        },
        "20194": {
            "year_quarter": 20194,
            "year": 2019,
            "quarter": 4,
            "eps": 0.56,
            "eps_growth_year": null,
            "eps_4q": 4.72,
            "eps_4q_growth_year": 26.41,
            "roe": 1.3,
            "roe_4q": 10.709999999999999,
            "gross_profit": 779322,
            "gross_margin": 17.73,
            "gross_margin_4q_avg": 19.66,
            "net_income": 179905,
            "net_income_4q": null,
            "revenue": 4394933,
            "revenue_4q": null,
            "common_shares": 2928789,
            "book_valuer_per_share": 44.19,
            "book_valuer_per_share_4q_avg": 44.43,
            "equity": 13728137,
            "current_ratio": 133.28,
            "debt_ratio": 56.45,
            "inventory_turnover_ratio": 1.51,
            "account_receivable_turnover_ratio": 1.12,
            "reinvestment_rate": -55.65,
            "research_to_sale_ratio": 0.54,
            "price_fair": 156,
            "eps_avg_yearly": 4.46,
            "eps_latest_yearly": 2.24,
            "eps_growth_yearly": 289.67
        },
        "20201": {
            "year_quarter": 20201,
            "year": 2020,
            "quarter": 1,
            "eps": 0.91,
            "eps_growth_year": -16.51,
            "eps_4q": 4.53,
            "eps_4q_growth_year": 15.84,
            "roe": 2.24,
            "roe_4q": 10.46,
            "gross_profit": 811996,
            "gross_margin": 18.37,
            "gross_margin_4q_avg": 19.77,
            "net_income": 291971,
            "net_income_4q": null,
            "revenue": 4419480,
            "revenue_4q": null,
            "common_shares": 2928789,
            "book_valuer_per_share": 39.25,
            "book_valuer_per_share_4q_avg": 43.03,
            "equity": 12305419,
            "current_ratio": 120.27,
            "debt_ratio": 60.64,
            "inventory_turnover_ratio": 1.44,
            "account_receivable_turnover_ratio": 1.3,
            "reinvestment_rate": -59.89,
            "research_to_sale_ratio": 0.51,
            "price_fair": 158,
            "eps_avg_yearly": 4.51,
            "eps_latest_yearly": 3.64,
            "eps_growth_yearly": 229.33
        },
        "20202": {
            "year_quarter": 20202,
            "year": 2020,
            "quarter": 2,
            "eps": 1.85,
            "eps_growth_year": 25.85,
            "eps_4q": 4.98,
            "eps_4q_growth_year": 33.73,
            "roe": 4.38,
            "roe_4q": 11.469999999999999,
            "gross_profit": 1188524,
            "gross_margin": 22.37,
            "gross_margin_4q_avg": 20.19,
            "net_income": 549424,
            "net_income_4q": null,
            "revenue": 5313023,
            "revenue_4q": null,
            "common_shares": 2877859,
            "book_valuer_per_share": 41.68,
            "book_valuer_per_share_4q_avg": 42.44,
            "equity": 12781323,
            "current_ratio": 122.55,
            "debt_ratio": 60.57,
            "inventory_turnover_ratio": 1.66,
            "account_receivable_turnover_ratio": 1.41,
            "reinvestment_rate": -46.82,
            "research_to_sale_ratio": 0.42,
            "price_fair": 160.5,
            "eps_avg_yearly": 4.59,
            "eps_latest_yearly": 7.4,
            "eps_growth_yearly": 223.03
        },
        "20203": {
            "year_quarter": 20203,
            "year": 2020,
            "quarter": 3,
            "eps": 2.31,
            "eps_growth_year": 44.38,
            "eps_4q": 5.66,
            "eps_4q_growth_year": 36.58,
            "roe": 5.28,
            "roe_4q": 13.200000000000001,
            "gross_profit": 1363457,
            "gross_margin": 24.44,
            "gross_margin_4q_avg": 20.73,
            "net_income": 692128,
            "net_income_4q": null,
            "revenue": 5578738,
            "revenue_4q": null,
            "common_shares": 2877859,
            "book_valuer_per_share": 43.75,
            "book_valuer_per_share_4q_avg": 42.22,
            "equity": 13412446,
            "current_ratio": 136.33,
            "debt_ratio": 58.81,
            "inventory_turnover_ratio": 1.77,
            "account_receivable_turnover_ratio": 1.37,
            "reinvestment_rate": -38.2,
            "research_to_sale_ratio": 0.4,
            "price_fair": 169.7,
            "eps_avg_yearly": 4.85,
            "eps_latest_yearly": 9.24,
            "eps_growth_yearly": 233.88
        },
        "20204": {
            "year_quarter": 20204,
            "year": 2020,
            "quarter": 4,
            "eps": 0.66,
            "eps_growth_year": 17.47,
            "eps_4q": 5.75,
            "eps_4q_growth_year": 21.99,
            "roe": 1.44,
            "roe_4q": 13.340000000000002,
            "gross_profit": 741724,
            "gross_margin": 18.37,
            "gross_margin_4q_avg": 20.89,
            "net_income": 197217,
            "net_income_4q": null,
            "revenue": 4037008,
            "revenue_4q": null,
            "common_shares": 2877859,
            "book_valuer_per_share": 45.44,
            "book_valuer_per_share_4q_avg": 42.53,
            "equity": 13883905,
            "current_ratio": 151.94,
            "debt_ratio": 56.19,
            "inventory_turnover_ratio": 1.43,
            "account_receivable_turnover_ratio": 1.13,
            "reinvestment_rate": -26.09,
            "research_to_sale_ratio": 0.63,
            "price_fair": 173.1,
            "eps_avg_yearly": 4.95,
            "eps_latest_yearly": 2.64,
            "eps_growth_yearly": 235.47
        },
        "20211": {
            "year_quarter": 20211,
            "year": 2021,
            "quarter": 1,
            "eps": 1.67,
            "eps_growth_year": 83.52,
            "eps_4q": 6.5,
            "eps_4q_growth_year": 43.33,
            "roe": 3.72,
            "roe_4q": 14.82,
            "gross_profit": 1166870,
            "gross_margin": 22.77,
            "gross_margin_4q_avg": 21.99,
            "net_income": 499976,
            "net_income_4q": null,
            "revenue": 5123903,
            "revenue_4q": null,
            "common_shares": 2877859,
            "book_valuer_per_share": 42.41,
            "book_valuer_per_share_4q_avg": 43.32,
            "equity": 12996630,
            "current_ratio": 141.24,
            "debt_ratio": 59.43,
            "inventory_turnover_ratio": 1.69,
            "account_receivable_turnover_ratio": 1.48,
            "reinvestment_rate": -11.68,
            "research_to_sale_ratio": 0.51,
            "price_fair": 177,
            "eps_avg_yearly": 5.06,
            "eps_latest_yearly": 6.68,
            "eps_growth_yearly": 193.47
        },
        "20212": {
            "year_quarter": 20212,
            "year": 2021,
            "quarter": 2,
            "eps": 2.52,
            "eps_growth_year": 36.22,
            "eps_4q": 7.16,
            "eps_4q_growth_year": 43.77,
            "roe": 5.66,
            "roe_4q": 16.1,
            "gross_profit": 1526530,
            "gross_margin": 25.75,
            "gross_margin_4q_avg": 22.83,
            "net_income": 747937,
            "net_income_4q": null,
            "revenue": 5929020,
            "revenue_4q": null,
            "common_shares": 2877859,
            "book_valuer_per_share": 44.03,
            "book_valuer_per_share_4q_avg": 43.91,
            "equity": 13440921,
            "current_ratio": 146.25,
            "debt_ratio": 59.07,
            "inventory_turnover_ratio": 1.8,
            "account_receivable_turnover_ratio": 1.38,
            "reinvestment_rate": -17.33,
            "research_to_sale_ratio": 0.43,
            "price_fair": 190.5,
            "eps_avg_yearly": 5.44,
            "eps_latest_yearly": 10.08,
            "eps_growth_yearly": 210.47
        },
        "20213": {
            "year_quarter": 20213,
            "year": 2021,
            "quarter": 3,
            "eps": 1.79,
            "eps_growth_year": -22.51,
            "eps_4q": 6.63,
            "eps_4q_growth_year": 17.12,
            "roe": 3.87,
            "roe_4q": 14.690000000000001,
            "gross_profit": 1272631,
            "gross_margin": 23.13,
            "gross_margin_4q_avg": 22.51,
            "net_income": 526177,
            "net_income_4q": null,
            "revenue": 5501115,
            "revenue_4q": null,
            "common_shares": 2877859,
            "book_valuer_per_share": 45.36,
            "book_valuer_per_share_4q_avg": 44.31,
            "equity": 13768604,
            "current_ratio": 129,
            "debt_ratio": 58.05,
            "inventory_turnover_ratio": 1.62,
            "account_receivable_turnover_ratio": 1.25,
            "reinvestment_rate": -12.97,
            "research_to_sale_ratio": 0.42,
            "price_fair": 192.5,
            "eps_avg_yearly": 5.5,
            "eps_latest_yearly": 7.16,
            "eps_growth_yearly": 191.94
        },
        "20214": {
            "year_quarter": 20214,
            "year": 2021,
            "quarter": 4,
            "eps": 0.85,
            "eps_growth_year": 29.42,
            "eps_4q": 6.83,
            "eps_4q_growth_year": 18.69,
            "roe": 1.82,
            "roe_4q": 15.070000000000002,
            "gross_profit": 944656,
            "gross_margin": 19.56,
            "gross_margin_4q_avg": 22.8,
            "net_income": 254268,
            "net_income_4q": null,
            "revenue": 4828496,
            "revenue_4q": null,
            "common_shares": 2877859,
            "book_valuer_per_share": 46.77,
            "book_valuer_per_share_4q_avg": 44.64,
            "equity": 14190243,
            "current_ratio": 165.29,
            "debt_ratio": 57.7,
            "inventory_turnover_ratio": 1.36,
            "account_receivable_turnover_ratio": 1.25,
            "reinvestment_rate": -5.91,
            "research_to_sale_ratio": 0.67,
            "price_fair": 199.3,
            "eps_avg_yearly": 5.69,
            "eps_latest_yearly": 3.4,
            "eps_growth_yearly": 202.45
        },
        "20221": {
            "year_quarter": 20221,
            "year": 2022,
            "quarter": 1,
            "eps": 1.93,
            "eps_growth_year": 15.57,
            "eps_4q": 7.09,
            "eps_4q_growth_year": 9.12,
            "roe": 4.05,
            "roe_4q": 15.4,
            "gross_profit": 1237338,
            "gross_margin": 22.05,
            "gross_margin_4q_avg": 22.62,
            "net_income": 572204,
            "net_income_4q": null,
            "revenue": 5612280,
            "revenue_4q": null,
            "common_shares": 2877859,
            "book_valuer_per_share": 46.31,
            "book_valuer_per_share_4q_avg": 45.62,
            "equity": 14081435,
            "current_ratio": 143.95,
            "debt_ratio": 59.24,
            "inventory_turnover_ratio": 1.41,
            "account_receivable_turnover_ratio": 1.41,
            "reinvestment_rate": 3.79,
            "research_to_sale_ratio": 0.74,
            "price_fair": 209.5,
            "eps_avg_yearly": 5.99,
            "eps_latest_yearly": 7.72,
            "eps_growth_yearly": 114.38
        },
        "20222": {
            "year_quarter": 20222,
            "year": 2022,
            "quarter": 2,
            "eps": 2.41,
            "eps_growth_year": -4.37,
            "eps_4q": 6.98,
            "eps_4q_growth_year": -2.51,
            "roe": 5.08,
            "roe_4q": 14.82,
            "gross_profit": 1446255,
            "gross_margin": 21.99,
            "gross_margin_4q_avg": 21.68,
            "net_income": 730714,
            "net_income_4q": null,
            "revenue": 6576318,
            "revenue_4q": null,
            "common_shares": 2877859,
            "book_valuer_per_share": 48.35,
            "book_valuer_per_share_4q_avg": 46.7,
            "equity": 14685573,
            "current_ratio": 115.61,
            "debt_ratio": 58.29,
            "inventory_turnover_ratio": 1.57,
            "account_receivable_turnover_ratio": 1.39,
            "reinvestment_rate": -1.13,
            "research_to_sale_ratio": 0.72,
            "price_fair": 217,
            "eps_avg_yearly": 6.2,
            "eps_latest_yearly": 9.64,
            "eps_growth_yearly": 97.94
        },
        "20223": {
            "year_quarter": 20223,
            "year": 2022,
            "quarter": 3,
            "eps": 2.57,
            "eps_growth_year": 43.58,
            "eps_4q": 7.76,
            "eps_4q_growth_year": 17.03,
            "roe": 4.95,
            "roe_4q": 15.900000000000002,
            "gross_profit": 1526068,
            "gross_margin": 21.3,
            "gross_margin_4q_avg": 21.23,
            "net_income": 757460,
            "net_income_4q": null,
            "revenue": 7165236,
            "revenue_4q": null,
            "common_shares": 2877859,
            "book_valuer_per_share": 52.65,
            "book_valuer_per_share_4q_avg": 48.52,
            "equity": 15910172,
            "current_ratio": 112.15,
            "debt_ratio": 57.1,
            "inventory_turnover_ratio": 1.77,
            "account_receivable_turnover_ratio": 1.38,
            "reinvestment_rate": 16.64,
            "research_to_sale_ratio": 0.58,
            "price_fair": 231,
            "eps_avg_yearly": 6.6,
            "eps_latest_yearly": 10.28,
            "eps_growth_yearly": 108.27
        },
        "20224": {
            "year_quarter": 20224,
            "year": 2022,
            "quarter": 4,
            "eps": 0.78,
            "eps_growth_year": -7.94,
            "eps_4q": 7.7,
            "eps_4q_growth_year": 12.75,
            "roe": 1.38,
            "roe_4q": 15.46,
            "gross_profit": 934882,
            "gross_margin": 17.5,
            "gross_margin_4q_avg": 20.71,
            "net_income": 216806,
            "net_income_4q": null,
            "revenue": 5342474,
            "revenue_4q": null,
            "common_shares": 2877859,
            "book_valuer_per_share": 51.81,
            "book_valuer_per_share_4q_avg": 49.78,
            "equity": 15541984,
            "current_ratio": 106.77,
            "debt_ratio": 57.58,
            "inventory_turnover_ratio": 1.37,
            "account_receivable_turnover_ratio": 1.14,
            "reinvestment_rate": 20.03,
            "research_to_sale_ratio": 1.71,
            "price_fair": 222.88,
            "eps_avg_yearly": 6.37,
            "eps_latest_yearly": 3.12,
            "eps_growth_yearly": 82.48
        },
        "20231": {
            "year_quarter": 20231,
            "year": 2023,
            "quarter": 1,
            "eps": 1.61,
            "eps_growth_year": -16.58,
            "eps_4q": 7.38,
            "eps_4q_growth_year": 4.07,
            "roe": 3.32,
            "roe_4q": 14.729999999999999,
            "gross_profit": 1119870,
            "gross_margin": 18.46,
            "gross_margin_4q_avg": 19.81,
            "net_income": 504390,
            "net_income_4q": null,
            "revenue": 6066420,
            "revenue_4q": null,
            "common_shares": 2877859,
            "book_valuer_per_share": 49.26,
            "book_valuer_per_share_4q_avg": 50.52,
            "equity": 14840655,
            "current_ratio": 99.23,
            "debt_ratio": 60.2,
            "inventory_turnover_ratio": 1.53,
            "account_receivable_turnover_ratio": 1.38,
            "reinvestment_rate": 17.06,
            "research_to_sale_ratio": 0.86,
            "price_fair": 223.04,
            "eps_avg_yearly": 6.37,
            "eps_latest_yearly": 6.44,
            "eps_growth_yearly": 103.93
        },
        "20232": {
            "year_quarter": 20232,
            "year": 2023,
            "quarter": 2,
            "eps": 2.69,
            "eps_growth_year": 11.62,
            "eps_4q": 7.66,
            "eps_4q_growth_year": 9.73,
            "roe": 5.27,
            "roe_4q": 14.919999999999998,
            "gross_profit": 1593632,
            "gross_margin": 22.08,
            "gross_margin_4q_avg": 19.84,
            "net_income": 801732,
            "net_income_4q": null,
            "revenue": 7218847,
            "revenue_4q": null,
            "common_shares": 2877859,
            "book_valuer_per_share": 51.38,
            "book_valuer_per_share_4q_avg": 51.28,
            "equity": 15557919,
            "current_ratio": 118.38,
            "debt_ratio": 59.47,
            "inventory_turnover_ratio": 1.95,
            "account_receivable_turnover_ratio": 1.4,
            "reinvestment_rate": 17.24,
            "research_to_sale_ratio": 0.8,
            "price_fair": 233.71,
            "eps_avg_yearly": 6.68,
            "eps_latest_yearly": 10.76,
            "eps_growth_yearly": 111.98
        }
    },
    "months": {
        "2001-06": {
            "month": "2001-06",
            "price": "31.79",
            "revenue": 137483
        },
        "2001-07": {
            "month": "2001-07",
            "price": "26.33",
            "revenue": 152038
        },
        "2001-08": {
            "month": "2001-08",
            "price": "23.79",
            "revenue": 148968
        },
        "2001-09": {
            "month": "2001-09",
            "price": "17.45",
            "revenue": 130309
        },
        "2001-10": {
            "month": "2001-10",
            "price": "15.31",
            "revenue": 112569
        },
        "2001-11": {
            "month": "2001-11",
            "price": "17.30",
            "revenue": 113758
        },
        "2001-12": {
            "month": "2001-12",
            "price": "18.76",
            "revenue": 115559
        },
        "2002-01": {
            "month": "2002-01",
            "price": "19.48",
            "revenue": 141327
        },
        "2002-02": {
            "month": "2002-02",
            "price": "22.79",
            "revenue": 113842
        },
        "2002-03": {
            "month": "2002-03",
            "price": "32.23",
            "revenue": 150328
        },
        "2002-04": {
            "month": "2002-04",
            "price": "36.36",
            "revenue": 155852
        },
        "2002-05": {
            "month": "2002-05",
            "price": "37.85",
            "revenue": 178039
        },
        "2002-06": {
            "month": "2002-06",
            "price": "42.57",
            "revenue": 151456
        },
        "2002-07": {
            "month": "2002-07",
            "price": "42.03",
            "revenue": 186901
        },
        "2002-08": {
            "month": "2002-08",
            "price": "40.01",
            "revenue": 191261
        },
        "2002-09": {
            "month": "2002-09",
            "price": "38.32",
            "revenue": 163223
        },
        "2002-10": {
            "month": "2002-10",
            "price": "36.43",
            "revenue": 166151
        },
        "2002-11": {
            "month": "2002-11",
            "price": "42.24",
            "revenue": 157139
        },
        "2002-12": {
            "month": "2002-12",
            "price": "43.19",
            "revenue": 154052
        },
        "2003-01": {
            "month": "2003-01",
            "price": "50.26",
            "revenue": 194547
        },
        "2003-02": {
            "month": "2003-02",
            "price": "50.14",
            "revenue": 123156
        },
        "2003-03": {
            "month": "2003-03",
            "price": "48.47",
            "revenue": 174482
        },
        "2003-04": {
            "month": "2003-04",
            "price": "50.89",
            "revenue": 188151
        },
        "2003-05": {
            "month": "2003-05",
            "price": "48.73",
            "revenue": 221008
        },
        "2003-06": {
            "month": "2003-06",
            "price": "49.48",
            "revenue": 218432
        },
        "2003-07": {
            "month": "2003-07",
            "price": "48.34",
            "revenue": 245864
        },
        "2003-08": {
            "month": "2003-08",
            "price": "47.29",
            "revenue": 247019
        },
        "2003-09": {
            "month": "2003-09",
            "price": "42.20",
            "revenue": 190133
        },
        "2003-10": {
            "month": "2003-10",
            "price": "43.15",
            "revenue": 200171
        },
        "2003-11": {
            "month": "2003-11",
            "price": "43.30",
            "revenue": 189814
        },
        "2003-12": {
            "month": "2003-12",
            "price": "42.15",
            "revenue": 186169
        },
        "2004-01": {
            "month": "2004-01",
            "price": "44.09",
            "revenue": 161017
        },
        "2004-02": {
            "month": "2004-02",
            "price": "48.96",
            "revenue": 168435
        },
        "2004-03": {
            "month": "2004-03",
            "price": "47.42",
            "revenue": 205638
        },
        "2004-04": {
            "month": "2004-04",
            "price": "42.99",
            "revenue": 230794
        },
        "2004-05": {
            "month": "2004-05",
            "price": "32.99",
            "revenue": 276202
        },
        "2004-06": {
            "month": "2004-06",
            "price": "34.32",
            "revenue": 268194
        },
        "2004-07": {
            "month": "2004-07",
            "price": "33.62",
            "revenue": 290021
        },
        "2004-08": {
            "month": "2004-08",
            "price": "30.54",
            "revenue": 300712
        },
        "2004-09": {
            "month": "2004-09",
            "price": "31.09",
            "revenue": 267364
        },
        "2004-10": {
            "month": "2004-10",
            "price": "27.46",
            "revenue": 186584
        },
        "2004-11": {
            "month": "2004-11",
            "price": "24.52",
            "revenue": 217775
        },
        "2004-12": {
            "month": "2004-12",
            "price": "27.61",
            "revenue": 184358
        },
        "2005-01": {
            "month": "2005-01",
            "price": "28.69",
            "revenue": 199859
        },
        "2005-02": {
            "month": "2005-02",
            "price": "27.85",
            "revenue": 138862
        },
        "2005-03": {
            "month": "2005-03",
            "price": "29.13",
            "revenue": 199132
        },
        "2005-04": {
            "month": "2005-04",
            "price": "25.55",
            "revenue": 246305
        },
        "2005-05": {
            "month": "2005-05",
            "price": "26.17",
            "revenue": 255782
        },
        "2005-06": {
            "month": "2005-06",
            "price": "28.48",
            "revenue": 266380
        },
        "2005-07": {
            "month": "2005-07",
            "price": "26.99",
            "revenue": 294351
        },
        "2005-08": {
            "month": "2005-08",
            "price": "25.95",
            "revenue": 285040
        },
        "2005-09": {
            "month": "2005-09",
            "price": "20.45",
            "revenue": 265950
        },
        "2005-10": {
            "month": "2005-10",
            "price": "18.36",
            "revenue": 244837
        },
        "2005-11": {
            "month": "2005-11",
            "price": "19.63",
            "revenue": 246632
        },
        "2005-12": {
            "month": "2005-12",
            "price": "22.19",
            "revenue": 187522
        },
        "2006-01": {
            "month": "2006-01",
            "price": "22.48",
            "revenue": 223623
        },
        "2006-02": {
            "month": "2006-02",
            "price": "22.50",
            "revenue": 216844
        },
        "2006-03": {
            "month": "2006-03",
            "price": "21.41",
            "revenue": 245355
        },
        "2006-04": {
            "month": "2006-04",
            "price": "24.43",
            "revenue": 239335
        },
        "2006-05": {
            "month": "2006-05",
            "price": "26.64",
            "revenue": 258764
        },
        "2006-06": {
            "month": "2006-06",
            "price": "29.26",
            "revenue": 268799
        },
        "2006-07": {
            "month": "2006-07",
            "price": "27.30",
            "revenue": 308551
        },
        "2006-08": {
            "month": "2006-08",
            "price": "25.46",
            "revenue": 282446
        },
        "2006-09": {
            "month": "2006-09",
            "price": "23.23",
            "revenue": 242985
        },
        "2006-10": {
            "month": "2006-10",
            "price": "24.28",
            "revenue": 260186
        },
        "2006-11": {
            "month": "2006-11",
            "price": "23.66",
            "revenue": 245529
        },
        "2006-12": {
            "month": "2006-12",
            "price": "27.95",
            "revenue": 200797
        },
        "2007-01": {
            "month": "2007-01",
            "price": "28.52",
            "revenue": 216083
        },
        "2007-02": {
            "month": "2007-02",
            "price": "28.31",
            "revenue": 170163
        },
        "2007-03": {
            "month": "2007-03",
            "price": "28.97",
            "revenue": 254173
        },
        "2007-04": {
            "month": "2007-04",
            "price": "31.25",
            "revenue": 255795
        },
        "2007-05": {
            "month": "2007-05",
            "price": "28.61",
            "revenue": 326632
        },
        "2007-06": {
            "month": "2007-06",
            "price": "30.56",
            "revenue": 343663
        },
        "2007-07": {
            "month": "2007-07",
            "price": "33.08",
            "revenue": 405894
        },
        "2007-08": {
            "month": "2007-08",
            "price": "31.69",
            "revenue": 407015
        },
        "2007-09": {
            "month": "2007-09",
            "price": "29.98",
            "revenue": 314424
        },
        "2007-10": {
            "month": "2007-10",
            "price": "28.98",
            "revenue": 354426
        },
        "2007-11": {
            "month": "2007-11",
            "price": "24.77",
            "revenue": 313873
        },
        "2007-12": {
            "month": "2007-12",
            "price": "23.50",
            "revenue": 338034
        },
        "2008-01": {
            "month": "2008-01",
            "price": "26.25",
            "revenue": 380612
        },
        "2008-02": {
            "month": "2008-02",
            "price": "28.01",
            "revenue": 297559
        },
        "2008-03": {
            "month": "2008-03",
            "price": "29.37",
            "revenue": 335281
        },
        "2008-04": {
            "month": "2008-04",
            "price": "34.29",
            "revenue": 405950
        },
        "2008-05": {
            "month": "2008-05",
            "price": "37.40",
            "revenue": 419835
        },
        "2008-06": {
            "month": "2008-06",
            "price": "34.78",
            "revenue": 466430
        },
        "2008-07": {
            "month": "2008-07",
            "price": "35.36",
            "revenue": 497384
        },
        "2008-08": {
            "month": "2008-08",
            "price": "32.21",
            "revenue": 505868
        },
        "2008-09": {
            "month": "2008-09",
            "price": "29.17",
            "revenue": 435539
        },
        "2008-10": {
            "month": "2008-10",
            "price": "25.34",
            "revenue": 490012
        },
        "2008-11": {
            "month": "2008-11",
            "price": "28.50",
            "revenue": 398980
        },
        "2008-12": {
            "month": "2008-12",
            "price": "28.93",
            "revenue": 372979
        },
        "2009-01": {
            "month": "2009-01",
            "price": "31.93",
            "revenue": 357919
        },
        "2009-02": {
            "month": "2009-02",
            "price": "32.56",
            "revenue": 335755
        },
        "2009-03": {
            "month": "2009-03",
            "price": "35.94",
            "revenue": 408774
        },
        "2009-04": {
            "month": "2009-04",
            "price": "43.89",
            "revenue": 435988
        },
        "2009-05": {
            "month": "2009-05",
            "price": "48.68",
            "revenue": 416374
        },
        "2009-06": {
            "month": "2009-06",
            "price": "48.71",
            "revenue": 513354
        },
        "2009-07": {
            "month": "2009-07",
            "price": "53.03",
            "revenue": 552700
        },
        "2009-08": {
            "month": "2009-08",
            "price": "49.30",
            "revenue": 591653
        },
        "2009-09": {
            "month": "2009-09",
            "price": "50.88",
            "revenue": 520688
        },
        "2009-10": {
            "month": "2009-10",
            "price": "52.40",
            "revenue": 453953
        },
        "2009-11": {
            "month": "2009-11",
            "price": "53.46",
            "revenue": 424181
        },
        "2009-12": {
            "month": "2009-12",
            "price": "52.15",
            "revenue": 373797
        },
        "2010-01": {
            "month": "2010-01",
            "price": "54.05",
            "revenue": 369214
        },
        "2010-02": {
            "month": "2010-02",
            "price": "52.44",
            "revenue": 351429
        },
        "2010-03": {
            "month": "2010-03",
            "price": "55.65",
            "revenue": 527731
        },
        "2010-04": {
            "month": "2010-04",
            "price": "59.90",
            "revenue": 534974
        },
        "2010-05": {
            "month": "2010-05",
            "price": "58.64",
            "revenue": 515692
        },
        "2010-06": {
            "month": "2010-06",
            "price": "60.17",
            "revenue": 589903
        },
        "2010-07": {
            "month": "2010-07",
            "price": "58.79",
            "revenue": 695707
        },
        "2010-08": {
            "month": "2010-08",
            "price": "60.89",
            "revenue": 694766
        },
        "2010-09": {
            "month": "2010-09",
            "price": "60.56",
            "revenue": 553116
        },
        "2010-10": {
            "month": "2010-10",
            "price": "60.99",
            "revenue": 519582
        },
        "2010-11": {
            "month": "2010-11",
            "price": "64.66",
            "revenue": 523381
        },
        "2010-12": {
            "month": "2010-12",
            "price": "67.33",
            "revenue": 486180
        },
        "2011-01": {
            "month": "2011-01",
            "price": "68.54",
            "revenue": 484277
        },
        "2011-02": {
            "month": "2011-02",
            "price": "67.21",
            "revenue": 321435
        },
        "2011-03": {
            "month": "2011-03",
            "price": "70.82",
            "revenue": 524424
        },
        "2011-04": {
            "month": "2011-04",
            "price": "80.37",
            "revenue": 604996
        },
        "2011-05": {
            "month": "2011-05",
            "price": "83.36",
            "revenue": 651757
        },
        "2011-06": {
            "month": "2011-06",
            "price": "82.73",
            "revenue": 629240
        },
        "2011-07": {
            "month": "2011-07",
            "price": "86.79",
            "revenue": 653893
        },
        "2011-08": {
            "month": "2011-08",
            "price": "80.31",
            "revenue": 611199
        },
        "2011-09": {
            "month": "2011-09",
            "price": "71.71",
            "revenue": 1151798
        },
        "2011-10": {
            "month": "2011-10",
            "price": "68.46",
            "revenue": 964957
        },
        "2011-11": {
            "month": "2011-11",
            "price": "60.84",
            "revenue": 821543
        },
        "2011-12": {
            "month": "2011-12",
            "price": "56.78",
            "revenue": 1017795
        },
        "2012-01": {
            "month": "2012-01",
            "price": "59.41",
            "revenue": 480077
        },
        "2012-02": {
            "month": "2012-02",
            "price": "68.52",
            "revenue": 394097
        },
        "2012-03": {
            "month": "2012-03",
            "price": "68.54",
            "revenue": 560419
        },
        "2012-04": {
            "month": "2012-04",
            "price": "64.60",
            "revenue": 554249
        },
        "2012-05": {
            "month": "2012-05",
            "price": "65.71",
            "revenue": 691378
        },
        "2012-06": {
            "month": "2012-06",
            "price": "65.04",
            "revenue": 721024
        },
        "2012-07": {
            "month": "2012-07",
            "price": "66.59",
            "revenue": 843410
        },
        "2012-08": {
            "month": "2012-08",
            "price": "67.52",
            "revenue": 744054
        },
        "2012-09": {
            "month": "2012-09",
            "price": "63.82",
            "revenue": 576727
        },
        "2012-10": {
            "month": "2012-10",
            "price": "65.58",
            "revenue": 579305
        },
        "2012-11": {
            "month": "2012-11",
            "price": "61.82",
            "revenue": 521121
        },
        "2012-12": {
            "month": "2012-12",
            "price": "62.15",
            "revenue": 386975
        },
        "2013-01": {
            "month": "2013-01",
            "price": "71.08",
            "revenue": 1295815
        },
        "2013-02": {
            "month": "2013-02",
            "price": "75.41",
            "revenue": 1082687
        },
        "2013-03": {
            "month": "2013-03",
            "price": "77.40",
            "revenue": 1605968
        },
        "2013-04": {
            "month": "2013-04",
            "price": "75.30",
            "revenue": 1610476
        },
        "2013-05": {
            "month": "2013-05",
            "price": "79.02",
            "revenue": 1538153
        },
        "2013-06": {
            "month": "2013-06",
            "price": "74.39",
            "revenue": 1616652
        },
        "2013-07": {
            "month": "2013-07",
            "price": "72.53",
            "revenue": 1904442
        },
        "2013-08": {
            "month": "2013-08",
            "price": "66.83",
            "revenue": 1583560
        },
        "2013-09": {
            "month": "2013-09",
            "price": "65.52",
            "revenue": 1314501
        },
        "2013-10": {
            "month": "2013-10",
            "price": "63.05",
            "revenue": 1082050
        },
        "2013-11": {
            "month": "2013-11",
            "price": "59.41",
            "revenue": 1006864
        },
        "2013-12": {
            "month": "2013-12",
            "price": "59.56",
            "revenue": 965005
        },
        "2014-01": {
            "month": "2014-01",
            "price": "63.58",
            "revenue": 1434814
        },
        "2014-02": {
            "month": "2014-02",
            "price": "65.32",
            "revenue": 1212294
        },
        "2014-03": {
            "month": "2014-03",
            "price": "65.29",
            "revenue": 1684189
        },
        "2014-04": {
            "month": "2014-04",
            "price": "64.20",
            "revenue": 1530308
        },
        "2014-05": {
            "month": "2014-05",
            "price": "60.44",
            "revenue": 1612196
        },
        "2014-06": {
            "month": "2014-06",
            "price": "59.36",
            "revenue": 1706908
        },
        "2014-07": {
            "month": "2014-07",
            "price": "60.56",
            "revenue": 1839289
        },
        "2014-08": {
            "month": "2014-08",
            "price": "59.38",
            "revenue": 1627005
        },
        "2014-09": {
            "month": "2014-09",
            "price": "57.00",
            "revenue": 1331700
        },
        "2014-10": {
            "month": "2014-10",
            "price": "51.02",
            "revenue": 1155315
        },
        "2014-11": {
            "month": "2014-11",
            "price": "48.89",
            "revenue": 974316
        },
        "2014-12": {
            "month": "2014-12",
            "price": "54.58",
            "revenue": 1118140
        },
        "2015-01": {
            "month": "2015-01",
            "price": "55.95",
            "revenue": 1370332
        },
        "2015-02": {
            "month": "2015-02",
            "price": "56.68",
            "revenue": 1070351
        },
        "2015-03": {
            "month": "2015-03",
            "price": "60.46",
            "revenue": 1713242
        },
        "2015-04": {
            "month": "2015-04",
            "price": "58.66",
            "revenue": 1650013
        },
        "2015-05": {
            "month": "2015-05",
            "price": "59.68",
            "revenue": 1587724
        },
        "2015-06": {
            "month": "2015-06",
            "price": "60.59",
            "revenue": 1757957
        },
        "2015-07": {
            "month": "2015-07",
            "price": "54.05",
            "revenue": 1726228
        },
        "2015-08": {
            "month": "2015-08",
            "price": "48.59",
            "revenue": 1522977
        },
        "2015-09": {
            "month": "2015-09",
            "price": "48.68",
            "revenue": 1162181
        },
        "2015-10": {
            "month": "2015-10",
            "price": "50.98",
            "revenue": 985918
        },
        "2015-11": {
            "month": "2015-11",
            "price": "50.47",
            "revenue": 933471
        },
        "2015-12": {
            "month": "2015-12",
            "price": "47.50",
            "revenue": 1098053
        },
        "2016-01": {
            "month": "2016-01",
            "price": "45.63",
            "revenue": 1274055
        },
        "2016-02": {
            "month": "2016-02",
            "price": "47.39",
            "revenue": 964992
        },
        "2016-03": {
            "month": "2016-03",
            "price": "48.28",
            "revenue": 1642378
        },
        "2016-04": {
            "month": "2016-04",
            "price": "49.30",
            "revenue": 1473771
        },
        "2016-05": {
            "month": "2016-05",
            "price": "49.37",
            "revenue": 1614932
        },
        "2016-06": {
            "month": "2016-06",
            "price": "48.24",
            "revenue": 1637697
        },
        "2016-07": {
            "month": "2016-07",
            "price": "48.04",
            "revenue": 1627945
        },
        "2016-08": {
            "month": "2016-08",
            "price": "47.51",
            "revenue": 1633534
        },
        "2016-09": {
            "month": "2016-09",
            "price": "47.31",
            "revenue": 1390320
        },
        "2016-10": {
            "month": "2016-10",
            "price": "50.74",
            "revenue": 1090085
        },
        "2016-11": {
            "month": "2016-11",
            "price": "52.02",
            "revenue": 1053488
        },
        "2016-12": {
            "month": "2016-12",
            "price": "53.15",
            "revenue": 1047006
        },
        "2017-01": {
            "month": "2017-01",
            "price": "53.72",
            "revenue": 1335204
        },
        "2017-02": {
            "month": "2017-02",
            "price": "57.02",
            "revenue": 1203059
        },
        "2017-03": {
            "month": "2017-03",
            "price": "60.06",
            "revenue": 1740450
        },
        "2017-04": {
            "month": "2017-04",
            "price": "59.25",
            "revenue": 1480355
        },
        "2017-05": {
            "month": "2017-05",
            "price": "61.94",
            "revenue": 1553333
        },
        "2017-06": {
            "month": "2017-06",
            "price": "61.75",
            "revenue": 1680590
        },
        "2017-07": {
            "month": "2017-07",
            "price": "57.13",
            "revenue": 1797089
        },
        "2017-08": {
            "month": "2017-08",
            "price": "54.33",
            "revenue": 1757672
        },
        "2017-09": {
            "month": "2017-09",
            "price": "55.42",
            "revenue": 1506725
        },
        "2017-10": {
            "month": "2017-10",
            "price": "55.33",
            "revenue": 1195736
        },
        "2017-11": {
            "month": "2017-11",
            "price": "53.87",
            "revenue": 1141135
        },
        "2017-12": {
            "month": "2017-12",
            "price": "57.06",
            "revenue": 1128145
        },
        "2018-01": {
            "month": "2018-01",
            "price": "56.99",
            "revenue": 1470783
        },
        "2018-02": {
            "month": "2018-02",
            "price": "54.85",
            "revenue": 1385724
        },
        "2018-03": {
            "month": "2018-03",
            "price": "55.00",
            "revenue": 1788662
        },
        "2018-04": {
            "month": "2018-04",
            "price": "53.06",
            "revenue": 1757465
        },
        "2018-05": {
            "month": "2018-05",
            "price": "51.25",
            "revenue": 2013008
        },
        "2018-06": {
            "month": "2018-06",
            "price": "53.43",
            "revenue": 1901646
        },
        "2018-07": {
            "month": "2018-07",
            "price": "51.91",
            "revenue": 2048033
        },
        "2018-08": {
            "month": "2018-08",
            "price": "53.05",
            "revenue": 1993194
        },
        "2018-09": {
            "month": "2018-09",
            "price": "51.46",
            "revenue": 1571397
        },
        "2018-10": {
            "month": "2018-10",
            "price": "48.63",
            "revenue": 1322820
        },
        "2018-11": {
            "month": "2018-11",
            "price": "47.84",
            "revenue": 1350525
        },
        "2018-12": {
            "month": "2018-12",
            "price": "47.27",
            "revenue": 1326460
        },
        "2019-01": {
            "month": "2019-01",
            "price": "48.67",
            "revenue": 1638823
        },
        "2019-02": {
            "month": "2019-02",
            "price": "50.63",
            "revenue": 1358452
        },
        "2019-03": {
            "month": "2019-03",
            "price": "49.92",
            "revenue": 1969231
        },
        "2019-04": {
            "month": "2019-04",
            "price": "49.40",
            "revenue": 1969196
        },
        "2019-05": {
            "month": "2019-05",
            "price": "49.53",
            "revenue": 2182855
        },
        "2019-06": {
            "month": "2019-06",
            "price": "52.97",
            "revenue": 2041398
        },
        "2019-07": {
            "month": "2019-07",
            "price": "55.22",
            "revenue": 2119312
        },
        "2019-08": {
            "month": "2019-08",
            "price": "55.31",
            "revenue": 2041330
        },
        "2019-09": {
            "month": "2019-09",
            "price": "57.33",
            "revenue": 1811818
        },
        "2019-10": {
            "month": "2019-10",
            "price": "54.33",
            "revenue": 1455158
        },
        "2019-11": {
            "month": "2019-11",
            "price": "57.04",
            "revenue": 1452655
        },
        "2019-12": {
            "month": "2019-12",
            "price": "60.17",
            "revenue": 1487124
        },
        "2020-01": {
            "month": "2020-01",
            "price": "62.85",
            "revenue": 1556865
        },
        "2020-02": {
            "month": "2020-02",
            "price": "60.10",
            "revenue": 1166670
        },
        "2020-03": {
            "month": "2020-03",
            "price": "51.20",
            "revenue": 1695945
        },
        "2020-04": {
            "month": "2020-04",
            "price": "50.73",
            "revenue": 1719648
        },
        "2020-05": {
            "month": "2020-05",
            "price": "54.49",
            "revenue": 1792454
        },
        "2020-06": {
            "month": "2020-06",
            "price": "55.19",
            "revenue": 1800921
        },
        "2020-07": {
            "month": "2020-07",
            "price": "55.54",
            "revenue": 1996576
        },
        "2020-08": {
            "month": "2020-08",
            "price": "56.42",
            "revenue": 1846167
        },
        "2020-09": {
            "month": "2020-09",
            "price": "56.40",
            "revenue": 1735994
        },
        "2020-10": {
            "month": "2020-10",
            "price": "56.99",
            "revenue": 1319247
        },
        "2020-11": {
            "month": "2020-11",
            "price": "59.65",
            "revenue": 1406017
        },
        "2020-12": {
            "month": "2020-12",
            "price": "59.11",
            "revenue": 1311744
        },
        "2021-01": {
            "month": "2021-01",
            "price": "59.45",
            "revenue": 1842024
        },
        "2021-02": {
            "month": "2021-02",
            "price": "60.78",
            "revenue": 1296550
        },
        "2021-03": {
            "month": "2021-03",
            "price": "67.03",
            "revenue": 1986770
        },
        "2021-04": {
            "month": "2021-04",
            "price": "75.25",
            "revenue": 1867767
        },
        "2021-05": {
            "month": "2021-05",
            "price": "71.53",
            "revenue": 2021324
        },
        "2021-06": {
            "month": "2021-06",
            "price": "73.78",
            "revenue": 2038488
        },
        "2021-07": {
            "month": "2021-07",
            "price": "75.45",
            "revenue": 2081826
        },
        "2021-08": {
            "month": "2021-08",
            "price": "76.78",
            "revenue": 1864782
        },
        "2021-09": {
            "month": "2021-09",
            "price": "71.94",
            "revenue": 1554507
        },
        "2021-10": {
            "month": "2021-10",
            "price": "66.88",
            "revenue": 1602020
        },
        "2021-11": {
            "month": "2021-11",
            "price": "67.81",
            "revenue": 1600147
        },
        "2021-12": {
            "month": "2021-12",
            "price": "69.06",
            "revenue": 1626329
        },
        "2022-01": {
            "month": "2022-01",
            "price": "71.32",
            "revenue": 1963124
        },
        "2022-02": {
            "month": "2022-02",
            "price": "75.38",
            "revenue": 1529128
        },
        "2022-03": {
            "month": "2022-03",
            "price": "76.72",
            "revenue": 2120028
        },
        "2022-04": {
            "month": "2022-04",
            "price": "76.59",
            "revenue": 1905835
        },
        "2022-05": {
            "month": "2022-05",
            "price": "74.23",
            "revenue": 2317882
        },
        "2022-06": {
            "month": "2022-06",
            "price": "77.09",
            "revenue": 2352601
        },
        "2022-07": {
            "month": "2022-07",
            "price": "72.68",
            "revenue": 2360564
        },
        "2022-08": {
            "month": "2022-08",
            "price": "74.77",
            "revenue": 2598183
        },
        "2022-09": {
            "month": "2022-09",
            "price": "80.66",
            "revenue": 2206489
        },
        "2022-10": {
            "month": "2022-10",
            "price": "81.49",
            "revenue": 1754597
        },
        "2022-11": {
            "month": "2022-11",
            "price": "82.45",
            "revenue": 1808977
        },
        "2022-12": {
            "month": "2022-12",
            "price": "85.18",
            "revenue": 1778900
        },
        "2023-01": {
            "month": "2023-01",
            "price": "87.25",
            "revenue": 1907806
        },
        "2023-02": {
            "month": "2023-02",
            "price": "93.62",
            "revenue": 1914494
        },
        "2023-03": {
            "month": "2023-03",
            "price": "98.84",
            "revenue": 2244120
        },
        "2023-04": {
            "month": "2023-04",
            "price": "99.34",
            "revenue": 2221618
        },
        "2023-05": {
            "month": "2023-05",
            "price": "102.12",
            "revenue": 2435259
        },
        "2023-06": {
            "month": "2023-06",
            "price": "104.10",
            "revenue": 2561970
        },
        "2023-07": {
            "month": "2023-07",
            "price": "104.62",
            "revenue": 2480254
        },
        "2023-08": {
            "month": "2023-08",
            "price": "102.24",
            "revenue": 2696900
        },
        "2023-09": {
            "month": "2023-09",
            "price": "105.45",
            "revenue": 2193537
        }
    }
}
