{
    "summary": {
        "stock_name": "信義",
        "stock_id": "9940",
        "category": "其他",
        "main_business": "房屋買賣之居間仲介<br>住宅及大樓開發租售業",
        "website_url": "http://www.sinyi.com.tw",
        "ceo": "陳麗心",
        "pe_ratio": 18,
        "report_year_from": 2001,
        "report_year_to": 2023,
        "age": 22,
        "eps_negative_percentage": 0,
        "eps_growth_avg": {
            "last_all": 9.36,
            "last_2y": 8.68,
            "last_4y": -8.57,
            "last_8y": 0.83,
            "last_12y": 3.22,
            "last_16y": 3.03,
            "last_20y": 9.36,
            "at_2006_last_3y": 15.15,
            "at_2007_last_3y": -1.5,
            "at_2008_last_3y": -16.28,
            "at_2009_last_3y": 2.4,
            "at_2010_last_3y": 2.01,
            "at_2011_last_3y": -2.32,
            "at_2012_last_3y": 6.01,
            "at_2013_last_3y": 8.59,
            "at_2014_last_3y": -10.69,
            "at_2015_last_3y": -12.64,
            "at_2016_last_3y": 5.25,
            "at_2017_last_3y": 12.58,
            "at_2018_last_3y": 15.39,
            "at_2019_last_3y": 24.07,
            "at_2020_last_3y": 13.3,
            "at_2021_last_3y": 1.16,
            "at_2022_last_3y": 2.28,
            "at_2023_last_3y": 2.28,
            "at_2006_last_all": 32.12,
            "at_2007_last_all": 22.36,
            "at_2008_last_all": 13.49,
            "at_2009_last_all": 19.34,
            "at_2010_last_all": 18.74,
            "at_2011_last_all": 12.48,
            "at_2012_last_all": 10.77,
            "at_2013_last_all": 15.76,
            "at_2014_last_all": 9.68,
            "at_2015_last_all": 5.31,
            "at_2016_last_all": 9.3,
            "at_2017_last_all": 14.97,
            "at_2018_last_all": 11.03,
            "at_2019_last_all": 9.48,
            "at_2020_last_all": 10.14,
            "at_2021_last_all": 12.2,
            "at_2022_last_all": 9.36,
            "at_2023_last_all": 9.36
        },
        "latest_eps": 1.69,
        "latest_price": 29.75,
        "latest_roe": 9.66,
        "latest_gross_margin": 23.22,
        "latest_equity": 12452924,
        "latest_revenue": 4327327,
        "latest_gross_profit": 1004647,
        "latest_net_income": 502080,
        "latest_debt_ratio": 59.12,
        "latest_current_ratio": 216.83,
        "latest_account_receivable_turnover_ratio": 4.4,
        "latest_inventory_turnover_ratio": 0.36,
        "latest_reinvestment_rate": 4.58,
        "latest_research_to_sale_ratio": null
    },
    "eps_dividends": {
        "1998": {
            "cash": 0,
            "stock": 1,
            "eps": 0
        },
        "1999": {
            "cash": 0,
            "stock": 0,
            "eps": 0
        },
        "2000": {
            "cash": 1,
            "stock": 0,
            "eps": 0
        },
        "2001": {
            "cash": 1,
            "stock": 1,
            "eps": 1.35
        },
        "2002": {
            "cash": 1,
            "stock": 0,
            "eps": 4.16
        },
        "2003": {
            "cash": 2,
            "stock": 2,
            "eps": 5.83
        },
        "2004": {
            "cash": 2,
            "stock": 2,
            "eps": 6.96
        },
        "2005": {
            "cash": 2,
            "stock": 3,
            "eps": 5.96
        },
        "2006": {
            "cash": 3,
            "stock": 2,
            "eps": 6.88
        },
        "2007": {
            "cash": 3,
            "stock": 3,
            "eps": 5.06
        },
        "2008": {
            "cash": 2,
            "stock": 2,
            "eps": 3.05
        },
        "2009": {
            "cash": 2,
            "stock": 0,
            "eps": 4.89
        },
        "2010": {
            "cash": 3,
            "stock": 2,
            "eps": 5.57
        },
        "2011": {
            "cash": 5,
            "stock": 3,
            "eps": 3.13
        },
        "2012": {
            "cash": 0,
            "stock": 0,
            "eps": 2.93
        },
        "2013": {
            "cash": 2,
            "stock": 1,
            "eps": 5
        },
        "2014": {
            "cash": 3,
            "stock": 2,
            "eps": 1.84
        },
        "2015": {
            "cash": 1,
            "stock": 0,
            "eps": 0.89
        },
        "2016": {
            "cash": 1,
            "stock": 0,
            "eps": 1.47
        },
        "2017": {
            "cash": 1,
            "stock": 0,
            "eps": 4.31
        },
        "2018": {
            "cash": 3,
            "stock": 1,
            "eps": 2.07
        },
        "2019": {
            "cash": 1,
            "stock": 0,
            "eps": 1.72
        },
        "2020": {
            "cash": 1,
            "stock": 0,
            "eps": 2.1
        },
        "2021": {
            "cash": 2,
            "stock": 0,
            "eps": 3.18
        },
        "2022": {
            "cash": 3,
            "stock": 0,
            "eps": 1.67
        },
        "2023": {
            "cash": 1,
            "stock": 0,
            "eps": 0.68
        }
    },
    "dividends": {
        "1998-04-03": {
            "cash": 0,
            "stock": 1
        },
        "1999-04-09": {
            "cash": 0.4,
            "stock": 0
        },
        "2000-05-18": {
            "cash": 1,
            "stock": 0
        },
        "2001-05-23": {
            "cash": 0.68,
            "stock": 0.5
        },
        "2002-05-21": {
            "cash": 1.27,
            "stock": 0
        },
        "2003-03-28": {
            "cash": 2.23,
            "stock": 1.5
        },
        "2004-02-25": {
            "cash": 2,
            "stock": 2
        },
        "2005-06-10": {
            "cash": 2.3,
            "stock": 3
        },
        "2006-06-14": {
            "cash": 3,
            "stock": 2
        },
        "2007-03-23": {
            "cash": 2.99,
            "stock": 2.79
        },
        "2008-03-21": {
            "cash": 1.79,
            "stock": 2.39
        },
        "2009-03-26": {
            "cash": 1.79,
            "stock": 0
        },
        "2010-03-23": {
            "cash": 2.6,
            "stock": 2
        },
        "2011-01-01": {
            "cash": 2,
            "stock": 0.6
        },
        "2011-03-31": {
            "cash": 3,
            "stock": 2
        },
        "2013-03-26": {
            "cash": 1.5,
            "stock": 0.8
        },
        "2014-05-30": {
            "cash": 2.6,
            "stock": 2.2
        },
        "2015-07-15": {
            "cash": 1,
            "stock": 0.3
        },
        "2016-07-11": {
            "cash": 0.7,
            "stock": 0
        },
        "2017-07-28": {
            "cash": 1,
            "stock": 0.31
        },
        "2018-07-18": {
            "cash": 2.5,
            "stock": 1.31
        },
        "2019-07-18": {
            "cash": 1.3,
            "stock": 0
        },
        "2020-07-10": {
            "cash": 1.2,
            "stock": 0
        },
        "2021-07-07": {
            "cash": 1.7,
            "stock": 0
        },
        "2022-07-07": {
            "cash": 2.8,
            "stock": 0
        },
        "2023-07-06": {
            "cash": 1.2,
            "stock": 0
        }
    },
    "prices": {
        "200101": "無",
        "200102": "無",
        "200103": "無",
        "200104": "無",
        "200105": "無",
        "200106": "無",
        "200107": "無",
        "200108": "無",
        "200109": "12.32",
        "200110": "11.62",
        "200111": "13.50",
        "200112": "14.85",
        "200201": "16.78",
        "200202": "19.07",
        "200203": "22.36",
        "200204": "31.19",
        "200205": "30.67",
        "200206": "33.94",
        "200207": "34.01",
        "200208": "33.98",
        "200209": "32.80",
        "200210": "32.42",
        "200211": "35.80",
        "200212": "37.20",
        "200301": "38.29",
        "200302": "35.41",
        "200303": "35.04",
        "200304": "36.06",
        "200305": "34.72",
        "200306": "38.74",
        "200307": "45.42",
        "200308": "49.62",
        "200309": "55.95",
        "200310": "68.43",
        "200311": "71.35",
        "200312": "76.76",
        "200401": "75.97",
        "200402": "92.25",
        "200403": "97.35",
        "200404": "93.52",
        "200405": "81.45",
        "200406": "82.76",
        "200407": "66.68",
        "200408": "54.85",
        "200409": "64.81",
        "200410": "64.45",
        "200411": "63.82",
        "200412": "70.72",
        "200501": "79.21",
        "200502": "78.15",
        "200503": "84.16",
        "200504": "75.98",
        "200505": "70.64",
        "200506": "69.30",
        "200507": "66.44",
        "200508": "59.74",
        "200509": "55.45",
        "200510": "56.78",
        "200511": "55.56",
        "200512": "55.15",
        "200601": "58.45",
        "200602": "57.90",
        "200603": "56.67",
        "200604": "64.87",
        "200605": "83.08",
        "200606": "80.40",
        "200607": "83.76",
        "200608": "76.82",
        "200609": "79.80",
        "200610": "80.08",
        "200611": "82.74",
        "200612": "88.44",
        "200701": "88.26",
        "200702": "89.07",
        "200703": "87.61",
        "200704": "94.74",
        "200705": "100.15",
        "200706": "109.00",
        "200707": "128.05",
        "200708": "115.50",
        "200709": "104.98",
        "200710": "88.62",
        "200711": "75.20",
        "200712": "69.69",
        "200801": "83.89",
        "200802": "99.31",
        "200803": "115.50",
        "200804": "122.21",
        "200805": "114.45",
        "200806": "102.98",
        "200807": "79.90",
        "200808": "65.35",
        "200809": "51.07",
        "200810": "37.59",
        "200811": "27.06",
        "200812": "24.76",
        "200901": "24.96",
        "200902": "25.73",
        "200903": "32.12",
        "200904": "40.43",
        "200905": "55.96",
        "200906": "55.89",
        "200907": "57.41",
        "200908": "56.11",
        "200909": "55.75",
        "200910": "58.92",
        "200911": "59.70",
        "200912": "60.93",
        "201001": "61.64",
        "201002": "56.57",
        "201003": "58.34",
        "201004": "62.51",
        "201005": "58.96",
        "201006": "58.94",
        "201007": "53.82",
        "201008": "50.37",
        "201009": "54.20",
        "201010": "58.16",
        "201011": "60.90",
        "201012": "61.09",
        "201101": "64.77",
        "201102": "62.96",
        "201103": "54.34",
        "201104": "57.88",
        "201105": "59.22",
        "201106": "63.95",
        "201107": "55.56",
        "201108": "51.17",
        "201109": "41.89",
        "201110": "39.60",
        "201111": "38.81",
        "201112": "37.52",
        "201201": "38.64",
        "201202": "43.41",
        "201203": "47.08",
        "201204": "45.16",
        "201205": "43.15",
        "201206": "41.07",
        "201207": "40.40",
        "201208": "39.10",
        "201209": "40.45",
        "201210": "39.32",
        "201211": "39.13",
        "201212": "41.01",
        "201301": "44.33",
        "201302": "47.36",
        "201303": "46.63",
        "201304": "48.80",
        "201305": "54.99",
        "201306": "54.79",
        "201307": "51.35",
        "201308": "49.90",
        "201309": "50.37",
        "201310": "53.44",
        "201311": "53.50",
        "201312": "53.50",
        "201401": "51.82",
        "201402": "49.99",
        "201403": "50.88",
        "201404": "54.85",
        "201405": "51.85",
        "201406": "52.76",
        "201407": "39.50",
        "201408": "38.60",
        "201409": "38.68",
        "201410": "36.16",
        "201411": "36.10",
        "201412": "36.80",
        "201501": "35.17",
        "201502": "35.69",
        "201503": "34.48",
        "201504": "34.34",
        "201505": "32.34",
        "201506": "30.07",
        "201507": "27.67",
        "201508": "29.42",
        "201509": "28.31",
        "201510": "28.36",
        "201511": "28.34",
        "201512": "27.36",
        "201601": "26.44",
        "201602": "26.47",
        "201603": "27.52",
        "201604": "27.69",
        "201605": "26.70",
        "201606": "28.21",
        "201607": "29.24",
        "201608": "28.45",
        "201609": "28.33",
        "201610": "29.05",
        "201611": "29.95",
        "201612": "32.38",
        "201701": "32.31",
        "201702": "33.33",
        "201703": "35.05",
        "201704": "34.46",
        "201705": "34.53",
        "201706": "33.68",
        "201707": "32.15",
        "201708": "31.62",
        "201709": "32.43",
        "201710": "34.08",
        "201711": "37.25",
        "201712": "38.04",
        "201801": "38.80",
        "201802": "37.45",
        "201803": "42.70",
        "201804": "43.61",
        "201805": "42.57",
        "201806": "39.82",
        "201807": "34.80",
        "201808": "34.98",
        "201809": "33.84",
        "201810": "31.50",
        "201811": "30.10",
        "201812": "29.70",
        "201901": "30.46",
        "201902": "31.76",
        "201903": "30.90",
        "201904": "31.52",
        "201905": "32.01",
        "201906": "32.59",
        "201907": "32.22",
        "201908": "31.48",
        "201909": "31.83",
        "201910": "32.21",
        "201911": "31.84",
        "201912": "31.29",
        "202001": "31.14",
        "202002": "29.32",
        "202003": "25.45",
        "202004": "24.94",
        "202005": "25.86",
        "202006": "27.71",
        "202007": "28.35",
        "202008": "29.65",
        "202009": "29.36",
        "202010": "29.13",
        "202011": "29.48",
        "202012": "29.25",
        "202101": "28.41",
        "202102": "28.31",
        "202103": "29.66",
        "202104": "31.22",
        "202105": "31.07",
        "202106": "30.51",
        "202107": "30.32",
        "202108": "30.65",
        "202109": "31.04",
        "202110": "33.01",
        "202111": "33.27",
        "202112": "34.55",
        "202201": "34.67",
        "202202": "34.71",
        "202203": "35.86",
        "202204": "35.83",
        "202205": "34.24",
        "202206": "31.89",
        "202207": "30.91",
        "202208": "30.62",
        "202209": "30.75",
        "202210": "28.64",
        "202211": "28.80",
        "202212": "27.92",
        "202301": "27.22",
        "202302": "28.33",
        "202303": "28.66",
        "202304": "28.97",
        "202305": "29.50"
    },
    "quarters": {
        "20011": {
            "year_quarter": 20011,
            "year": 2001,
            "quarter": 1,
            "eps": 0.4,
            "eps_growth_year": -42.03,
            "eps_4q": 1.01,
            "eps_4q_growth_year": -36.43,
            "roe": 3.05,
            "roe_4q": 3.05,
            "gross_profit": 108931,
            "gross_margin": 28.59,
            "gross_margin_4q_avg": 28.59,
            "net_income": 31441,
            "revenue": 381073,
            "common_shares": 785540,
            "book_valuer_per_share": 13.15,
            "book_valuer_per_share_4q_avg": 13.15,
            "equity": 1032913,
            "current_ratio": 107.72,
            "debt_ratio": 25.49,
            "inventory_turnover_ratio": null,
            "account_receivable_turnover_ratio": null,
            "reinvestment_rate": null,
            "research_to_sale_ratio": null,
            "price_fair": 0,
            "eps_avg_yearly": 0,
            "eps_latest_yearly": 0,
            "eps_growth_yearly": 0
        },
        "20012": {
            "year_quarter": 20012,
            "year": 2001,
            "quarter": 2,
            "eps": 0.03,
            "eps_growth_year": -92.31,
            "eps_4q": 0.61,
            "eps_4q_growth_year": -59.83,
            "roe": 0.25,
            "roe_4q": 3.3,
            "gross_profit": 70428,
            "gross_margin": 17.59,
            "gross_margin_4q_avg": 23.09,
            "net_income": 2517,
            "revenue": 400298,
            "common_shares": 785540,
            "book_valuer_per_share": 12.47,
            "book_valuer_per_share_4q_avg": 12.81,
            "equity": 979389,
            "current_ratio": 64.32,
            "debt_ratio": 32.5,
            "inventory_turnover_ratio": null,
            "account_receivable_turnover_ratio": null,
            "reinvestment_rate": null,
            "research_to_sale_ratio": null,
            "price_fair": 0,
            "eps_avg_yearly": 0,
            "eps_latest_yearly": 0,
            "eps_growth_yearly": 0
        },
        "20013": {
            "year_quarter": 20013,
            "year": 2001,
            "quarter": 3,
            "eps": 0.31,
            "eps_growth_year": -40.38,
            "eps_4q": 0.44,
            "eps_4q_growth_year": -74.54,
            "roe": 2.61,
            "roe_4q": 5.91,
            "gross_profit": 105717,
            "gross_margin": 29.69,
            "gross_margin_4q_avg": 25.29,
            "net_income": 25845,
            "revenue": 356085,
            "common_shares": 785540,
            "book_valuer_per_share": 12.74,
            "book_valuer_per_share_4q_avg": 12.79,
            "equity": 1000803,
            "current_ratio": 80.11,
            "debt_ratio": 31.99,
            "inventory_turnover_ratio": null,
            "account_receivable_turnover_ratio": null,
            "reinvestment_rate": null,
            "research_to_sale_ratio": null,
            "price_fair": 0,
            "eps_avg_yearly": 0,
            "eps_latest_yearly": 0,
            "eps_growth_yearly": 0
        },
        "20014": {
            "year_quarter": 20014,
            "year": 2001,
            "quarter": 4,
            "eps": 0.61,
            "eps_growth_year": null,
            "eps_4q": 1.33,
            "eps_4q_growth_year": 6.21,
            "roe": 5,
            "roe_4q": 10.91,
            "gross_profit": 157851,
            "gross_margin": 33.92,
            "gross_margin_4q_avg": 27.45,
            "net_income": 50414,
            "revenue": 465368,
            "common_shares": 825756,
            "book_valuer_per_share": 12.28,
            "book_valuer_per_share_4q_avg": 12.66,
            "equity": 1014230,
            "current_ratio": 96.71,
            "debt_ratio": 36.13,
            "inventory_turnover_ratio": null,
            "account_receivable_turnover_ratio": null,
            "reinvestment_rate": null,
            "research_to_sale_ratio": null,
            "price_fair": 0,
            "eps_avg_yearly": 0,
            "eps_latest_yearly": 0,
            "eps_growth_yearly": 0
        },
        "20021": {
            "year_quarter": 20021,
            "year": 2002,
            "quarter": 1,
            "eps": 1.14,
            "eps_growth_year": 185,
            "eps_4q": 2.14,
            "eps_4q_growth_year": 111.52,
            "roe": 8.51,
            "roe_4q": 16.37,
            "gross_profit": 208549,
            "gross_margin": 38.41,
            "gross_margin_4q_avg": 29.9,
            "net_income": 90085,
            "revenue": 543006,
            "common_shares": 825756,
            "book_valuer_per_share": 13.34,
            "book_valuer_per_share_4q_avg": 12.71,
            "equity": 1101770,
            "current_ratio": 130.48,
            "debt_ratio": 34.32,
            "inventory_turnover_ratio": null,
            "account_receivable_turnover_ratio": null,
            "reinvestment_rate": null,
            "research_to_sale_ratio": null,
            "price_fair": 159.6,
            "eps_avg_yearly": 4.56,
            "eps_latest_yearly": 4.56,
            "eps_growth_yearly": 347.54
        },
        "20022": {
            "year_quarter": 20022,
            "year": 2002,
            "quarter": 2,
            "eps": 1.01,
            "eps_growth_year": 3266.67,
            "eps_4q": 3.1,
            "eps_4q_growth_year": 410.08,
            "roe": 7.37,
            "roe_4q": 23.49,
            "gross_profit": 226683,
            "gross_margin": 38.64,
            "gross_margin_4q_avg": 35.17,
            "net_income": 80303,
            "revenue": 586713,
            "common_shares": 825756,
            "book_valuer_per_share": 13.04,
            "book_valuer_per_share_4q_avg": 12.85,
            "equity": 1076727,
            "current_ratio": 113.56,
            "debt_ratio": 38.7,
            "inventory_turnover_ratio": null,
            "account_receivable_turnover_ratio": null,
            "reinvestment_rate": null,
            "research_to_sale_ratio": null,
            "price_fair": 150.5,
            "eps_avg_yearly": 4.3,
            "eps_latest_yearly": 4.04,
            "eps_growth_yearly": 150.96
        },
        "20023": {
            "year_quarter": 20023,
            "year": 2002,
            "quarter": 3,
            "eps": 0.99,
            "eps_growth_year": 219.35,
            "eps_4q": 3.77,
            "eps_4q_growth_year": 765.6,
            "roe": 7.03,
            "roe_4q": 27.91,
            "gross_profit": 170893,
            "gross_margin": 34.96,
            "gross_margin_4q_avg": 36.48,
            "net_income": 78658,
            "revenue": 488757,
            "common_shares": 825756,
            "book_valuer_per_share": 14.05,
            "book_valuer_per_share_4q_avg": 13.18,
            "equity": 1160448,
            "current_ratio": 140.88,
            "debt_ratio": 31.53,
            "inventory_turnover_ratio": null,
            "account_receivable_turnover_ratio": null,
            "reinvestment_rate": null,
            "research_to_sale_ratio": null,
            "price_fair": 146.53,
            "eps_avg_yearly": 4.19,
            "eps_latest_yearly": 3.96,
            "eps_growth_yearly": 98
        },
        "20024": {
            "year_quarter": 20024,
            "year": 2002,
            "quarter": 4,
            "eps": 1.02,
            "eps_growth_year": 67.21,
            "eps_4q": 4.16,
            "eps_4q_growth_year": 211.59,
            "roe": 6.75,
            "roe_4q": 29.660000000000004,
            "gross_profit": 110261,
            "gross_margin": 19.81,
            "gross_margin_4q_avg": 32.96,
            "net_income": 81019,
            "revenue": 556660,
            "common_shares": 825756,
            "book_valuer_per_share": 15,
            "book_valuer_per_share_4q_avg": 13.86,
            "equity": 1238756,
            "current_ratio": 134.5,
            "debt_ratio": 40.21,
            "inventory_turnover_ratio": null,
            "account_receivable_turnover_ratio": null,
            "reinvestment_rate": -17.99,
            "research_to_sale_ratio": null,
            "price_fair": 145.6,
            "eps_avg_yearly": 4.16,
            "eps_latest_yearly": 4.08,
            "eps_growth_yearly": 76.53
        },
        "20031": {
            "year_quarter": 20031,
            "year": 2003,
            "quarter": 1,
            "eps": 1.15,
            "eps_growth_year": 0.88,
            "eps_4q": 4.17,
            "eps_4q_growth_year": 95.32,
            "roe": 7.11,
            "roe_4q": 28.26,
            "gross_profit": 199735,
            "gross_margin": 35.23,
            "gross_margin_4q_avg": 32.16,
            "net_income": 91271,
            "revenue": 566929,
            "common_shares": 825756,
            "book_valuer_per_share": 16.11,
            "book_valuer_per_share_4q_avg": 14.55,
            "equity": 1330035,
            "current_ratio": 172.78,
            "debt_ratio": 30.79,
            "inventory_turnover_ratio": null,
            "account_receivable_turnover_ratio": null,
            "reinvestment_rate": -7.15,
            "research_to_sale_ratio": null,
            "price_fair": 148.68,
            "eps_avg_yearly": 4.25,
            "eps_latest_yearly": 4.6,
            "eps_growth_yearly": 71.42
        },
        "20032": {
            "year_quarter": 20032,
            "year": 2003,
            "quarter": 2,
            "eps": 1.18,
            "eps_growth_year": 16.83,
            "eps_4q": 3.94,
            "eps_4q_growth_year": 26.87,
            "roe": 8.32,
            "roe_4q": 29.21,
            "gross_profit": 216883,
            "gross_margin": 35.28,
            "gross_margin_4q_avg": 31.32,
            "net_income": 107452,
            "revenue": 614708,
            "common_shares": 825756,
            "book_valuer_per_share": 15.17,
            "book_valuer_per_share_4q_avg": 15.08,
            "equity": 1253049,
            "current_ratio": 128.41,
            "debt_ratio": 39.12,
            "inventory_turnover_ratio": null,
            "account_receivable_turnover_ratio": null,
            "reinvestment_rate": 0.06,
            "research_to_sale_ratio": null,
            "price_fair": 151.43,
            "eps_avg_yearly": 4.33,
            "eps_latest_yearly": 4.72,
            "eps_growth_yearly": 61.26
        },
        "20033": {
            "year_quarter": 20033,
            "year": 2003,
            "quarter": 3,
            "eps": 1.91,
            "eps_growth_year": 92.93,
            "eps_4q": 4.97,
            "eps_4q_growth_year": 31.87,
            "roe": 13.05,
            "roe_4q": 35.230000000000004,
            "gross_profit": 301600,
            "gross_margin": 38.49,
            "gross_margin_4q_avg": 32.2,
            "net_income": 174591,
            "revenue": 783671,
            "common_shares": 944690,
            "book_valuer_per_share": 15.06,
            "book_valuer_per_share_4q_avg": 15.34,
            "equity": 1422527,
            "current_ratio": 168.2,
            "debt_ratio": 33.83,
            "inventory_turnover_ratio": null,
            "account_receivable_turnover_ratio": null,
            "reinvestment_rate": 0.52,
            "research_to_sale_ratio": null,
            "price_fair": 168,
            "eps_avg_yearly": 4.8,
            "eps_latest_yearly": 7.64,
            "eps_growth_yearly": 87.86
        },
        "20034": {
            "year_quarter": 20034,
            "year": 2003,
            "quarter": 4,
            "eps": 1.59,
            "eps_growth_year": 55.88,
            "eps_4q": 5.68,
            "eps_4q_growth_year": 36.69,
            "roe": 9.7,
            "roe_4q": 38.18,
            "gross_profit": 194730,
            "gross_margin": 22.49,
            "gross_margin_4q_avg": 32.87,
            "net_income": 145128,
            "revenue": 865926,
            "common_shares": 944690,
            "book_valuer_per_share": 16.61,
            "book_valuer_per_share_4q_avg": 15.74,
            "equity": 1569163,
            "current_ratio": 179.6,
            "debt_ratio": 38.04,
            "inventory_turnover_ratio": null,
            "account_receivable_turnover_ratio": null,
            "reinvestment_rate": 0.75,
            "research_to_sale_ratio": null,
            "price_fair": 174.83,
            "eps_avg_yearly": 5,
            "eps_latest_yearly": 6.36,
            "eps_growth_yearly": 68.5
        },
        "20041": {
            "year_quarter": 20041,
            "year": 2004,
            "quarter": 1,
            "eps": 2.17,
            "eps_growth_year": 88.7,
            "eps_4q": 6.86,
            "eps_4q_growth_year": 64.4,
            "roe": 11.87,
            "roe_4q": 42.940000000000005,
            "gross_profit": 310521,
            "gross_margin": 33.52,
            "gross_margin_4q_avg": 32.45,
            "net_income": 197580,
            "revenue": 926312,
            "common_shares": 944690,
            "book_valuer_per_share": 18.63,
            "book_valuer_per_share_4q_avg": 16.37,
            "equity": 1759689,
            "current_ratio": 224.91,
            "debt_ratio": 33.29,
            "inventory_turnover_ratio": null,
            "account_receivable_turnover_ratio": null,
            "reinvestment_rate": -0.11,
            "research_to_sale_ratio": null,
            "price_fair": 189.16,
            "eps_avg_yearly": 5.4,
            "eps_latest_yearly": 8.68,
            "eps_growth_yearly": 77.1
        },
        "20042": {
            "year_quarter": 20042,
            "year": 2004,
            "quarter": 2,
            "eps": 1.4,
            "eps_growth_year": 18.64,
            "eps_4q": 5.76,
            "eps_4q_growth_year": 46.33,
            "roe": 9.49,
            "roe_4q": 44.11,
            "gross_profit": 330709,
            "gross_margin": 33.25,
            "gross_margin_4q_avg": 31.94,
            "net_income": 166126,
            "revenue": 994517,
            "common_shares": 944690,
            "book_valuer_per_share": 18.42,
            "book_valuer_per_share_4q_avg": 17.18,
            "equity": 1739699,
            "current_ratio": 179.82,
            "debt_ratio": 40.98,
            "inventory_turnover_ratio": null,
            "account_receivable_turnover_ratio": null,
            "reinvestment_rate": -1.14,
            "research_to_sale_ratio": null,
            "price_fair": 189.84,
            "eps_avg_yearly": 5.42,
            "eps_latest_yearly": 5.6,
            "eps_growth_yearly": 55.2
        },
        "20043": {
            "year_quarter": 20043,
            "year": 2004,
            "quarter": 3,
            "eps": 1.45,
            "eps_growth_year": -24.08,
            "eps_4q": 5.73,
            "eps_4q_growth_year": 15.3,
            "roe": 9.35,
            "roe_4q": 40.41,
            "gross_profit": 306084,
            "gross_margin": 31.04,
            "gross_margin_4q_avg": 30.08,
            "net_income": 172345,
            "revenue": 986155,
            "common_shares": 1218240,
            "book_valuer_per_share": 15.97,
            "book_valuer_per_share_4q_avg": 17.41,
            "equity": 1946008,
            "current_ratio": 249.99,
            "debt_ratio": 35.19,
            "inventory_turnover_ratio": null,
            "account_receivable_turnover_ratio": null,
            "reinvestment_rate": -0.72,
            "research_to_sale_ratio": null,
            "price_fair": 191.04,
            "eps_avg_yearly": 5.46,
            "eps_latest_yearly": 5.8,
            "eps_growth_yearly": 51.48
        },
        "20044": {
            "year_quarter": 20044,
            "year": 2004,
            "quarter": 4,
            "eps": 1.94,
            "eps_growth_year": 22.01,
            "eps_4q": 6.42,
            "eps_4q_growth_year": 12.98,
            "roe": 11.32,
            "roe_4q": 42.03,
            "gross_profit": 430849,
            "gross_margin": 37.74,
            "gross_margin_4q_avg": 33.89,
            "net_income": 232285,
            "revenue": 1141516,
            "common_shares": 1218240,
            "book_valuer_per_share": 17.73,
            "book_valuer_per_share_4q_avg": 17.69,
            "equity": 2159461,
            "current_ratio": 226.17,
            "debt_ratio": 37.68,
            "inventory_turnover_ratio": null,
            "account_receivable_turnover_ratio": null,
            "reinvestment_rate": -0.6,
            "research_to_sale_ratio": null,
            "price_fair": 197.75,
            "eps_avg_yearly": 5.65,
            "eps_latest_yearly": 7.76,
            "eps_growth_yearly": 58.45
        },
        "20051": {
            "year_quarter": 20051,
            "year": 2005,
            "quarter": 1,
            "eps": 1.22,
            "eps_growth_year": -43.78,
            "eps_4q": 5.92,
            "eps_4q_growth_year": -13.67,
            "roe": 6.63,
            "roe_4q": 36.79,
            "gross_profit": 263756,
            "gross_margin": 26.67,
            "gross_margin_4q_avg": 32.18,
            "net_income": 148031,
            "revenue": 988897,
            "common_shares": 1218240,
            "book_valuer_per_share": 18.93,
            "book_valuer_per_share_4q_avg": 17.76,
            "equity": 2306116,
            "current_ratio": 279.94,
            "debt_ratio": 32.45,
            "inventory_turnover_ratio": null,
            "account_receivable_turnover_ratio": null,
            "reinvestment_rate": -0.22,
            "research_to_sale_ratio": null,
            "price_fair": 195.68,
            "eps_avg_yearly": 5.59,
            "eps_latest_yearly": 4.88,
            "eps_growth_yearly": 42.54
        },
        "20052": {
            "year_quarter": 20052,
            "year": 2005,
            "quarter": 2,
            "eps": 1.45,
            "eps_growth_year": 3.57,
            "eps_4q": 4.95,
            "eps_4q_growth_year": -14.04,
            "roe": 10.07,
            "roe_4q": 37.37,
            "gross_profit": 365250,
            "gross_margin": 30.2,
            "gross_margin_4q_avg": 31.41,
            "net_income": 228891,
            "revenue": 1209368,
            "common_shares": 1218240,
            "book_valuer_per_share": 18.4,
            "book_valuer_per_share_4q_avg": 17.76,
            "equity": 2240991,
            "current_ratio": 218.75,
            "debt_ratio": 40.23,
            "inventory_turnover_ratio": null,
            "account_receivable_turnover_ratio": null,
            "reinvestment_rate": -1.66,
            "research_to_sale_ratio": null,
            "price_fair": 196.2,
            "eps_avg_yearly": 5.61,
            "eps_latest_yearly": 5.8,
            "eps_growth_yearly": 44.88
        },
        "20053": {
            "year_quarter": 20053,
            "year": 2005,
            "quarter": 3,
            "eps": 1.46,
            "eps_growth_year": 0.69,
            "eps_4q": 5.32,
            "eps_4q_growth_year": -7.19,
            "roe": 9.75,
            "roe_4q": 37.769999999999996,
            "gross_profit": 375819,
            "gross_margin": 29.02,
            "gross_margin_4q_avg": 30.91,
            "net_income": 230494,
            "revenue": 1294984,
            "common_shares": 1583712,
            "book_valuer_per_share": 15.71,
            "book_valuer_per_share_4q_avg": 17.69,
            "equity": 2487591,
            "current_ratio": 289.43,
            "debt_ratio": 35.19,
            "inventory_turnover_ratio": null,
            "account_receivable_turnover_ratio": null,
            "reinvestment_rate": -2.19,
            "research_to_sale_ratio": null,
            "price_fair": 196.75,
            "eps_avg_yearly": 5.62,
            "eps_latest_yearly": 5.84,
            "eps_growth_yearly": 42.08
        },
        "20054": {
            "year_quarter": 20054,
            "year": 2005,
            "quarter": 4,
            "eps": 1.83,
            "eps_growth_year": -5.67,
            "eps_4q": 5.66,
            "eps_4q_growth_year": -11.78,
            "roe": 10.88,
            "roe_4q": 37.330000000000005,
            "gross_profit": 498691,
            "gross_margin": 37.91,
            "gross_margin_4q_avg": 30.95,
            "net_income": 290126,
            "revenue": 1315562,
            "common_shares": 1583712,
            "book_valuer_per_share": 17.54,
            "book_valuer_per_share_4q_avg": 17.65,
            "equity": 2845326,
            "current_ratio": 263.23,
            "debt_ratio": 39.89,
            "inventory_turnover_ratio": null,
            "account_receivable_turnover_ratio": null,
            "reinvestment_rate": 3.07,
            "research_to_sale_ratio": null,
            "price_fair": 200.46,
            "eps_avg_yearly": 5.73,
            "eps_latest_yearly": 7.32,
            "eps_growth_yearly": 45.78
        },
        "20061": {
            "year_quarter": 20061,
            "year": 2006,
            "quarter": 1,
            "eps": 1.36,
            "eps_growth_year": 11.48,
            "eps_4q": 6.09,
            "eps_4q_growth_year": 2.77,
            "roe": 7.35,
            "roe_4q": 38.05,
            "gross_profit": 362968,
            "gross_margin": 32.8,
            "gross_margin_4q_avg": 32.48,
            "net_income": 215603,
            "revenue": 1106529,
            "common_shares": 1583712,
            "book_valuer_per_share": 19.09,
            "book_valuer_per_share_4q_avg": 17.69,
            "equity": 3023105,
            "current_ratio": 352.88,
            "debt_ratio": 30.5,
            "inventory_turnover_ratio": null,
            "account_receivable_turnover_ratio": null,
            "reinvestment_rate": -2.68,
            "research_to_sale_ratio": null,
            "price_fair": 159.82,
            "eps_avg_yearly": 5.78,
            "eps_latest_yearly": 5.44,
            "eps_growth_yearly": 17.64
        },
        "20062": {
            "year_quarter": 20062,
            "year": 2006,
            "quarter": 2,
            "eps": 1.76,
            "eps_growth_year": 21.38,
            "eps_4q": 5.64,
            "eps_4q_growth_year": 13.83,
            "roe": 11.33,
            "roe_4q": 39.31,
            "gross_profit": 531030,
            "gross_margin": 37.04,
            "gross_margin_4q_avg": 34.19,
            "net_income": 334330,
            "revenue": 1433509,
            "common_shares": 1583712,
            "book_valuer_per_share": 18.16,
            "book_valuer_per_share_4q_avg": 17.63,
            "equity": 2876029,
            "current_ratio": 234.35,
            "debt_ratio": 41.97,
            "inventory_turnover_ratio": null,
            "account_receivable_turnover_ratio": null,
            "reinvestment_rate": 3.72,
            "research_to_sale_ratio": null,
            "price_fair": 208.95,
            "eps_avg_yearly": 5.97,
            "eps_latest_yearly": 7.04,
            "eps_growth_yearly": 27.84
        },
        "20063": {
            "year_quarter": 20063,
            "year": 2006,
            "quarter": 3,
            "eps": 1.58,
            "eps_growth_year": 8.22,
            "eps_4q": 6,
            "eps_4q_growth_year": 12.9,
            "roe": 9.92,
            "roe_4q": 39.480000000000004,
            "gross_profit": 451613,
            "gross_margin": 34.81,
            "gross_margin_4q_avg": 35.64,
            "net_income": 299958,
            "revenue": 1297423,
            "common_shares": 1900454,
            "book_valuer_per_share": 16.68,
            "book_valuer_per_share_4q_avg": 17.87,
            "equity": 3170668,
            "current_ratio": 328.91,
            "debt_ratio": 34.48,
            "inventory_turnover_ratio": null,
            "account_receivable_turnover_ratio": null,
            "reinvestment_rate": 2.9,
            "research_to_sale_ratio": null,
            "price_fair": 214.11,
            "eps_avg_yearly": 6.12,
            "eps_latest_yearly": 6.32,
            "eps_growth_yearly": 25.78
        },
        "20064": {
            "year_quarter": 20064,
            "year": 2006,
            "quarter": 4,
            "eps": 2.18,
            "eps_growth_year": 19.13,
            "eps_4q": 6.65,
            "eps_4q_growth_year": 17.45,
            "roe": 12.1,
            "roe_4q": 40.7,
            "gross_profit": 647921,
            "gross_margin": 39.83,
            "gross_margin_4q_avg": 36.12,
            "net_income": 414556,
            "revenue": 1626682,
            "common_shares": 1900454,
            "book_valuer_per_share": 18.98,
            "book_valuer_per_share_4q_avg": 18.23,
            "equity": 3681818,
            "current_ratio": 280.67,
            "debt_ratio": 40.01,
            "inventory_turnover_ratio": null,
            "account_receivable_turnover_ratio": null,
            "reinvestment_rate": 6.56,
            "research_to_sale_ratio": null,
            "price_fair": 224.26,
            "eps_avg_yearly": 6.41,
            "eps_latest_yearly": 8.72,
            "eps_growth_yearly": 34.52
        },
        "20071": {
            "year_quarter": 20071,
            "year": 2007,
            "quarter": 1,
            "eps": 1.32,
            "eps_growth_year": -2.94,
            "eps_4q": 6.85,
            "eps_4q_growth_year": 12.47,
            "roe": 6.66,
            "roe_4q": 40.01,
            "gross_profit": 406788,
            "gross_margin": 30.43,
            "gross_margin_4q_avg": 35.53,
            "net_income": 250491,
            "revenue": 1336856,
            "common_shares": 1900454,
            "book_valuer_per_share": 20.2,
            "book_valuer_per_share_4q_avg": 18.51,
            "equity": 3838317,
            "current_ratio": 200.9,
            "debt_ratio": 33.31,
            "inventory_turnover_ratio": null,
            "account_receivable_turnover_ratio": null,
            "reinvestment_rate": 42.8,
            "research_to_sale_ratio": null,
            "price_fair": 202.97,
            "eps_avg_yearly": 6.45,
            "eps_latest_yearly": 5.28,
            "eps_growth_yearly": 21.47
        },
        "20072": {
            "year_quarter": 20072,
            "year": 2007,
            "quarter": 2,
            "eps": 1.42,
            "eps_growth_year": -19.32,
            "eps_4q": 5.38,
            "eps_4q_growth_year": -4.47,
            "roe": 9.29,
            "roe_4q": 37.97,
            "gross_profit": 549194,
            "gross_margin": 34.82,
            "gross_margin_4q_avg": 34.97,
            "net_income": 345717,
            "revenue": 1577128,
            "common_shares": 1900454,
            "book_valuer_per_share": 18.98,
            "book_valuer_per_share_4q_avg": 18.71,
            "equity": 3607229,
            "current_ratio": 59.28,
            "debt_ratio": 58.94,
            "inventory_turnover_ratio": null,
            "account_receivable_turnover_ratio": null,
            "reinvestment_rate": 47.75,
            "research_to_sale_ratio": null,
            "price_fair": 212.95,
            "eps_avg_yearly": 6.51,
            "eps_latest_yearly": 5.68,
            "eps_growth_yearly": 22.71
        },
        "20073": {
            "year_quarter": 20073,
            "year": 2007,
            "quarter": 3,
            "eps": 1.14,
            "eps_growth_year": -27.85,
            "eps_4q": 5.31,
            "eps_4q_growth_year": -11.63,
            "roe": 7.39,
            "roe_4q": 35.44,
            "gross_profit": 341003,
            "gross_margin": 28.04,
            "gross_margin_4q_avg": 33.28,
            "net_income": 276543,
            "revenue": 1216285,
            "common_shares": 2437901,
            "book_valuer_per_share": 15.88,
            "book_valuer_per_share_4q_avg": 18.51,
            "equity": 3872580,
            "current_ratio": 63.56,
            "debt_ratio": 53.69,
            "inventory_turnover_ratio": null,
            "account_receivable_turnover_ratio": null,
            "reinvestment_rate": 45.84,
            "research_to_sale_ratio": null,
            "price_fair": 77.8,
            "eps_avg_yearly": 6.32,
            "eps_latest_yearly": 4.56,
            "eps_growth_yearly": 2.31
        },
        "20074": {
            "year_quarter": 20074,
            "year": 2007,
            "quarter": 4,
            "eps": 1.18,
            "eps_growth_year": -45.87,
            "eps_4q": 4.76,
            "eps_4q_growth_year": -28.38,
            "roe": 7.08,
            "roe_4q": 30.419999999999998,
            "gross_profit": 523678,
            "gross_margin": 37.94,
            "gross_margin_4q_avg": 32.81,
            "net_income": 287475,
            "revenue": 1380318,
            "common_shares": 2438261,
            "book_valuer_per_share": 17.06,
            "book_valuer_per_share_4q_avg": 18.03,
            "equity": 4249082,
            "current_ratio": 106.53,
            "debt_ratio": 48.04,
            "inventory_turnover_ratio": null,
            "account_receivable_turnover_ratio": null,
            "reinvestment_rate": 43.41,
            "research_to_sale_ratio": null,
            "price_fair": 108.02,
            "eps_avg_yearly": 6.22,
            "eps_latest_yearly": 4.72,
            "eps_growth_yearly": 7.38
        },
        "20081": {
            "year_quarter": 20081,
            "year": 2008,
            "quarter": 1,
            "eps": 1.4,
            "eps_growth_year": 6.06,
            "eps_4q": 5.05,
            "eps_4q_growth_year": -26.29,
            "roe": 7.85,
            "roe_4q": 31.61,
            "gross_profit": 598494,
            "gross_margin": 33.38,
            "gross_margin_4q_avg": 33.55,
            "net_income": 347111,
            "revenue": 1792895,
            "common_shares": 2438276,
            "book_valuer_per_share": 18.45,
            "book_valuer_per_share_4q_avg": 17.59,
            "equity": 4593817,
            "current_ratio": 119.02,
            "debt_ratio": 44.25,
            "inventory_turnover_ratio": null,
            "account_receivable_turnover_ratio": null,
            "reinvestment_rate": 37.49,
            "research_to_sale_ratio": null,
            "price_fair": 77.82,
            "eps_avg_yearly": 6.02,
            "eps_latest_yearly": 5.6,
            "eps_growth_yearly": 2.92
        },
        "20082": {
            "year_quarter": 20082,
            "year": 2008,
            "quarter": 2,
            "eps": 1.32,
            "eps_growth_year": -7.04,
            "eps_4q": 4.21,
            "eps_4q_growth_year": -21.76,
            "roe": 8.97,
            "roe_4q": 31.29,
            "gross_profit": 729772,
            "gross_margin": 35.3,
            "gross_margin_4q_avg": 33.67,
            "net_income": 409303,
            "revenue": 2067103,
            "common_shares": 2438446,
            "book_valuer_per_share": 18.25,
            "book_valuer_per_share_4q_avg": 17.41,
            "equity": 4532083,
            "current_ratio": 113.79,
            "debt_ratio": 48.59,
            "inventory_turnover_ratio": null,
            "account_receivable_turnover_ratio": null,
            "reinvestment_rate": 36.43,
            "research_to_sale_ratio": null,
            "price_fair": 122.24,
            "eps_avg_yearly": 6,
            "eps_latest_yearly": 5.28,
            "eps_growth_yearly": 10.36
        },
        "20083": {
            "year_quarter": 20083,
            "year": 2008,
            "quarter": 3,
            "eps": 0.18,
            "eps_growth_year": -84.21,
            "eps_4q": 3.47,
            "eps_4q_growth_year": -34.52,
            "roe": 1.24,
            "roe_4q": 25.14,
            "gross_profit": 202056,
            "gross_margin": 18.15,
            "gross_margin_4q_avg": 31.19,
            "net_income": 56110,
            "revenue": 1113204,
            "common_shares": 3031308,
            "book_valuer_per_share": 14.64,
            "book_valuer_per_share_4q_avg": 17.1,
            "equity": 4522017,
            "current_ratio": 118.75,
            "debt_ratio": 44.53,
            "inventory_turnover_ratio": null,
            "account_receivable_turnover_ratio": null,
            "reinvestment_rate": 37.31,
            "research_to_sale_ratio": null,
            "price_fair": 17.06,
            "eps_avg_yearly": 5.69,
            "eps_latest_yearly": 0.72,
            "eps_growth_yearly": -12.12
        },
        "20084": {
            "year_quarter": 20084,
            "year": 2008,
            "quarter": 4,
            "eps": 0.15,
            "eps_growth_year": -87.29,
            "eps_4q": 2.67,
            "eps_4q_growth_year": -44.04,
            "roe": 1.06,
            "roe_4q": 19.119999999999997,
            "gross_profit": 206028,
            "gross_margin": 20.82,
            "gross_margin_4q_avg": 26.91,
            "net_income": 47354,
            "revenue": 989538,
            "common_shares": 3031713,
            "book_valuer_per_share": 14.24,
            "book_valuer_per_share_4q_avg": 16.4,
            "equity": 4396692,
            "current_ratio": 89.71,
            "debt_ratio": 43.39,
            "inventory_turnover_ratio": null,
            "account_receivable_turnover_ratio": 5.53,
            "reinvestment_rate": 38.67,
            "research_to_sale_ratio": null,
            "price_fair": 15.71,
            "eps_avg_yearly": 5.24,
            "eps_latest_yearly": 0.6,
            "eps_growth_yearly": -24.73
        },
        "20091": {
            "year_quarter": 20091,
            "year": 2009,
            "quarter": 1,
            "eps": 0.33,
            "eps_growth_year": -76.43,
            "eps_4q": 1.98,
            "eps_4q_growth_year": -60.69,
            "roe": 2.25,
            "roe_4q": 13.52,
            "gross_profit": 278102,
            "gross_margin": 26.51,
            "gross_margin_4q_avg": 25.2,
            "net_income": 99592,
            "revenue": 1048931,
            "common_shares": 3031788,
            "book_valuer_per_share": 14.38,
            "book_valuer_per_share_4q_avg": 15.38,
            "equity": 4440455,
            "current_ratio": 90.8,
            "debt_ratio": 42.03,
            "inventory_turnover_ratio": null,
            "account_receivable_turnover_ratio": 2.67,
            "reinvestment_rate": 48.87,
            "research_to_sale_ratio": null,
            "price_fair": 123.09,
            "eps_avg_yearly": 5.02,
            "eps_latest_yearly": 1.32,
            "eps_growth_yearly": 14.54
        },
        "20092": {
            "year_quarter": 20092,
            "year": 2009,
            "quarter": 2,
            "eps": 1.6,
            "eps_growth_year": 21.21,
            "eps_4q": 2.25,
            "eps_4q_growth_year": -46.68,
            "roe": 10.88,
            "roe_4q": 15.430000000000001,
            "gross_profit": 901592,
            "gross_margin": 41.81,
            "gross_margin_4q_avg": 26.82,
            "net_income": 486175,
            "revenue": 2156397,
            "common_shares": 3031878,
            "book_valuer_per_share": 14.6,
            "book_valuer_per_share_4q_avg": 14.47,
            "equity": 4492981,
            "current_ratio": 97.41,
            "debt_ratio": 47.69,
            "inventory_turnover_ratio": null,
            "account_receivable_turnover_ratio": 4.06,
            "reinvestment_rate": 51.15,
            "research_to_sale_ratio": null,
            "price_fair": 176.84,
            "eps_avg_yearly": 5.05,
            "eps_latest_yearly": 6.4,
            "eps_growth_yearly": 106.04
        },
        "20093": {
            "year_quarter": 20093,
            "year": 2009,
            "quarter": 3,
            "eps": 1.29,
            "eps_growth_year": 616.67,
            "eps_4q": 3.32,
            "eps_4q_growth_year": -4.32,
            "roe": 8.42,
            "roe_4q": 22.61,
            "gross_profit": 693596,
            "gross_margin": 35.16,
            "gross_margin_4q_avg": 31.08,
            "net_income": 396203,
            "revenue": 1972940,
            "common_shares": 3037833,
            "book_valuer_per_share": 15.94,
            "book_valuer_per_share_4q_avg": 14.79,
            "equity": 4914440,
            "current_ratio": 105.61,
            "debt_ratio": 40.8,
            "inventory_turnover_ratio": null,
            "account_receivable_turnover_ratio": 3.09,
            "reinvestment_rate": 41.45,
            "research_to_sale_ratio": null,
            "price_fair": 175.35,
            "eps_avg_yearly": 5.01,
            "eps_latest_yearly": 5.16,
            "eps_growth_yearly": 101.03
        },
        "20094": {
            "year_quarter": 20094,
            "year": 2009,
            "quarter": 4,
            "eps": 1.67,
            "eps_growth_year": 1013.33,
            "eps_4q": 4.87,
            "eps_4q_growth_year": 82.61,
            "roe": 9.88,
            "roe_4q": 31.43,
            "gross_profit": 919828,
            "gross_margin": 36.81,
            "gross_margin_4q_avg": 35.07,
            "net_income": 511851,
            "revenue": 2498914,
            "common_shares": 3042758,
            "book_valuer_per_share": 17.65,
            "book_valuer_per_share_4q_avg": 15.64,
            "equity": 5447379,
            "current_ratio": 109.92,
            "debt_ratio": 42.24,
            "inventory_turnover_ratio": null,
            "account_receivable_turnover_ratio": 5.71,
            "reinvestment_rate": 53.89,
            "research_to_sale_ratio": null,
            "price_fair": 173.95,
            "eps_avg_yearly": 4.97,
            "eps_latest_yearly": 6.68,
            "eps_growth_yearly": 102.06
        },
        "20101": {
            "year_quarter": 20101,
            "year": 2010,
            "quarter": 1,
            "eps": 1.04,
            "eps_growth_year": 215.15,
            "eps_4q": 5.58,
            "eps_4q_growth_year": 181.17,
            "roe": 5.74,
            "roe_4q": 34.92,
            "gross_profit": 612942,
            "gross_margin": 31.61,
            "gross_margin_4q_avg": 36.35,
            "net_income": 323740,
            "revenue": 1939062,
            "common_shares": 3043778,
            "book_valuer_per_share": 18.91,
            "book_valuer_per_share_4q_avg": 16.78,
            "equity": 5841408,
            "current_ratio": 103.51,
            "debt_ratio": 38.72,
            "inventory_turnover_ratio": null,
            "account_receivable_turnover_ratio": 2.28,
            "reinvestment_rate": 51.56,
            "research_to_sale_ratio": null,
            "price_fair": 171.15,
            "eps_avg_yearly": 4.89,
            "eps_latest_yearly": 4.16,
            "eps_growth_yearly": 99.05
        },
        "20102": {
            "year_quarter": 20102,
            "year": 2010,
            "quarter": 2,
            "eps": 1.33,
            "eps_growth_year": -16.7,
            "eps_4q": 4.65,
            "eps_4q_growth_year": 107.12,
            "roe": 8.72,
            "roe_4q": 32.760000000000005,
            "gross_profit": 782589,
            "gross_margin": 32.31,
            "gross_margin_4q_avg": 33.97,
            "net_income": 494955,
            "revenue": 2422264,
            "common_shares": 3045743,
            "book_valuer_per_share": 17.81,
            "book_valuer_per_share_4q_avg": 17.58,
            "equity": 5512673,
            "current_ratio": 88.85,
            "debt_ratio": 40.35,
            "inventory_turnover_ratio": null,
            "account_receivable_turnover_ratio": 2.97,
            "reinvestment_rate": 58.27,
            "research_to_sale_ratio": null,
            "price_fair": 167.39,
            "eps_avg_yearly": 4.78,
            "eps_latest_yearly": 5.32,
            "eps_growth_yearly": 98.66
        },
        "20103": {
            "year_quarter": 20103,
            "year": 2010,
            "quarter": 3,
            "eps": 1.05,
            "eps_growth_year": -18.28,
            "eps_4q": 4.64,
            "eps_4q_growth_year": 39.53,
            "roe": 6.87,
            "roe_4q": 31.21,
            "gross_profit": 692952,
            "gross_margin": 30.85,
            "gross_margin_4q_avg": 32.9,
            "net_income": 393290,
            "revenue": 2246376,
            "common_shares": 3658457,
            "book_valuer_per_share": 15.99,
            "book_valuer_per_share_4q_avg": 17.59,
            "equity": 5940272,
            "current_ratio": 108.72,
            "debt_ratio": 36.34,
            "inventory_turnover_ratio": null,
            "account_receivable_turnover_ratio": 2.6,
            "reinvestment_rate": 50.45,
            "research_to_sale_ratio": null,
            "price_fair": 162.75,
            "eps_avg_yearly": 4.65,
            "eps_latest_yearly": 4.2,
            "eps_growth_yearly": 95.96
        },
        "20104": {
            "year_quarter": 20104,
            "year": 2010,
            "quarter": 4,
            "eps": 2.15,
            "eps_growth_year": 28.93,
            "eps_4q": 5.41,
            "eps_4q_growth_year": 11.14,
            "roe": 12.48,
            "roe_4q": 33.81,
            "gross_profit": 1392240,
            "gross_margin": 39.29,
            "gross_margin_4q_avg": 33.52,
            "net_income": 794813,
            "revenue": 3543254,
            "common_shares": 3659277,
            "book_valuer_per_share": 18.27,
            "book_valuer_per_share_4q_avg": 17.75,
            "equity": 6796796,
            "current_ratio": 138.59,
            "debt_ratio": 37.86,
            "inventory_turnover_ratio": null,
            "account_receivable_turnover_ratio": 3.16,
            "reinvestment_rate": 45.28,
            "research_to_sale_ratio": null,
            "price_fair": 162.49,
            "eps_avg_yearly": 4.64,
            "eps_latest_yearly": 8.6,
            "eps_growth_yearly": 112.65
        },
        "20111": {
            "year_quarter": 20111,
            "year": 2011,
            "quarter": 1,
            "eps": 0.89,
            "eps_growth_year": -14.42,
            "eps_4q": 5.43,
            "eps_4q_growth_year": -2.61,
            "roe": 4.74,
            "roe_4q": 32.81,
            "gross_profit": 674896,
            "gross_margin": 29.2,
            "gross_margin_4q_avg": 32.91,
            "net_income": 329830,
            "revenue": 2311157,
            "common_shares": 3659392,
            "book_valuer_per_share": 19.12,
            "book_valuer_per_share_4q_avg": 17.8,
            "equity": 7110347,
            "current_ratio": 176.39,
            "debt_ratio": 29.7,
            "inventory_turnover_ratio": null,
            "account_receivable_turnover_ratio": 2.01,
            "reinvestment_rate": 18.78,
            "research_to_sale_ratio": null,
            "price_fair": 158.73,
            "eps_avg_yearly": 4.54,
            "eps_latest_yearly": 3.56,
            "eps_growth_yearly": 107.87
        },
        "20112": {
            "year_quarter": 20112,
            "year": 2011,
            "quarter": 2,
            "eps": 0.71,
            "eps_growth_year": -46.78,
            "eps_4q": 4.13,
            "eps_4q_growth_year": -11.31,
            "roe": 4.68,
            "roe_4q": 28.77,
            "gross_profit": 616121,
            "gross_margin": 28.35,
            "gross_margin_4q_avg": 31.92,
            "net_income": 314365,
            "revenue": 2173287,
            "common_shares": 3660152,
            "book_valuer_per_share": 17.01,
            "book_valuer_per_share_4q_avg": 17.6,
            "equity": 6318727,
            "current_ratio": 127.45,
            "debt_ratio": 40.13,
            "inventory_turnover_ratio": null,
            "account_receivable_turnover_ratio": 2.36,
            "reinvestment_rate": 20.27,
            "research_to_sale_ratio": null,
            "price_fair": 152.51,
            "eps_avg_yearly": 4.36,
            "eps_latest_yearly": 2.84,
            "eps_growth_yearly": 100.92
        },
        "20113": {
            "year_quarter": 20113,
            "year": 2011,
            "quarter": 3,
            "eps": 0.66,
            "eps_growth_year": -37.06,
            "eps_4q": 3.91,
            "eps_4q_growth_year": -15.71,
            "roe": 4.61,
            "roe_4q": 26.509999999999998,
            "gross_profit": 590948,
            "gross_margin": 27.07,
            "gross_margin_4q_avg": 30.98,
            "net_income": 297556,
            "revenue": 2183421,
            "common_shares": 4392182,
            "book_valuer_per_share": 14.79,
            "book_valuer_per_share_4q_avg": 17.3,
            "equity": 6597012,
            "current_ratio": 165.53,
            "debt_ratio": 32.36,
            "inventory_turnover_ratio": null,
            "account_receivable_turnover_ratio": 2.61,
            "reinvestment_rate": 20.66,
            "research_to_sale_ratio": null,
            "price_fair": 148.31,
            "eps_avg_yearly": 4.24,
            "eps_latest_yearly": 2.64,
            "eps_growth_yearly": 104.08
        },
        "20114": {
            "year_quarter": 20114,
            "year": 2011,
            "quarter": 4,
            "eps": 0.87,
            "eps_growth_year": -59.81,
            "eps_4q": 2.98,
            "eps_4q_growth_year": -44.88,
            "roe": 5.67,
            "roe_4q": 19.700000000000003,
            "gross_profit": 696681,
            "gross_margin": 34.81,
            "gross_margin_4q_avg": 29.86,
            "net_income": 384075,
            "revenue": 2001411,
            "common_shares": 4392182,
            "book_valuer_per_share": 15.6,
            "book_valuer_per_share_4q_avg": 16.63,
            "equity": 6956254,
            "current_ratio": 164.16,
            "debt_ratio": 31.23,
            "inventory_turnover_ratio": null,
            "account_receivable_turnover_ratio": 2.62,
            "reinvestment_rate": 20.34,
            "research_to_sale_ratio": null,
            "price_fair": 145.6,
            "eps_avg_yearly": 4.16,
            "eps_latest_yearly": 3.48,
            "eps_growth_yearly": 111.16
        },
        "20121": {
            "year_quarter": 20121,
            "year": 2012,
            "quarter": 1,
            "eps": 0.4,
            "eps_growth_year": -55.06,
            "eps_4q": 2.63,
            "eps_4q_growth_year": -51.5,
            "roe": 2.51,
            "roe_4q": 17.47,
            "gross_profit": 427910,
            "gross_margin": 23.56,
            "gross_margin_4q_avg": 28.45,
            "net_income": 178043,
            "revenue": 1816507,
            "common_shares": 4392182,
            "book_valuer_per_share": 16.16,
            "book_valuer_per_share_4q_avg": 15.89,
            "equity": 7206587,
            "current_ratio": 179.63,
            "debt_ratio": 27.6,
            "inventory_turnover_ratio": null,
            "account_receivable_turnover_ratio": 2.25,
            "reinvestment_rate": 24.32,
            "research_to_sale_ratio": null,
            "price_fair": 136.85,
            "eps_avg_yearly": 3.91,
            "eps_latest_yearly": 1.6,
            "eps_growth_yearly": 92.99
        },
        "20122": {
            "year_quarter": 20122,
            "year": 2012,
            "quarter": 2,
            "eps": 1.01,
            "eps_growth_year": 42.93,
            "eps_4q": 2.83,
            "eps_4q_growth_year": -31.39,
            "roe": 6.86,
            "roe_4q": 19.650000000000002,
            "gross_profit": 798977,
            "gross_margin": 32.44,
            "gross_margin_4q_avg": 29.47,
            "net_income": 479269,
            "revenue": 2462774,
            "common_shares": 4392182,
            "book_valuer_per_share": 15.18,
            "book_valuer_per_share_4q_avg": 15.43,
            "equity": 6768054,
            "current_ratio": 132.73,
            "debt_ratio": 36.97,
            "inventory_turnover_ratio": null,
            "account_receivable_turnover_ratio": 2.79,
            "reinvestment_rate": 22.84,
            "research_to_sale_ratio": null,
            "price_fair": 134.14,
            "eps_avg_yearly": 3.83,
            "eps_latest_yearly": 4.04,
            "eps_growth_yearly": 132.55
        },
        "20123": {
            "year_quarter": 20123,
            "year": 2012,
            "quarter": 3,
            "eps": 0.63,
            "eps_growth_year": -5.45,
            "eps_4q": 2.83,
            "eps_4q_growth_year": -27.58,
            "roe": 4.35,
            "roe_4q": 19.39,
            "gross_profit": 567673,
            "gross_margin": 28.61,
            "gross_margin_4q_avg": 29.86,
            "net_income": 301329,
            "revenue": 1984189,
            "common_shares": 4655713,
            "book_valuer_per_share": 15.01,
            "book_valuer_per_share_4q_avg": 15.49,
            "equity": 7096625,
            "current_ratio": 163.81,
            "debt_ratio": 30.91,
            "inventory_turnover_ratio": null,
            "account_receivable_turnover_ratio": 2.42,
            "reinvestment_rate": 21.87,
            "research_to_sale_ratio": null,
            "price_fair": 138.08,
            "eps_avg_yearly": 3.95,
            "eps_latest_yearly": 2.52,
            "eps_growth_yearly": 144.73
        },
        "20124": {
            "year_quarter": 20124,
            "year": 2012,
            "quarter": 4,
            "eps": 0.89,
            "eps_growth_year": 2.46,
            "eps_4q": 2.9,
            "eps_4q_growth_year": -2.66,
            "roe": 5.78,
            "roe_4q": 19.5,
            "gross_profit": 791133,
            "gross_margin": 31.81,
            "gross_margin_4q_avg": 29.11,
            "net_income": 422768,
            "revenue": 2486776,
            "common_shares": 4655713,
            "book_valuer_per_share": 15.93,
            "book_valuer_per_share_4q_avg": 15.57,
            "equity": 7535812,
            "current_ratio": 196.94,
            "debt_ratio": 35.71,
            "inventory_turnover_ratio": 7.25,
            "account_receivable_turnover_ratio": 2.81,
            "reinvestment_rate": 20.2,
            "research_to_sale_ratio": null,
            "price_fair": 144.55,
            "eps_avg_yearly": 4.13,
            "eps_latest_yearly": 3.56,
            "eps_growth_yearly": 159.22
        },
        "20131": {
            "year_quarter": 20131,
            "year": 2013,
            "quarter": 1,
            "eps": 1.01,
            "eps_growth_year": 152.5,
            "eps_4q": 3.54,
            "eps_4q_growth_year": 34.17,
            "roe": 6.13,
            "roe_4q": 23.119999999999997,
            "gross_profit": 833202,
            "gross_margin": 32.63,
            "gross_margin_4q_avg": 31.37,
            "net_income": 478610,
            "revenue": 2553355,
            "common_shares": 4655713,
            "book_valuer_per_share": 17.09,
            "book_valuer_per_share_4q_avg": 15.8,
            "equity": 8087143,
            "current_ratio": 244.95,
            "debt_ratio": 41.01,
            "inventory_turnover_ratio": 3.63,
            "account_receivable_turnover_ratio": 2.45,
            "reinvestment_rate": 17.78,
            "research_to_sale_ratio": null,
            "price_fair": 150.5,
            "eps_avg_yearly": 4.3,
            "eps_latest_yearly": 4.04,
            "eps_growth_yearly": 132.59
        },
        "20132": {
            "year_quarter": 20132,
            "year": 2013,
            "quarter": 2,
            "eps": 1.7,
            "eps_growth_year": 67.67,
            "eps_4q": 4.03,
            "eps_4q_growth_year": 42.56,
            "roe": 10.58,
            "roe_4q": 26.840000000000003,
            "gross_profit": 1216769,
            "gross_margin": 35.69,
            "gross_margin_4q_avg": 32.19,
            "net_income": 865578,
            "revenue": 3408953,
            "common_shares": 4655713,
            "book_valuer_per_share": 17.55,
            "book_valuer_per_share_4q_avg": 16.4,
            "equity": 8282840,
            "current_ratio": 213.59,
            "debt_ratio": 47.61,
            "inventory_turnover_ratio": 1.03,
            "account_receivable_turnover_ratio": 2.91,
            "reinvestment_rate": 15.89,
            "research_to_sale_ratio": null,
            "price_fair": 151.38,
            "eps_avg_yearly": 4.33,
            "eps_latest_yearly": 6.8,
            "eps_growth_yearly": 53.46
        },
        "20133": {
            "year_quarter": 20133,
            "year": 2013,
            "quarter": 3,
            "eps": 1.17,
            "eps_growth_year": 86.5,
            "eps_4q": 4.63,
            "eps_4q_growth_year": 63.39,
            "roe": 6.98,
            "roe_4q": 29.470000000000002,
            "gross_profit": 1029854,
            "gross_margin": 33.87,
            "gross_margin_4q_avg": 33.5,
            "net_income": 601141,
            "revenue": 3040973,
            "common_shares": 5028170,
            "book_valuer_per_share": 17.52,
            "book_valuer_per_share_4q_avg": 17.02,
            "equity": 8929626,
            "current_ratio": 261.31,
            "debt_ratio": 46.85,
            "inventory_turnover_ratio": 0.51,
            "account_receivable_turnover_ratio": 2.3,
            "reinvestment_rate": 20.63,
            "research_to_sale_ratio": null,
            "price_fair": 150.33,
            "eps_avg_yearly": 4.3,
            "eps_latest_yearly": 4.68,
            "eps_growth_yearly": 50.5
        },
        "20134": {
            "year_quarter": 20134,
            "year": 2013,
            "quarter": 4,
            "eps": 1.12,
            "eps_growth_year": 25.92,
            "eps_4q": 4.92,
            "eps_4q_growth_year": 69.61,
            "roe": 6.16,
            "roe_4q": 29.849999999999998,
            "gross_profit": 955886,
            "gross_margin": 30.95,
            "gross_margin_4q_avg": 33.29,
            "net_income": 570969,
            "revenue": 3088274,
            "common_shares": 5028170,
            "book_valuer_per_share": 18.88,
            "book_valuer_per_share_4q_avg": 17.76,
            "equity": 9621748,
            "current_ratio": 219.17,
            "debt_ratio": 42,
            "inventory_turnover_ratio": 0.52,
            "account_receivable_turnover_ratio": 2.38,
            "reinvestment_rate": 9.41,
            "research_to_sale_ratio": null,
            "price_fair": 145.51,
            "eps_avg_yearly": 4.16,
            "eps_latest_yearly": 4.48,
            "eps_growth_yearly": 42.07
        },
        "20141": {
            "year_quarter": 20141,
            "year": 2014,
            "quarter": 1,
            "eps": 0.48,
            "eps_growth_year": -52.48,
            "eps_4q": 4.47,
            "eps_4q_growth_year": 26.32,
            "roe": 2.53,
            "roe_4q": 26.25,
            "gross_profit": 584345,
            "gross_margin": 26.5,
            "gross_margin_4q_avg": 31.75,
            "net_income": 245510,
            "revenue": 2205176,
            "common_shares": 5028170,
            "book_valuer_per_share": 19.23,
            "book_valuer_per_share_4q_avg": 18.3,
            "equity": 9808872,
            "current_ratio": 312.75,
            "debt_ratio": 39.73,
            "inventory_turnover_ratio": 0.38,
            "account_receivable_turnover_ratio": 1.94,
            "reinvestment_rate": 12.38,
            "research_to_sale_ratio": null,
            "price_fair": 140.61,
            "eps_avg_yearly": 4.02,
            "eps_latest_yearly": 1.92,
            "eps_growth_yearly": 37.22
        },
        "20142": {
            "year_quarter": 20142,
            "year": 2014,
            "quarter": 2,
            "eps": 0.5,
            "eps_growth_year": -70.59,
            "eps_4q": 2.76,
            "eps_4q_growth_year": -31.48,
            "roe": 3.38,
            "roe_4q": 19.05,
            "gross_profit": 652807,
            "gross_margin": 26.61,
            "gross_margin_4q_avg": 29.48,
            "net_income": 313661,
            "revenue": 2452832,
            "common_shares": 5028170,
            "book_valuer_per_share": 17.18,
            "book_valuer_per_share_4q_avg": 18.2,
            "equity": 8755580,
            "current_ratio": 257.57,
            "debt_ratio": 49.27,
            "inventory_turnover_ratio": 0.4,
            "account_receivable_turnover_ratio": 2.49,
            "reinvestment_rate": 5.82,
            "research_to_sale_ratio": null,
            "price_fair": 133.35,
            "eps_avg_yearly": 3.81,
            "eps_latest_yearly": 2,
            "eps_growth_yearly": 31.29
        },
        "20143": {
            "year_quarter": 20143,
            "year": 2014,
            "quarter": 3,
            "eps": 0.21,
            "eps_growth_year": -82.05,
            "eps_4q": 2.01,
            "eps_4q_growth_year": -56.58,
            "roe": 1.57,
            "roe_4q": 13.64,
            "gross_profit": 514478,
            "gross_margin": 25.44,
            "gross_margin_4q_avg": 27.38,
            "net_income": 139190,
            "revenue": 2022525,
            "common_shares": 6134367,
            "book_valuer_per_share": 14.34,
            "book_valuer_per_share_4q_avg": 17.41,
            "equity": 8928276,
            "current_ratio": 390.77,
            "debt_ratio": 44.68,
            "inventory_turnover_ratio": 0.32,
            "account_receivable_turnover_ratio": 2.36,
            "reinvestment_rate": 12.67,
            "research_to_sale_ratio": null,
            "price_fair": 115.38,
            "eps_avg_yearly": 3.6,
            "eps_latest_yearly": 0.84,
            "eps_growth_yearly": 22.05
        },
        "20144": {
            "year_quarter": 20144,
            "year": 2014,
            "quarter": 4,
            "eps": 0.65,
            "eps_growth_year": -41.45,
            "eps_4q": 1.75,
            "eps_4q_growth_year": -64.49,
            "roe": 4.46,
            "roe_4q": 11.94,
            "gross_profit": 699799,
            "gross_margin": 31.54,
            "gross_margin_4q_avg": 27.52,
            "net_income": 411049,
            "revenue": 2218682,
            "common_shares": 6134367,
            "book_valuer_per_share": 15.29,
            "book_valuer_per_share_4q_avg": 16.51,
            "equity": 9516108,
            "current_ratio": 371.97,
            "debt_ratio": 46.56,
            "inventory_turnover_ratio": 0.3,
            "account_receivable_turnover_ratio": 2.78,
            "reinvestment_rate": 12.67,
            "research_to_sale_ratio": null,
            "price_fair": 112.88,
            "eps_avg_yearly": 3.23,
            "eps_latest_yearly": 2.6,
            "eps_growth_yearly": 48.24
        },
        "20151": {
            "year_quarter": 20151,
            "year": 2015,
            "quarter": 1,
            "eps": 0.13,
            "eps_growth_year": -72.92,
            "eps_4q": 1.49,
            "eps_4q_growth_year": -66.65,
            "roe": 0.9,
            "roe_4q": 10.31,
            "gross_profit": 385015,
            "gross_margin": 21.28,
            "gross_margin_4q_avg": 26.22,
            "net_income": 85268,
            "revenue": 1809631,
            "common_shares": 6134367,
            "book_valuer_per_share": 15.26,
            "book_valuer_per_share_4q_avg": 15.52,
            "equity": 9503934,
            "current_ratio": 559.23,
            "debt_ratio": 47.17,
            "inventory_turnover_ratio": 0.25,
            "account_receivable_turnover_ratio": 2.29,
            "reinvestment_rate": 13.94,
            "research_to_sale_ratio": null,
            "price_fair": 106.23,
            "eps_avg_yearly": 3.04,
            "eps_latest_yearly": 0.52,
            "eps_growth_yearly": 42.89
        },
        "20152": {
            "year_quarter": 20152,
            "year": 2015,
            "quarter": 2,
            "eps": 0.38,
            "eps_growth_year": -24,
            "eps_4q": 1.35,
            "eps_4q_growth_year": -51.31,
            "roe": 2.72,
            "roe_4q": 9.65,
            "gross_profit": 587303,
            "gross_margin": 27.29,
            "gross_margin_4q_avg": 26.39,
            "net_income": 252232,
            "revenue": 2151887,
            "common_shares": 6318398,
            "book_valuer_per_share": 14.18,
            "book_valuer_per_share_4q_avg": 14.77,
            "equity": 9076234,
            "current_ratio": 368.8,
            "debt_ratio": 50.54,
            "inventory_turnover_ratio": 0.27,
            "account_receivable_turnover_ratio": 2.67,
            "reinvestment_rate": 6.79,
            "research_to_sale_ratio": null,
            "price_fair": 103.34,
            "eps_avg_yearly": 2.95,
            "eps_latest_yearly": 1.52,
            "eps_growth_yearly": 96.03
        },
        "20153": {
            "year_quarter": 20153,
            "year": 2015,
            "quarter": 3,
            "eps": 0.17,
            "eps_growth_year": -19.05,
            "eps_4q": 1.32,
            "eps_4q_growth_year": -34.28,
            "roe": 1.25,
            "roe_4q": 9.33,
            "gross_profit": 317206,
            "gross_margin": 18.82,
            "gross_margin_4q_avg": 24.73,
            "net_income": 114825,
            "revenue": 1685123,
            "common_shares": 6318398,
            "book_valuer_per_share": 14.59,
            "book_valuer_per_share_4q_avg": 14.83,
            "equity": 9341022,
            "current_ratio": 379.22,
            "debt_ratio": 51.22,
            "inventory_turnover_ratio": 0.22,
            "account_receivable_turnover_ratio": 2.15,
            "reinvestment_rate": 7.14,
            "research_to_sale_ratio": null,
            "price_fair": 99.05,
            "eps_avg_yearly": 2.83,
            "eps_latest_yearly": 0.68,
            "eps_growth_yearly": 83.97
        },
        "20154": {
            "year_quarter": 20154,
            "year": 2015,
            "quarter": 4,
            "eps": 0.21,
            "eps_growth_year": -68.38,
            "eps_4q": 0.89,
            "eps_4q_growth_year": -48.94,
            "roe": 1.44,
            "roe_4q": 6.3100000000000005,
            "gross_profit": 509991,
            "gross_margin": 27.18,
            "gross_margin_4q_avg": 23.64,
            "net_income": 134036,
            "revenue": 1876502,
            "common_shares": 6318398,
            "book_valuer_per_share": 14.56,
            "book_valuer_per_share_4q_avg": 14.65,
            "equity": 9322378,
            "current_ratio": 250.26,
            "debt_ratio": 55.12,
            "inventory_turnover_ratio": 0.22,
            "account_receivable_turnover_ratio": 2.49,
            "reinvestment_rate": 6.59,
            "research_to_sale_ratio": null,
            "price_fair": 93.28,
            "eps_avg_yearly": 2.67,
            "eps_latest_yearly": 0.84,
            "eps_growth_yearly": 81.9
        },
        "20161": {
            "year_quarter": 20161,
            "year": 2016,
            "quarter": 1,
            "eps": -0.1,
            "eps_growth_year": -176.92,
            "eps_4q": 0.66,
            "eps_4q_growth_year": -55.65,
            "roe": -0.65,
            "roe_4q": 4.76,
            "gross_profit": 250961,
            "gross_margin": 16.1,
            "gross_margin_4q_avg": 22.35,
            "net_income": -60568,
            "revenue": 1558681,
            "common_shares": 6318398,
            "book_valuer_per_share": 14.36,
            "book_valuer_per_share_4q_avg": 14.42,
            "equity": 9206386,
            "current_ratio": 226.32,
            "debt_ratio": 58.44,
            "inventory_turnover_ratio": 0.2,
            "account_receivable_turnover_ratio": 1.99,
            "reinvestment_rate": 6.38,
            "research_to_sale_ratio": null,
            "price_fair": 95.76,
            "eps_avg_yearly": 2.74,
            "eps_latest_yearly": 0.84,
            "eps_growth_yearly": 101.76
        },
        "20162": {
            "year_quarter": 20162,
            "year": 2016,
            "quarter": 2,
            "eps": 0.34,
            "eps_growth_year": -10.53,
            "eps_4q": 0.61,
            "eps_4q_growth_year": -54.48,
            "roe": 2.43,
            "roe_4q": 4.470000000000001,
            "gross_profit": 528618,
            "gross_margin": 25.27,
            "gross_margin_4q_avg": 21.84,
            "net_income": 219205,
            "revenue": 2091912,
            "common_shares": 6318398,
            "book_valuer_per_share": 13.76,
            "book_valuer_per_share_4q_avg": 14.32,
            "equity": 8813027,
            "current_ratio": 174.56,
            "debt_ratio": 60.79,
            "inventory_turnover_ratio": 0.22,
            "account_receivable_turnover_ratio": 2.41,
            "reinvestment_rate": 6.7,
            "research_to_sale_ratio": null,
            "price_fair": 92.5,
            "eps_avg_yearly": 2.64,
            "eps_latest_yearly": 0.84,
            "eps_growth_yearly": 65.46
        },
        "20163": {
            "year_quarter": 20163,
            "year": 2016,
            "quarter": 3,
            "eps": 0.32,
            "eps_growth_year": 88.24,
            "eps_4q": 0.76,
            "eps_4q_growth_year": -42.75,
            "roe": 2.31,
            "roe_4q": 5.529999999999999,
            "gross_profit": 483853,
            "gross_margin": 24.09,
            "gross_margin_4q_avg": 23.16,
            "net_income": 204729,
            "revenue": 2008689,
            "common_shares": 6318398,
            "book_valuer_per_share": 13.9,
            "book_valuer_per_share_4q_avg": 14.15,
            "equity": 8901840,
            "current_ratio": 172.7,
            "debt_ratio": 59.31,
            "inventory_turnover_ratio": 0.21,
            "account_receivable_turnover_ratio": 2.17,
            "reinvestment_rate": 5.9,
            "research_to_sale_ratio": null,
            "price_fair": 89.4,
            "eps_avg_yearly": 2.55,
            "eps_latest_yearly": 1.28,
            "eps_growth_yearly": 74.53
        },
        "20164": {
            "year_quarter": 20164,
            "year": 2016,
            "quarter": 4,
            "eps": 0.91,
            "eps_growth_year": 338.66,
            "eps_4q": 1.46,
            "eps_4q_growth_year": 63.14,
            "roe": 6.14,
            "roe_4q": 10.229999999999999,
            "gross_profit": 424894,
            "gross_margin": 21.91,
            "gross_margin_4q_avg": 21.84,
            "net_income": 561222,
            "revenue": 1939154,
            "common_shares": 6318398,
            "book_valuer_per_share": 14.69,
            "book_valuer_per_share_4q_avg": 14.18,
            "equity": 9388389,
            "current_ratio": 168.41,
            "debt_ratio": 60.67,
            "inventory_turnover_ratio": 0.2,
            "account_receivable_turnover_ratio": 2.22,
            "reinvestment_rate": 6.02,
            "research_to_sale_ratio": null,
            "price_fair": 89.6,
            "eps_avg_yearly": 2.56,
            "eps_latest_yearly": 3.64,
            "eps_growth_yearly": 115.42
        },
        "20171": {
            "year_quarter": 20171,
            "year": 2017,
            "quarter": 1,
            "eps": 0.11,
            "eps_growth_year": null,
            "eps_4q": 1.67,
            "eps_4q_growth_year": 152.45,
            "roe": 0.77,
            "roe_4q": 11.65,
            "gross_profit": 378547,
            "gross_margin": 21.69,
            "gross_margin_4q_avg": 23.24,
            "net_income": 71364,
            "revenue": 1745241,
            "common_shares": 6318398,
            "book_valuer_per_share": 14.25,
            "book_valuer_per_share_4q_avg": 14.15,
            "equity": 9115992,
            "current_ratio": 162.55,
            "debt_ratio": 62.33,
            "inventory_turnover_ratio": 0.17,
            "account_receivable_turnover_ratio": 2.12,
            "reinvestment_rate": -1.07,
            "research_to_sale_ratio": null,
            "price_fair": 80.6,
            "eps_avg_yearly": 2.3,
            "eps_latest_yearly": 0.44,
            "eps_growth_yearly": 86.45
        },
        "20172": {
            "year_quarter": 20172,
            "year": 2017,
            "quarter": 2,
            "eps": 1.8,
            "eps_growth_year": 429.41,
            "eps_4q": 3.09,
            "eps_4q_growth_year": 404.15,
            "roe": 12.46,
            "roe_4q": 21.68,
            "gross_profit": 1956855,
            "gross_margin": 25.99,
            "gross_margin_4q_avg": 23.42,
            "net_income": 1176572,
            "revenue": 7528485,
            "common_shares": 6318398,
            "book_valuer_per_share": 15.27,
            "book_valuer_per_share_4q_avg": 14.53,
            "equity": 9766184,
            "current_ratio": 185.38,
            "debt_ratio": 53.7,
            "inventory_turnover_ratio": 0.81,
            "account_receivable_turnover_ratio": 9.04,
            "reinvestment_rate": -3.57,
            "research_to_sale_ratio": null,
            "price_fair": 81.6,
            "eps_avg_yearly": 2.33,
            "eps_latest_yearly": 7.2,
            "eps_growth_yearly": 505.89
        },
        "20173": {
            "year_quarter": 20173,
            "year": 2017,
            "quarter": 3,
            "eps": 1.58,
            "eps_growth_year": 393.75,
            "eps_4q": 4.36,
            "eps_4q_growth_year": 477.1,
            "roe": 10.03,
            "roe_4q": 29.400000000000002,
            "gross_profit": 2107793,
            "gross_margin": 40.24,
            "gross_margin_4q_avg": 27.46,
            "net_income": 1035441,
            "revenue": 5237452,
            "common_shares": 6515000,
            "book_valuer_per_share": 16.53,
            "book_valuer_per_share_4q_avg": 15.19,
            "equity": 10890500,
            "current_ratio": 300.71,
            "debt_ratio": 53.23,
            "inventory_turnover_ratio": 0.47,
            "account_receivable_turnover_ratio": 6.06,
            "reinvestment_rate": -3.52,
            "research_to_sale_ratio": null,
            "price_fair": 85.7,
            "eps_avg_yearly": 2.45,
            "eps_latest_yearly": 6.32,
            "eps_growth_yearly": 511.31
        },
        "20174": {
            "year_quarter": 20174,
            "year": 2017,
            "quarter": 4,
            "eps": 0.82,
            "eps_growth_year": -9.69,
            "eps_4q": 4.3,
            "eps_4q_growth_year": 195.5,
            "roe": 4.87,
            "roe_4q": 28.13,
            "gross_profit": 1326421,
            "gross_margin": 40.25,
            "gross_margin_4q_avg": 32.04,
            "net_income": 543738,
            "revenue": 3295603,
            "common_shares": 6515000,
            "book_valuer_per_share": 17.34,
            "book_valuer_per_share_4q_avg": 15.85,
            "equity": 11429988,
            "current_ratio": 313.59,
            "debt_ratio": 57.6,
            "inventory_turnover_ratio": 0.2,
            "account_receivable_turnover_ratio": 3.76,
            "reinvestment_rate": -4.38,
            "research_to_sale_ratio": null,
            "price_fair": 82.7,
            "eps_avg_yearly": 2.36,
            "eps_latest_yearly": 3.28,
            "eps_growth_yearly": 498.78
        },
        "20181": {
            "year_quarter": 20181,
            "year": 2018,
            "quarter": 1,
            "eps": 0.31,
            "eps_growth_year": 181.82,
            "eps_4q": 4.51,
            "eps_4q_growth_year": 170.36,
            "roe": 1.79,
            "roe_4q": 29.15,
            "gross_profit": 711134,
            "gross_margin": 28.87,
            "gross_margin_4q_avg": 33.84,
            "net_income": 210132,
            "revenue": 2462898,
            "common_shares": 6515000,
            "book_valuer_per_share": 18.26,
            "book_valuer_per_share_4q_avg": 16.85,
            "equity": 12040606,
            "current_ratio": 403.29,
            "debt_ratio": 53.03,
            "inventory_turnover_ratio": 0.15,
            "account_receivable_turnover_ratio": 2.78,
            "reinvestment_rate": -8.16,
            "research_to_sale_ratio": null,
            "price_fair": 81,
            "eps_avg_yearly": 2.31,
            "eps_latest_yearly": 1.24,
            "eps_growth_yearly": 497.34
        },
        "20182": {
            "year_quarter": 20182,
            "year": 2018,
            "quarter": 2,
            "eps": 0.37,
            "eps_growth_year": -79.44,
            "eps_4q": 2.77,
            "eps_4q_growth_year": -10.35,
            "roe": 2.28,
            "roe_4q": 18.97,
            "gross_profit": 696130,
            "gross_margin": 26.54,
            "gross_margin_4q_avg": 33.98,
            "net_income": 255914,
            "revenue": 2623048,
            "common_shares": 7368465,
            "book_valuer_per_share": 14.01,
            "book_valuer_per_share_4q_avg": 16.54,
            "equity": 10422005,
            "current_ratio": 286.74,
            "debt_ratio": 63.03,
            "inventory_turnover_ratio": 0.16,
            "account_receivable_turnover_ratio": 2.72,
            "reinvestment_rate": -7.98,
            "research_to_sale_ratio": null,
            "price_fair": 79.7,
            "eps_avg_yearly": 2.28,
            "eps_latest_yearly": 1.48,
            "eps_growth_yearly": 501.68
        },
        "20183": {
            "year_quarter": 20183,
            "year": 2018,
            "quarter": 3,
            "eps": 0.27,
            "eps_growth_year": -82.91,
            "eps_4q": 1.64,
            "eps_4q_growth_year": -62.37,
            "roe": 1.9,
            "roe_4q": 10.84,
            "gross_profit": 582296,
            "gross_margin": 24,
            "gross_margin_4q_avg": 29.92,
            "net_income": 196284,
            "revenue": 2426388,
            "common_shares": 7368465,
            "book_valuer_per_share": 13.74,
            "book_valuer_per_share_4q_avg": 15.84,
            "equity": 10223617,
            "current_ratio": 303.85,
            "debt_ratio": 64.79,
            "inventory_turnover_ratio": 0.16,
            "account_receivable_turnover_ratio": 2.35,
            "reinvestment_rate": -9.41,
            "research_to_sale_ratio": null,
            "price_fair": 80.3,
            "eps_avg_yearly": 2.29,
            "eps_latest_yearly": 1.08,
            "eps_growth_yearly": 510.53
        },
        "20184": {
            "year_quarter": 20184,
            "year": 2018,
            "quarter": 4,
            "eps": 1.12,
            "eps_growth_year": 37.32,
            "eps_4q": 2.04,
            "eps_4q_growth_year": -52.54,
            "roe": 7.78,
            "roe_4q": 13.75,
            "gross_profit": 2233006,
            "gross_margin": 41.42,
            "gross_margin_4q_avg": 30.21,
            "net_income": 828593,
            "revenue": 5390624,
            "common_shares": 7368465,
            "book_valuer_per_share": 14.88,
            "book_valuer_per_share_4q_avg": 15.22,
            "equity": 11064233,
            "current_ratio": 307.33,
            "debt_ratio": 61.64,
            "inventory_turnover_ratio": 0.28,
            "account_receivable_turnover_ratio": 5.34,
            "reinvestment_rate": -5.67,
            "research_to_sale_ratio": null,
            "price_fair": 85,
            "eps_avg_yearly": 2.43,
            "eps_latest_yearly": 4.48,
            "eps_growth_yearly": 540.61
        },
        "20191": {
            "year_quarter": 20191,
            "year": 2019,
            "quarter": 1,
            "eps": 0.57,
            "eps_growth_year": 83.87,
            "eps_4q": 2.34,
            "eps_4q_growth_year": -48.13,
            "roe": 3.68,
            "roe_4q": 15.64,
            "gross_profit": 995723,
            "gross_margin": 31.74,
            "gross_margin_4q_avg": 30.93,
            "net_income": 421488,
            "revenue": 3137319,
            "common_shares": 7368465,
            "book_valuer_per_share": 15.91,
            "book_valuer_per_share_4q_avg": 14.64,
            "equity": 11823969,
            "current_ratio": 356,
            "debt_ratio": 62.16,
            "inventory_turnover_ratio": 0.19,
            "account_receivable_turnover_ratio": 3.02,
            "reinvestment_rate": -5.09,
            "research_to_sale_ratio": null,
            "price_fair": 89.4,
            "eps_avg_yearly": 2.55,
            "eps_latest_yearly": 2.28,
            "eps_growth_yearly": 549.44
        },
        "20192": {
            "year_quarter": 20192,
            "year": 2019,
            "quarter": 2,
            "eps": 0.55,
            "eps_growth_year": 48.65,
            "eps_4q": 2.51,
            "eps_4q_growth_year": -9.24,
            "roe": 3.53,
            "roe_4q": 16.89,
            "gross_profit": 1106062,
            "gross_margin": 33.3,
            "gross_margin_4q_avg": 32.62,
            "net_income": 405971,
            "revenue": 3321544,
            "common_shares": 7368465,
            "book_valuer_per_share": 15.04,
            "book_valuer_per_share_4q_avg": 14.89,
            "equity": 11181969,
            "current_ratio": 378.15,
            "debt_ratio": 63.55,
            "inventory_turnover_ratio": 0.2,
            "account_receivable_turnover_ratio": 2.96,
            "reinvestment_rate": -4.69,
            "research_to_sale_ratio": null,
            "price_fair": 91.1,
            "eps_avg_yearly": 2.6,
            "eps_latest_yearly": 2.2,
            "eps_growth_yearly": 493.49
        },
        "20193": {
            "year_quarter": 20193,
            "year": 2019,
            "quarter": 3,
            "eps": 0.25,
            "eps_growth_year": -7.41,
            "eps_4q": 2.49,
            "eps_4q_growth_year": 51.6,
            "roe": 1.7,
            "roe_4q": 16.69,
            "gross_profit": 801200,
            "gross_margin": 28.15,
            "gross_margin_4q_avg": 33.65,
            "net_income": 187679,
            "revenue": 2845832,
            "common_shares": 7368465,
            "book_valuer_per_share": 14.56,
            "book_valuer_per_share_4q_avg": 15.1,
            "equity": 10837373,
            "current_ratio": 455.57,
            "debt_ratio": 65.43,
            "inventory_turnover_ratio": 0.19,
            "account_receivable_turnover_ratio": 2.71,
            "reinvestment_rate": -4.77,
            "research_to_sale_ratio": null,
            "price_fair": 91.9,
            "eps_avg_yearly": 2.63,
            "eps_latest_yearly": 1,
            "eps_growth_yearly": 493.7
        },
        "20194": {
            "year_quarter": 20194,
            "year": 2019,
            "quarter": 4,
            "eps": 0.35,
            "eps_growth_year": -68.92,
            "eps_4q": 1.71,
            "eps_4q_growth_year": -16.06,
            "roe": 2.39,
            "roe_4q": 11.299999999999999,
            "gross_profit": 1011174,
            "gross_margin": 32.27,
            "gross_margin_4q_avg": 31.37,
            "net_income": 261067,
            "revenue": 3133337,
            "common_shares": 7368465,
            "book_valuer_per_share": 14.76,
            "book_valuer_per_share_4q_avg": 15.07,
            "equity": 10988031,
            "current_ratio": 425.83,
            "debt_ratio": 65.31,
            "inventory_turnover_ratio": 0.2,
            "account_receivable_turnover_ratio": 3.06,
            "reinvestment_rate": -4.57,
            "research_to_sale_ratio": null,
            "price_fair": 93.3,
            "eps_avg_yearly": 2.67,
            "eps_latest_yearly": 1.4,
            "eps_growth_yearly": 498.4
        },
        "20201": {
            "year_quarter": 20201,
            "year": 2020,
            "quarter": 1,
            "eps": 0.05,
            "eps_growth_year": -91.23,
            "eps_4q": 1.19,
            "eps_4q_growth_year": -48.99,
            "roe": 0.38,
            "roe_4q": 8,
            "gross_profit": 460333,
            "gross_margin": 21.03,
            "gross_margin_4q_avg": 28.69,
            "net_income": 41157,
            "revenue": 2188730,
            "common_shares": 7368465,
            "book_valuer_per_share": 14.18,
            "book_valuer_per_share_4q_avg": 14.64,
            "equity": 10563930,
            "current_ratio": 540.27,
            "debt_ratio": 66.4,
            "inventory_turnover_ratio": 0.16,
            "account_receivable_turnover_ratio": 2.26,
            "reinvestment_rate": -3.95,
            "research_to_sale_ratio": null,
            "price_fair": 87.55,
            "eps_avg_yearly": 2.5,
            "eps_latest_yearly": 0.2,
            "eps_growth_yearly": 442.32
        },
        "20202": {
            "year_quarter": 20202,
            "year": 2020,
            "quarter": 2,
            "eps": 0.46,
            "eps_growth_year": -16.36,
            "eps_4q": 1.11,
            "eps_4q_growth_year": -55.74,
            "roe": 3.38,
            "roe_4q": 7.8500000000000005,
            "gross_profit": 943098,
            "gross_margin": 30.38,
            "gross_margin_4q_avg": 27.96,
            "net_income": 345791,
            "revenue": 3103933,
            "common_shares": 7368465,
            "book_valuer_per_share": 13.24,
            "book_valuer_per_share_4q_avg": 14.19,
            "equity": 9873667,
            "current_ratio": 311.02,
            "debt_ratio": 67.56,
            "inventory_turnover_ratio": 0.2,
            "account_receivable_turnover_ratio": 3.01,
            "reinvestment_rate": -3.6,
            "research_to_sale_ratio": null,
            "price_fair": 86.1,
            "eps_avg_yearly": 2.46,
            "eps_latest_yearly": 1.84,
            "eps_growth_yearly": 619.67
        },
        "20203": {
            "year_quarter": 20203,
            "year": 2020,
            "quarter": 3,
            "eps": 0.76,
            "eps_growth_year": 204,
            "eps_4q": 1.62,
            "eps_4q_growth_year": -34.82,
            "roe": 5.48,
            "roe_4q": 11.63,
            "gross_profit": 1163395,
            "gross_margin": 31.9,
            "gross_margin_4q_avg": 28.9,
            "net_income": 561712,
            "revenue": 3646517,
            "common_shares": 7368465,
            "book_valuer_per_share": 14.27,
            "book_valuer_per_share_4q_avg": 14.11,
            "equity": 10631170,
            "current_ratio": 305.53,
            "debt_ratio": 65.9,
            "inventory_turnover_ratio": 0.23,
            "account_receivable_turnover_ratio": 2.87,
            "reinvestment_rate": -2.52,
            "research_to_sale_ratio": null,
            "price_fair": 89.95,
            "eps_avg_yearly": 2.57,
            "eps_latest_yearly": 3.04,
            "eps_growth_yearly": 637.45
        },
        "20204": {
            "year_quarter": 20204,
            "year": 2020,
            "quarter": 4,
            "eps": 0.83,
            "eps_growth_year": 138.62,
            "eps_4q": 2.11,
            "eps_4q_growth_year": 22.91,
            "roe": 5.57,
            "roe_4q": 14.81,
            "gross_profit": 1294533,
            "gross_margin": 31.4,
            "gross_margin_4q_avg": 28.68,
            "net_income": 620508,
            "revenue": 4122261,
            "common_shares": 7368465,
            "book_valuer_per_share": 15.65,
            "book_valuer_per_share_4q_avg": 14.34,
            "equity": 11654984,
            "current_ratio": 261.74,
            "debt_ratio": 63.42,
            "inventory_turnover_ratio": 0.25,
            "account_receivable_turnover_ratio": 3.08,
            "reinvestment_rate": -2.09,
            "research_to_sale_ratio": null,
            "price_fair": 89.25,
            "eps_avg_yearly": 2.55,
            "eps_latest_yearly": 3.32,
            "eps_growth_yearly": 593.66
        },
        "20211": {
            "year_quarter": 20211,
            "year": 2021,
            "quarter": 1,
            "eps": 0.62,
            "eps_growth_year": 1140,
            "eps_4q": 2.68,
            "eps_4q_growth_year": 124.49,
            "roe": 3.93,
            "roe_4q": 18.36,
            "gross_profit": 1042593,
            "gross_margin": 28.78,
            "gross_margin_4q_avg": 30.62,
            "net_income": 463730,
            "revenue": 3622228,
            "common_shares": 7368465,
            "book_valuer_per_share": 16.03,
            "book_valuer_per_share_4q_avg": 14.8,
            "equity": 11941406,
            "current_ratio": 286.7,
            "debt_ratio": 62.76,
            "inventory_turnover_ratio": 0.22,
            "account_receivable_turnover_ratio": 2.53,
            "reinvestment_rate": -1.71,
            "research_to_sale_ratio": null,
            "price_fair": 93.71,
            "eps_avg_yearly": 2.68,
            "eps_latest_yearly": 2.48,
            "eps_growth_yearly": 609.31
        },
        "20212": {
            "year_quarter": 20212,
            "year": 2021,
            "quarter": 2,
            "eps": 0.67,
            "eps_growth_year": 45.65,
            "eps_4q": 2.88,
            "eps_4q_growth_year": 158.84,
            "roe": 4.32,
            "roe_4q": 19.3,
            "gross_profit": 1002823,
            "gross_margin": 24.46,
            "gross_margin_4q_avg": 29.14,
            "net_income": 496187,
            "revenue": 4100429,
            "common_shares": 7368465,
            "book_valuer_per_share": 14.81,
            "book_valuer_per_share_4q_avg": 15.19,
            "equity": 11035629,
            "current_ratio": 227.85,
            "debt_ratio": 66.96,
            "inventory_turnover_ratio": 0.26,
            "account_receivable_turnover_ratio": 3,
            "reinvestment_rate": -1.72,
            "research_to_sale_ratio": null,
            "price_fair": 83.83,
            "eps_avg_yearly": 2.4,
            "eps_latest_yearly": 2.68,
            "eps_growth_yearly": 227.23
        },
        "20213": {
            "year_quarter": 20213,
            "year": 2021,
            "quarter": 3,
            "eps": 0.98,
            "eps_growth_year": 28.95,
            "eps_4q": 3.11,
            "eps_4q_growth_year": 91.61,
            "roe": 6.41,
            "roe_4q": 20.23,
            "gross_profit": 1318971,
            "gross_margin": 24.57,
            "gross_margin_4q_avg": 27.3,
            "net_income": 730065,
            "revenue": 5369170,
            "common_shares": 7368465,
            "book_valuer_per_share": 15.78,
            "book_valuer_per_share_4q_avg": 15.57,
            "equity": 11754890,
            "current_ratio": 260.35,
            "debt_ratio": 64.89,
            "inventory_turnover_ratio": 0.36,
            "account_receivable_turnover_ratio": 3.77,
            "reinvestment_rate": -1.55,
            "research_to_sale_ratio": null,
            "price_fair": 78.58,
            "eps_avg_yearly": 2.25,
            "eps_latest_yearly": 3.92,
            "eps_growth_yearly": 241.86
        },
        "20214": {
            "year_quarter": 20214,
            "year": 2021,
            "quarter": 4,
            "eps": 0.91,
            "eps_growth_year": 9.67,
            "eps_4q": 3.19,
            "eps_4q_growth_year": 51.38,
            "roe": 5.6,
            "roe_4q": 20.259999999999998,
            "gross_profit": 1561630,
            "gross_margin": 27.39,
            "gross_margin_4q_avg": 26.3,
            "net_income": 680377,
            "revenue": 5700494,
            "common_shares": 7368465,
            "book_valuer_per_share": 16.88,
            "book_valuer_per_share_4q_avg": 15.88,
            "equity": 12565717,
            "current_ratio": 250.47,
            "debt_ratio": 61.83,
            "inventory_turnover_ratio": 0.41,
            "account_receivable_turnover_ratio": 3.81,
            "reinvestment_rate": -1.06,
            "research_to_sale_ratio": null,
            "price_fair": 79.36,
            "eps_avg_yearly": 2.27,
            "eps_latest_yearly": 3.64,
            "eps_growth_yearly": 252.1
        },
        "20221": {
            "year_quarter": 20221,
            "year": 2022,
            "quarter": 1,
            "eps": 0.65,
            "eps_growth_year": 4.84,
            "eps_4q": 3.21,
            "eps_4q_growth_year": 19.96,
            "roe": 3.7,
            "roe_4q": 20.03,
            "gross_profit": 960544,
            "gross_margin": 25.4,
            "gross_margin_4q_avg": 25.46,
            "net_income": 482995,
            "revenue": 3781075,
            "common_shares": 7368465,
            "book_valuer_per_share": 18.19,
            "book_valuer_per_share_4q_avg": 16.42,
            "equity": 13539324,
            "current_ratio": 284.84,
            "debt_ratio": 58.58,
            "inventory_turnover_ratio": 0.29,
            "account_receivable_turnover_ratio": 2.74,
            "reinvestment_rate": 1.98,
            "research_to_sale_ratio": null,
            "price_fair": 82.34,
            "eps_avg_yearly": 2.35,
            "eps_latest_yearly": 2.6,
            "eps_growth_yearly": 260.5
        },
        "20222": {
            "year_quarter": 20222,
            "year": 2022,
            "quarter": 2,
            "eps": 0.43,
            "eps_growth_year": -35.82,
            "eps_4q": 2.97,
            "eps_4q_growth_year": 3.23,
            "roe": 2.54,
            "roe_4q": 18.25,
            "gross_profit": 820645,
            "gross_margin": 25,
            "gross_margin_4q_avg": 25.59,
            "net_income": 318271,
            "revenue": 3282937,
            "common_shares": 7368465,
            "book_valuer_per_share": 15.5,
            "book_valuer_per_share_4q_avg": 16.59,
            "equity": 11541612,
            "current_ratio": 206.07,
            "debt_ratio": 63.15,
            "inventory_turnover_ratio": 0.25,
            "account_receivable_turnover_ratio": 2.64,
            "reinvestment_rate": 6.07,
            "research_to_sale_ratio": null,
            "price_fair": 82.86,
            "eps_avg_yearly": 2.37,
            "eps_latest_yearly": 1.72,
            "eps_growth_yearly": 247.2
        },
        "20223": {
            "year_quarter": 20223,
            "year": 2022,
            "quarter": 3,
            "eps": 0.27,
            "eps_growth_year": -72.45,
            "eps_4q": 2.26,
            "eps_4q_growth_year": -27.37,
            "roe": 1.71,
            "roe_4q": 13.55,
            "gross_profit": 624925,
            "gross_margin": 21.01,
            "gross_margin_4q_avg": 24.7,
            "net_income": 199060,
            "revenue": 2974895,
            "common_shares": 7368465,
            "book_valuer_per_share": 15.84,
            "book_valuer_per_share_4q_avg": 16.6,
            "equity": 11793079,
            "current_ratio": 227.59,
            "debt_ratio": 64.04,
            "inventory_turnover_ratio": 0.23,
            "account_receivable_turnover_ratio": 2.69,
            "reinvestment_rate": 6.18,
            "research_to_sale_ratio": null,
            "price_fair": 82.86,
            "eps_avg_yearly": 2.37,
            "eps_latest_yearly": 1.08,
            "eps_growth_yearly": 244.66
        },
        "20224": {
            "year_quarter": 20224,
            "year": 2022,
            "quarter": 4,
            "eps": 0.32,
            "eps_growth_year": -65.32,
            "eps_4q": 1.66,
            "eps_4q_growth_year": -47.94,
            "roe": 1.99,
            "roe_4q": 9.940000000000001,
            "gross_profit": 832994,
            "gross_margin": 22.61,
            "gross_margin_4q_avg": 23.51,
            "net_income": 235882,
            "revenue": 3684819,
            "common_shares": 7368465,
            "book_valuer_per_share": 16.04,
            "book_valuer_per_share_4q_avg": 16.39,
            "equity": 11945480,
            "current_ratio": 198.68,
            "debt_ratio": 64.94,
            "inventory_turnover_ratio": 0.28,
            "account_receivable_turnover_ratio": 3.51,
            "reinvestment_rate": 4.5,
            "research_to_sale_ratio": null,
            "price_fair": 75.86,
            "eps_avg_yearly": 2.17,
            "eps_latest_yearly": 1.28,
            "eps_growth_yearly": 170.58
        },
        "20231": {
            "year_quarter": 20231,
            "year": 2023,
            "quarter": 1,
            "eps": 0.68,
            "eps_growth_year": 4.62,
            "eps_4q": 1.69,
            "eps_4q_growth_year": -47.34,
            "roe": 4.12,
            "roe_4q": 10.36,
            "gross_profit": 1004647,
            "gross_margin": 23.22,
            "gross_margin_4q_avg": 22.96,
            "net_income": 502080,
            "revenue": 4327327,
            "common_shares": 7368465,
            "book_valuer_per_share": 16.73,
            "book_valuer_per_share_4q_avg": 16.03,
            "equity": 12452924,
            "current_ratio": 216.83,
            "debt_ratio": 59.12,
            "inventory_turnover_ratio": 0.36,
            "account_receivable_turnover_ratio": 4.4,
            "reinvestment_rate": 4.58,
            "research_to_sale_ratio": null,
            "price_fair": 76.83,
            "eps_avg_yearly": 2.2,
            "eps_latest_yearly": 2.72,
            "eps_growth_yearly": 210.99
        }
    },
    "months": {
        "2001-09": {
            "month": "2001-09",
            "price": "12.32",
            "revenue": 94892
        },
        "2001-10": {
            "month": "2001-10",
            "price": "11.62",
            "revenue": 142695
        },
        "2001-11": {
            "month": "2001-11",
            "price": "13.50",
            "revenue": 120511
        },
        "2001-12": {
            "month": "2001-12",
            "price": "14.85",
            "revenue": 203429
        },
        "2002-01": {
            "month": "2002-01",
            "price": "16.78",
            "revenue": 193896
        },
        "2002-02": {
            "month": "2002-02",
            "price": "19.07",
            "revenue": 116525
        },
        "2002-03": {
            "month": "2002-03",
            "price": "22.36",
            "revenue": 232585
        },
        "2002-04": {
            "month": "2002-04",
            "price": "31.19",
            "revenue": 214079
        },
        "2002-05": {
            "month": "2002-05",
            "price": "30.67",
            "revenue": 197017
        },
        "2002-06": {
            "month": "2002-06",
            "price": "33.94",
            "revenue": 175615
        },
        "2002-07": {
            "month": "2002-07",
            "price": "34.01",
            "revenue": 180600
        },
        "2002-08": {
            "month": "2002-08",
            "price": "33.98",
            "revenue": 164213
        },
        "2002-09": {
            "month": "2002-09",
            "price": "32.80",
            "revenue": 143943
        },
        "2002-10": {
            "month": "2002-10",
            "price": "32.42",
            "revenue": 171980
        },
        "2002-11": {
            "month": "2002-11",
            "price": "35.80",
            "revenue": 176637
        },
        "2002-12": {
            "month": "2002-12",
            "price": "37.20",
            "revenue": 209109
        },
        "2003-01": {
            "month": "2003-01",
            "price": "38.29",
            "revenue": 184766
        },
        "2003-02": {
            "month": "2003-02",
            "price": "35.41",
            "revenue": 132932
        },
        "2003-03": {
            "month": "2003-03",
            "price": "35.04",
            "revenue": 249223
        },
        "2003-04": {
            "month": "2003-04",
            "price": "36.06",
            "revenue": 196621
        },
        "2003-05": {
            "month": "2003-05",
            "price": "34.72",
            "revenue": 171315
        },
        "2003-06": {
            "month": "2003-06",
            "price": "38.74",
            "revenue": 246772
        },
        "2003-07": {
            "month": "2003-07",
            "price": "45.42",
            "revenue": 247346
        },
        "2003-08": {
            "month": "2003-08",
            "price": "49.62",
            "revenue": 254091
        },
        "2003-09": {
            "month": "2003-09",
            "price": "55.95",
            "revenue": 282233
        },
        "2003-10": {
            "month": "2003-10",
            "price": "68.43",
            "revenue": 306748
        },
        "2003-11": {
            "month": "2003-11",
            "price": "71.35",
            "revenue": 258776
        },
        "2003-12": {
            "month": "2003-12",
            "price": "76.76",
            "revenue": 300402
        },
        "2004-01": {
            "month": "2004-01",
            "price": "75.97",
            "revenue": 200123
        },
        "2004-02": {
            "month": "2004-02",
            "price": "92.25",
            "revenue": 332788
        },
        "2004-03": {
            "month": "2004-03",
            "price": "97.35",
            "revenue": 393401
        },
        "2004-04": {
            "month": "2004-04",
            "price": "93.52",
            "revenue": 336770
        },
        "2004-05": {
            "month": "2004-05",
            "price": "81.45",
            "revenue": 307144
        },
        "2004-06": {
            "month": "2004-06",
            "price": "82.76",
            "revenue": 350762
        },
        "2004-07": {
            "month": "2004-07",
            "price": "66.68",
            "revenue": 342629
        },
        "2004-08": {
            "month": "2004-08",
            "price": "54.85",
            "revenue": 320554
        },
        "2004-09": {
            "month": "2004-09",
            "price": "64.81",
            "revenue": 322812
        },
        "2004-10": {
            "month": "2004-10",
            "price": "64.45",
            "revenue": 404945
        },
        "2004-11": {
            "month": "2004-11",
            "price": "63.82",
            "revenue": 354293
        },
        "2004-12": {
            "month": "2004-12",
            "price": "70.72",
            "revenue": 382291
        },
        "2005-01": {
            "month": "2005-01",
            "price": "79.21",
            "revenue": 359261
        },
        "2005-02": {
            "month": "2005-02",
            "price": "78.15",
            "revenue": 212325
        },
        "2005-03": {
            "month": "2005-03",
            "price": "84.16",
            "revenue": 417312
        },
        "2005-04": {
            "month": "2005-04",
            "price": "75.98",
            "revenue": 413997
        },
        "2005-05": {
            "month": "2005-05",
            "price": "70.64",
            "revenue": 408744
        },
        "2005-06": {
            "month": "2005-06",
            "price": "69.30",
            "revenue": 386626
        },
        "2005-07": {
            "month": "2005-07",
            "price": "66.44",
            "revenue": 378465
        },
        "2005-08": {
            "month": "2005-08",
            "price": "59.74",
            "revenue": 445789
        },
        "2005-09": {
            "month": "2005-09",
            "price": "55.45",
            "revenue": 470729
        },
        "2005-10": {
            "month": "2005-10",
            "price": "56.78",
            "revenue": 466463
        },
        "2005-11": {
            "month": "2005-11",
            "price": "55.56",
            "revenue": 414678
        },
        "2005-12": {
            "month": "2005-12",
            "price": "55.15",
            "revenue": 434421
        },
        "2006-01": {
            "month": "2006-01",
            "price": "58.45",
            "revenue": 325051
        },
        "2006-02": {
            "month": "2006-02",
            "price": "57.90",
            "revenue": 328512
        },
        "2006-03": {
            "month": "2006-03",
            "price": "56.67",
            "revenue": 452965
        },
        "2006-04": {
            "month": "2006-04",
            "price": "64.87",
            "revenue": 462811
        },
        "2006-05": {
            "month": "2006-05",
            "price": "83.08",
            "revenue": 485763
        },
        "2006-06": {
            "month": "2006-06",
            "price": "80.40",
            "revenue": 484935
        },
        "2006-07": {
            "month": "2006-07",
            "price": "83.76",
            "revenue": 451231
        },
        "2006-08": {
            "month": "2006-08",
            "price": "76.82",
            "revenue": 436967
        },
        "2006-09": {
            "month": "2006-09",
            "price": "79.80",
            "revenue": 409224
        },
        "2006-10": {
            "month": "2006-10",
            "price": "80.08",
            "revenue": 455564
        },
        "2006-11": {
            "month": "2006-11",
            "price": "82.74",
            "revenue": 536601
        },
        "2006-12": {
            "month": "2006-12",
            "price": "88.44",
            "revenue": 634453
        },
        "2007-01": {
            "month": "2007-01",
            "price": "88.26",
            "revenue": 507060
        },
        "2007-02": {
            "month": "2007-02",
            "price": "89.07",
            "revenue": 315193
        },
        "2007-03": {
            "month": "2007-03",
            "price": "87.61",
            "revenue": 514601
        },
        "2007-04": {
            "month": "2007-04",
            "price": "94.74",
            "revenue": 557007
        },
        "2007-05": {
            "month": "2007-05",
            "price": "100.15",
            "revenue": 533270
        },
        "2007-06": {
            "month": "2007-06",
            "price": "109.00",
            "revenue": 486849
        },
        "2007-07": {
            "month": "2007-07",
            "price": "128.05",
            "revenue": 429146
        },
        "2007-08": {
            "month": "2007-08",
            "price": "115.50",
            "revenue": 384766
        },
        "2007-09": {
            "month": "2007-09",
            "price": "104.98",
            "revenue": 402373
        },
        "2007-10": {
            "month": "2007-10",
            "price": "88.62",
            "revenue": 421139
        },
        "2007-11": {
            "month": "2007-11",
            "price": "75.20",
            "revenue": 418376
        },
        "2007-12": {
            "month": "2007-12",
            "price": "69.69",
            "revenue": 617782
        },
        "2008-01": {
            "month": "2008-01",
            "price": "83.89",
            "revenue": 441916
        },
        "2008-02": {
            "month": "2008-02",
            "price": "99.31",
            "revenue": 371764
        },
        "2008-03": {
            "month": "2008-03",
            "price": "115.50",
            "revenue": 989619
        },
        "2008-04": {
            "month": "2008-04",
            "price": "122.21",
            "revenue": 865654
        },
        "2008-05": {
            "month": "2008-05",
            "price": "114.45",
            "revenue": 698223
        },
        "2008-06": {
            "month": "2008-06",
            "price": "102.98",
            "revenue": 513054
        },
        "2008-07": {
            "month": "2008-07",
            "price": "79.90",
            "revenue": 437780
        },
        "2008-08": {
            "month": "2008-08",
            "price": "65.35",
            "revenue": 372908
        },
        "2008-09": {
            "month": "2008-09",
            "price": "51.07",
            "revenue": 307955
        },
        "2008-10": {
            "month": "2008-10",
            "price": "37.59",
            "revenue": 343892
        },
        "2008-11": {
            "month": "2008-11",
            "price": "27.06",
            "revenue": 309045
        },
        "2008-12": {
            "month": "2008-12",
            "price": "24.76",
            "revenue": 344330
        },
        "2009-01": {
            "month": "2009-01",
            "price": "24.96",
            "revenue": 225950
        },
        "2009-02": {
            "month": "2009-02",
            "price": "25.73",
            "revenue": 296061
        },
        "2009-03": {
            "month": "2009-03",
            "price": "32.12",
            "revenue": 535557
        },
        "2009-04": {
            "month": "2009-04",
            "price": "40.43",
            "revenue": 618852
        },
        "2009-05": {
            "month": "2009-05",
            "price": "55.96",
            "revenue": 810343
        },
        "2009-06": {
            "month": "2009-06",
            "price": "55.89",
            "revenue": 736119
        },
        "2009-07": {
            "month": "2009-07",
            "price": "57.41",
            "revenue": 697177
        },
        "2009-08": {
            "month": "2009-08",
            "price": "56.11",
            "revenue": 609023
        },
        "2009-09": {
            "month": "2009-09",
            "price": "55.75",
            "revenue": 686526
        },
        "2009-10": {
            "month": "2009-10",
            "price": "58.92",
            "revenue": 773104
        },
        "2009-11": {
            "month": "2009-11",
            "price": "59.70",
            "revenue": 769848
        },
        "2009-12": {
            "month": "2009-12",
            "price": "60.93",
            "revenue": 950261
        },
        "2010-01": {
            "month": "2010-01",
            "price": "61.64",
            "revenue": 699789
        },
        "2010-02": {
            "month": "2010-02",
            "price": "56.57",
            "revenue": 406370
        },
        "2010-03": {
            "month": "2010-03",
            "price": "58.34",
            "revenue": 842128
        },
        "2010-04": {
            "month": "2010-04",
            "price": "62.51",
            "revenue": 901388
        },
        "2010-05": {
            "month": "2010-05",
            "price": "58.96",
            "revenue": 829509
        },
        "2010-06": {
            "month": "2010-06",
            "price": "58.94",
            "revenue": 702791
        },
        "2010-07": {
            "month": "2010-07",
            "price": "53.82",
            "revenue": 604226
        },
        "2010-08": {
            "month": "2010-08",
            "price": "50.37",
            "revenue": 809910
        },
        "2010-09": {
            "month": "2010-09",
            "price": "54.20",
            "revenue": 784022
        },
        "2010-10": {
            "month": "2010-10",
            "price": "58.16",
            "revenue": 1012072
        },
        "2010-11": {
            "month": "2010-11",
            "price": "60.90",
            "revenue": 1090695
        },
        "2010-12": {
            "month": "2010-12",
            "price": "61.09",
            "revenue": 1418695
        },
        "2011-01": {
            "month": "2011-01",
            "price": "64.77",
            "revenue": 905019
        },
        "2011-02": {
            "month": "2011-02",
            "price": "62.96",
            "revenue": 684360
        },
        "2011-03": {
            "month": "2011-03",
            "price": "54.34",
            "revenue": 714593
        },
        "2011-04": {
            "month": "2011-04",
            "price": "57.88",
            "revenue": 617420
        },
        "2011-05": {
            "month": "2011-05",
            "price": "59.22",
            "revenue": 896724
        },
        "2011-06": {
            "month": "2011-06",
            "price": "63.95",
            "revenue": 645509
        },
        "2011-07": {
            "month": "2011-07",
            "price": "55.56",
            "revenue": 801657
        },
        "2011-08": {
            "month": "2011-08",
            "price": "51.17",
            "revenue": 732430
        },
        "2011-09": {
            "month": "2011-09",
            "price": "41.89",
            "revenue": 659772
        },
        "2011-10": {
            "month": "2011-10",
            "price": "39.60",
            "revenue": 661943
        },
        "2011-11": {
            "month": "2011-11",
            "price": "38.81",
            "revenue": 584644
        },
        "2011-12": {
            "month": "2011-12",
            "price": "37.52",
            "revenue": 729903
        },
        "2012-01": {
            "month": "2012-01",
            "price": "38.64",
            "revenue": 294524
        },
        "2012-02": {
            "month": "2012-02",
            "price": "43.41",
            "revenue": 592638
        },
        "2012-03": {
            "month": "2012-03",
            "price": "47.08",
            "revenue": 929317
        },
        "2012-04": {
            "month": "2012-04",
            "price": "45.16",
            "revenue": 928778
        },
        "2012-05": {
            "month": "2012-05",
            "price": "43.15",
            "revenue": 822374
        },
        "2012-06": {
            "month": "2012-06",
            "price": "41.07",
            "revenue": 711560
        },
        "2012-07": {
            "month": "2012-07",
            "price": "40.40",
            "revenue": 704442
        },
        "2012-08": {
            "month": "2012-08",
            "price": "39.10",
            "revenue": 648336
        },
        "2012-09": {
            "month": "2012-09",
            "price": "40.45",
            "revenue": 632546
        },
        "2012-10": {
            "month": "2012-10",
            "price": "39.32",
            "revenue": 808433
        },
        "2012-11": {
            "month": "2012-11",
            "price": "39.13",
            "revenue": 715417
        },
        "2012-12": {
            "month": "2012-12",
            "price": "41.01",
            "revenue": 973525
        },
        "2013-01": {
            "month": "2013-01",
            "price": "44.33",
            "revenue": 794914
        },
        "2013-02": {
            "month": "2013-02",
            "price": "47.36",
            "revenue": 549536
        },
        "2013-03": {
            "month": "2013-03",
            "price": "46.63",
            "revenue": 1210549
        },
        "2013-04": {
            "month": "2013-04",
            "price": "48.80",
            "revenue": 1175622
        },
        "2013-05": {
            "month": "2013-05",
            "price": "54.99",
            "revenue": 1150230
        },
        "2013-06": {
            "month": "2013-06",
            "price": "54.79",
            "revenue": 1081203
        },
        "2013-07": {
            "month": "2013-07",
            "price": "51.35",
            "revenue": 1031422
        },
        "2013-08": {
            "month": "2013-08",
            "price": "49.90",
            "revenue": 961154
        },
        "2013-09": {
            "month": "2013-09",
            "price": "50.37",
            "revenue": 1047132
        },
        "2013-10": {
            "month": "2013-10",
            "price": "53.44",
            "revenue": 1052550
        },
        "2013-11": {
            "month": "2013-11",
            "price": "53.50",
            "revenue": 943031
        },
        "2013-12": {
            "month": "2013-12",
            "price": "53.50",
            "revenue": 1104403
        },
        "2014-01": {
            "month": "2014-01",
            "price": "51.82",
            "revenue": 654701
        },
        "2014-02": {
            "month": "2014-02",
            "price": "49.99",
            "revenue": 600078
        },
        "2014-03": {
            "month": "2014-03",
            "price": "50.88",
            "revenue": 949177
        },
        "2014-04": {
            "month": "2014-04",
            "price": "54.85",
            "revenue": 886929
        },
        "2014-05": {
            "month": "2014-05",
            "price": "51.85",
            "revenue": 810461
        },
        "2014-06": {
            "month": "2014-06",
            "price": "52.76",
            "revenue": 760476
        },
        "2014-07": {
            "month": "2014-07",
            "price": "39.50",
            "revenue": 700383
        },
        "2014-08": {
            "month": "2014-08",
            "price": "38.60",
            "revenue": 675297
        },
        "2014-09": {
            "month": "2014-09",
            "price": "38.68",
            "revenue": 653158
        },
        "2014-10": {
            "month": "2014-10",
            "price": "36.16",
            "revenue": 730256
        },
        "2014-11": {
            "month": "2014-11",
            "price": "36.10",
            "revenue": 731520
        },
        "2014-12": {
            "month": "2014-12",
            "price": "36.80",
            "revenue": 773267
        },
        "2015-01": {
            "month": "2015-01",
            "price": "35.17",
            "revenue": 577780
        },
        "2015-02": {
            "month": "2015-02",
            "price": "35.69",
            "revenue": 406373
        },
        "2015-03": {
            "month": "2015-03",
            "price": "34.48",
            "revenue": 822860
        },
        "2015-04": {
            "month": "2015-04",
            "price": "34.34",
            "revenue": 816903
        },
        "2015-05": {
            "month": "2015-05",
            "price": "32.34",
            "revenue": 712014
        },
        "2015-06": {
            "month": "2015-06",
            "price": "30.07",
            "revenue": 630273
        },
        "2015-07": {
            "month": "2015-07",
            "price": "27.67",
            "revenue": 623643
        },
        "2015-08": {
            "month": "2015-08",
            "price": "29.42",
            "revenue": 546087
        },
        "2015-09": {
            "month": "2015-09",
            "price": "28.31",
            "revenue": 518139
        },
        "2015-10": {
            "month": "2015-10",
            "price": "28.36",
            "revenue": 602150
        },
        "2015-11": {
            "month": "2015-11",
            "price": "28.34",
            "revenue": 590032
        },
        "2015-12": {
            "month": "2015-12",
            "price": "27.36",
            "revenue": 688544
        },
        "2016-01": {
            "month": "2016-01",
            "price": "26.44",
            "revenue": 512448
        },
        "2016-02": {
            "month": "2016-02",
            "price": "26.47",
            "revenue": 340552
        },
        "2016-03": {
            "month": "2016-03",
            "price": "27.52",
            "revenue": 694691
        },
        "2016-04": {
            "month": "2016-04",
            "price": "27.69",
            "revenue": 661272
        },
        "2016-05": {
            "month": "2016-05",
            "price": "26.70",
            "revenue": 746851
        },
        "2016-06": {
            "month": "2016-06",
            "price": "28.21",
            "revenue": 683983
        },
        "2016-07": {
            "month": "2016-07",
            "price": "29.24",
            "revenue": 685094
        },
        "2016-08": {
            "month": "2016-08",
            "price": "28.45",
            "revenue": 665181
        },
        "2016-09": {
            "month": "2016-09",
            "price": "28.33",
            "revenue": 630119
        },
        "2016-10": {
            "month": "2016-10",
            "price": "29.05",
            "revenue": 636352
        },
        "2016-11": {
            "month": "2016-11",
            "price": "29.95",
            "revenue": 630567
        },
        "2016-12": {
            "month": "2016-12",
            "price": "32.38",
            "revenue": 714799
        },
        "2017-01": {
            "month": "2017-01",
            "price": "32.31",
            "revenue": 483512
        },
        "2017-02": {
            "month": "2017-02",
            "price": "33.33",
            "revenue": 520385
        },
        "2017-03": {
            "month": "2017-03",
            "price": "35.05",
            "revenue": 741647
        },
        "2017-04": {
            "month": "2017-04",
            "price": "34.46",
            "revenue": 6058829
        },
        "2017-05": {
            "month": "2017-05",
            "price": "34.53",
            "revenue": 726469
        },
        "2017-06": {
            "month": "2017-06",
            "price": "33.68",
            "revenue": 743766
        },
        "2017-07": {
            "month": "2017-07",
            "price": "32.15",
            "revenue": 674981
        },
        "2017-08": {
            "month": "2017-08",
            "price": "31.62",
            "revenue": 710351
        },
        "2017-09": {
            "month": "2017-09",
            "price": "32.43",
            "revenue": 3851321
        },
        "2017-10": {
            "month": "2017-10",
            "price": "34.08",
            "revenue": 885129
        },
        "2017-11": {
            "month": "2017-11",
            "price": "37.25",
            "revenue": 1083362
        },
        "2017-12": {
            "month": "2017-12",
            "price": "38.04",
            "revenue": 1328392
        },
        "2018-01": {
            "month": "2018-01",
            "price": "38.80",
            "revenue": 799851
        },
        "2018-02": {
            "month": "2018-02",
            "price": "37.45",
            "revenue": 528591
        },
        "2018-03": {
            "month": "2018-03",
            "price": "42.70",
            "revenue": 1134630
        },
        "2018-04": {
            "month": "2018-04",
            "price": "43.61",
            "revenue": 878438
        },
        "2018-05": {
            "month": "2018-05",
            "price": "42.57",
            "revenue": 924115
        },
        "2018-06": {
            "month": "2018-06",
            "price": "39.82",
            "revenue": 815023
        },
        "2018-07": {
            "month": "2018-07",
            "price": "34.80",
            "revenue": 819503
        },
        "2018-08": {
            "month": "2018-08",
            "price": "34.98",
            "revenue": 822567
        },
        "2018-09": {
            "month": "2018-09",
            "price": "33.84",
            "revenue": 790785
        },
        "2018-10": {
            "month": "2018-10",
            "price": "31.50",
            "revenue": 2352374
        },
        "2018-11": {
            "month": "2018-11",
            "price": "30.10",
            "revenue": 911615
        },
        "2018-12": {
            "month": "2018-12",
            "price": "29.70",
            "revenue": 2087448
        },
        "2019-01": {
            "month": "2019-01",
            "price": "30.46",
            "revenue": 1000806
        },
        "2019-02": {
            "month": "2019-02",
            "price": "31.76",
            "revenue": 734577
        },
        "2019-03": {
            "month": "2019-03",
            "price": "30.90",
            "revenue": 1397031
        },
        "2019-04": {
            "month": "2019-04",
            "price": "31.52",
            "revenue": 1164314
        },
        "2019-05": {
            "month": "2019-05",
            "price": "32.01",
            "revenue": 1062089
        },
        "2019-06": {
            "month": "2019-06",
            "price": "32.59",
            "revenue": 1096794
        },
        "2019-07": {
            "month": "2019-07",
            "price": "32.22",
            "revenue": 1066460
        },
        "2019-08": {
            "month": "2019-08",
            "price": "31.48",
            "revenue": 873566
        },
        "2019-09": {
            "month": "2019-09",
            "price": "31.83",
            "revenue": 911103
        },
        "2019-10": {
            "month": "2019-10",
            "price": "32.21",
            "revenue": 904146
        },
        "2019-11": {
            "month": "2019-11",
            "price": "31.84",
            "revenue": 987491
        },
        "2019-12": {
            "month": "2019-12",
            "price": "31.29",
            "revenue": 1224046
        },
        "2020-01": {
            "month": "2020-01",
            "price": "31.14",
            "revenue": 593817
        },
        "2020-02": {
            "month": "2020-02",
            "price": "29.32",
            "revenue": 735788
        },
        "2020-03": {
            "month": "2020-03",
            "price": "25.45",
            "revenue": 864455
        },
        "2020-04": {
            "month": "2020-04",
            "price": "24.94",
            "revenue": 850618
        },
        "2020-05": {
            "month": "2020-05",
            "price": "25.86",
            "revenue": 1114133
        },
        "2020-06": {
            "month": "2020-06",
            "price": "27.71",
            "revenue": 1145047
        },
        "2020-07": {
            "month": "2020-07",
            "price": "28.35",
            "revenue": 1195216
        },
        "2020-08": {
            "month": "2020-08",
            "price": "29.65",
            "revenue": 1274722
        },
        "2020-09": {
            "month": "2020-09",
            "price": "29.36",
            "revenue": 1165584
        },
        "2020-10": {
            "month": "2020-10",
            "price": "29.13",
            "revenue": 1293075
        },
        "2020-11": {
            "month": "2020-11",
            "price": "29.48",
            "revenue": 1428477
        },
        "2020-12": {
            "month": "2020-12",
            "price": "29.25",
            "revenue": 1410525
        },
        "2021-01": {
            "month": "2021-01",
            "price": "28.41",
            "revenue": 1238021
        },
        "2021-02": {
            "month": "2021-02",
            "price": "28.31",
            "revenue": 818502
        },
        "2021-03": {
            "month": "2021-03",
            "price": "29.66",
            "revenue": 1564720
        },
        "2021-04": {
            "month": "2021-04",
            "price": "31.22",
            "revenue": 1612238
        },
        "2021-05": {
            "month": "2021-05",
            "price": "31.07",
            "revenue": 1053128
        },
        "2021-06": {
            "month": "2021-06",
            "price": "30.51",
            "revenue": 1426807
        },
        "2021-07": {
            "month": "2021-07",
            "price": "30.32",
            "revenue": 1431355
        },
        "2021-08": {
            "month": "2021-08",
            "price": "30.65",
            "revenue": 2104935
        },
        "2021-09": {
            "month": "2021-09",
            "price": "31.04",
            "revenue": 1833300
        },
        "2021-10": {
            "month": "2021-10",
            "price": "33.01",
            "revenue": 1868045
        },
        "2021-11": {
            "month": "2021-11",
            "price": "33.27",
            "revenue": 1753681
        },
        "2021-12": {
            "month": "2021-12",
            "price": "34.55",
            "revenue": 2079153
        },
        "2022-01": {
            "month": "2022-01",
            "price": "34.67",
            "revenue": 1295290
        },
        "2022-02": {
            "month": "2022-02",
            "price": "34.71",
            "revenue": 885564
        },
        "2022-03": {
            "month": "2022-03",
            "price": "35.86",
            "revenue": 1600234
        },
        "2022-04": {
            "month": "2022-04",
            "price": "35.83",
            "revenue": 1333519
        },
        "2022-05": {
            "month": "2022-05",
            "price": "34.24",
            "revenue": 941472
        },
        "2022-06": {
            "month": "2022-06",
            "price": "31.89",
            "revenue": 1007954
        },
        "2022-07": {
            "month": "2022-07",
            "price": "30.91",
            "revenue": 1062504
        },
        "2022-08": {
            "month": "2022-08",
            "price": "30.62",
            "revenue": 919977
        },
        "2022-09": {
            "month": "2022-09",
            "price": "30.75",
            "revenue": 992430
        },
        "2022-10": {
            "month": "2022-10",
            "price": "28.64",
            "revenue": 908747
        },
        "2022-11": {
            "month": "2022-11",
            "price": "28.80",
            "revenue": 774266
        },
        "2022-12": {
            "month": "2022-12",
            "price": "27.92",
            "revenue": 2002651
        },
        "2023-01": {
            "month": "2023-01",
            "price": "27.22",
            "revenue": 2063264
        },
        "2023-02": {
            "month": "2023-02",
            "price": "28.33",
            "revenue": 1189606
        },
        "2023-03": {
            "month": "2023-03",
            "price": "28.66",
            "revenue": 1089298
        },
        "2023-04": {
            "month": "2023-04",
            "price": "28.97",
            "revenue": 1179985
        }
    }
}
