{
    "summary": {
        "stock_name": "裕融",
        "stock_id": "9941",
        "category": "其他",
        "main_business": "汽車分期付款買賣業務<br>展示車業務",
        "website_url": "http://www.tac.com.tw",
        "ceo": "許國興",
        "pe_ratio": 15,
        "report_year_from": 2001,
        "report_year_to": 2023,
        "age": 23,
        "eps_negative_percentage": 0,
        "eps_growth_avg": {
            "last_all": 7.67,
            "last_2y": 4.96,
            "last_4y": 3,
            "last_8y": 7.51,
            "last_12y": 7.57,
            "last_16y": 13.28,
            "last_20y": 9.42,
            "at_2006_last_3y": -6.97,
            "at_2007_last_3y": -2.58,
            "at_2008_last_3y": -8.72,
            "at_2009_last_3y": 9.08,
            "at_2010_last_3y": 31.85,
            "at_2011_last_3y": 22.41,
            "at_2012_last_3y": 27.65,
            "at_2013_last_3y": 18.71,
            "at_2014_last_3y": 7.7,
            "at_2015_last_3y": 7.24,
            "at_2016_last_3y": 7.35,
            "at_2017_last_3y": 11.65,
            "at_2018_last_3y": 13.14,
            "at_2019_last_3y": 16,
            "at_2020_last_3y": 10.94,
            "at_2021_last_3y": 14.92,
            "at_2022_last_3y": 9.93,
            "at_2023_last_3y": 3.4,
            "at_2024_last_3y": 3.4,
            "at_2006_last_all": -11.41,
            "at_2007_last_all": -4.58,
            "at_2008_last_all": -4.27,
            "at_2009_last_all": 2.6,
            "at_2010_last_all": 7.82,
            "at_2011_last_all": 6.22,
            "at_2012_last_all": 7.33,
            "at_2013_last_all": 7.97,
            "at_2014_last_all": 7.78,
            "at_2015_last_all": 6.51,
            "at_2016_last_all": 7.34,
            "at_2017_last_all": 8.89,
            "at_2018_last_all": 9.04,
            "at_2019_last_all": 8.62,
            "at_2020_last_all": 8.1,
            "at_2021_last_all": 10.1,
            "at_2022_last_all": 9.21,
            "at_2023_last_all": 7.67,
            "at_2024_last_all": 7.67
        },
        "latest_eps": 12.01,
        "latest_price": 186,
        "latest_roe": 18.52,
        "latest_gross_margin": 54.26,
        "latest_equity": 38125882,
        "latest_revenue": 10682134,
        "latest_gross_profit": 5796508,
        "latest_net_income": 1769105,
        "latest_debt_ratio": 87.24,
        "latest_current_ratio": 103.16,
        "latest_account_receivable_turnover_ratio": 0.05,
        "latest_inventory_turnover_ratio": 3.08,
        "latest_reinvestment_rate": 51.36,
        "latest_research_to_sale_ratio": null
    },
    "eps_dividends": {
        "1998": {
            "cash": 0,
            "stock": 2,
            "eps": 0
        },
        "1999": {
            "cash": 0,
            "stock": 4.7,
            "eps": 0
        },
        "2000": {
            "cash": 0,
            "stock": 3.5,
            "eps": 0
        },
        "2001": {
            "cash": 1.8,
            "stock": 1.8,
            "eps": 3.53
        },
        "2002": {
            "cash": 2,
            "stock": 0.7,
            "eps": 2.5
        },
        "2003": {
            "cash": 2,
            "stock": 0,
            "eps": 2.8
        },
        "2004": {
            "cash": 2,
            "stock": 0.4,
            "eps": 3.42
        },
        "2005": {
            "cash": 2.7,
            "stock": 0,
            "eps": 2.72
        },
        "2006": {
            "cash": 2.3,
            "stock": 0,
            "eps": 1.59
        },
        "2007": {
            "cash": 1.5,
            "stock": 0,
            "eps": 2.06
        },
        "2008": {
            "cash": 1.7,
            "stock": 0,
            "eps": 2.01
        },
        "2009": {
            "cash": 1.7,
            "stock": 0,
            "eps": 3.03
        },
        "2010": {
            "cash": 2.7,
            "stock": 0,
            "eps": 4.53
        },
        "2011": {
            "cash": 4.8,
            "stock": 0,
            "eps": 4.16
        },
        "2012": {
            "cash": 0,
            "stock": 0,
            "eps": 4.93
        },
        "2013": {
            "cash": 3,
            "stock": 0,
            "eps": 5.67
        },
        "2014": {
            "cash": 4.98,
            "stock": 0,
            "eps": 5.98
        },
        "2015": {
            "cash": 5.19,
            "stock": 0,
            "eps": 5.38
        },
        "2016": {
            "cash": 4.74,
            "stock": 0,
            "eps": 6.4
        },
        "2017": {
            "cash": 4.81,
            "stock": 0,
            "eps": 8.46
        },
        "2018": {
            "cash": 5.9,
            "stock": 0,
            "eps": 9.43
        },
        "2019": {
            "cash": 5.5,
            "stock": 1,
            "eps": 9.56
        },
        "2020": {
            "cash": 4.5,
            "stock": 1,
            "eps": 9.44
        },
        "2021": {
            "cash": 4.7,
            "stock": 1.5,
            "eps": 13.98
        },
        "2022": {
            "cash": 5.5,
            "stock": 1.7,
            "eps": 12.79
        },
        "2023": {
            "cash": 11.2,
            "stock": 2,
            "eps": 9.63
        }
    },
    "dividends": {
        "1998-06-16": {
            "cash": 0,
            "stock": 2
        },
        "1999-06-28": {
            "cash": 0,
            "stock": 4.7
        },
        "2000-04-24": {
            "cash": 0,
            "stock": 3.5
        },
        "2001-05-10": {
            "cash": 1.8,
            "stock": 1.8
        },
        "2002-05-30": {
            "cash": 2,
            "stock": 0.7
        },
        "2003-05-30": {
            "cash": 2,
            "stock": 0
        },
        "2004-03-15": {
            "cash": 2,
            "stock": 0.4
        },
        "2005-03-23": {
            "cash": 2.7,
            "stock": 0
        },
        "2006-03-20": {
            "cash": 2.3,
            "stock": 0
        },
        "2007-03-22": {
            "cash": 1.5,
            "stock": 0
        },
        "2008-03-20": {
            "cash": 1.7,
            "stock": 0
        },
        "2009-03-26": {
            "cash": 1.7,
            "stock": 0
        },
        "2010-03-25": {
            "cash": 2.7,
            "stock": 0
        },
        "2011-01-01": {
            "cash": 2,
            "stock": 0
        },
        "2011-03-24": {
            "cash": 2.8,
            "stock": 0
        },
        "2013-03-21": {
            "cash": 3,
            "stock": 0
        },
        "2014-08-29": {
            "cash": 4.98,
            "stock": 0
        },
        "2015-08-28": {
            "cash": 5.19,
            "stock": 0
        },
        "2016-08-26": {
            "cash": 4.74,
            "stock": 0
        },
        "2017-08-25": {
            "cash": 4.81,
            "stock": 0
        },
        "2018-08-24": {
            "cash": 5.9,
            "stock": 0
        },
        "2019-08-23": {
            "cash": 5.5,
            "stock": 1
        },
        "2020-09-18": {
            "cash": 4.5,
            "stock": 1
        },
        "2021-09-17": {
            "cash": 4.7,
            "stock": 1.5
        },
        "2022-08-16": {
            "cash": 5.5,
            "stock": 1.7
        },
        "2023-03-09": {
            "cash": 5.6,
            "stock": 1
        },
        "2023-08-25": {
            "cash": 5.6,
            "stock": 1
        }
    },
    "prices": {
        "200101": "無",
        "200102": "無",
        "200103": "無",
        "200104": "無",
        "200105": "無",
        "200106": "無",
        "200107": "無",
        "200108": "無",
        "200109": "27.31",
        "200110": "27.92",
        "200111": "30.38",
        "200112": "33.96",
        "200201": "34.13",
        "200202": "32.56",
        "200203": "32.26",
        "200204": "33.01",
        "200205": "31.91",
        "200206": "32.22",
        "200207": "30.97",
        "200208": "27.65",
        "200209": "26.58",
        "200210": "25.76",
        "200211": "28.89",
        "200212": "29.20",
        "200301": "29.14",
        "200302": "27.99",
        "200303": "27.65",
        "200304": "27.88",
        "200305": "27.17",
        "200306": "28.56",
        "200307": "27.38",
        "200308": "28.72",
        "200309": "28.49",
        "200310": "29.53",
        "200311": "29.78",
        "200312": "29.05",
        "200401": "29.78",
        "200402": "32.98",
        "200403": "33.03",
        "200404": "31.73",
        "200405": "29.12",
        "200406": "29.34",
        "200407": "29.12",
        "200408": "27.33",
        "200409": "28.72",
        "200410": "29.28",
        "200411": "29.55",
        "200412": "30.13",
        "200501": "30.48",
        "200502": "30.51",
        "200503": "30.91",
        "200504": "31.04",
        "200505": "31.11",
        "200506": "32.28",
        "200507": "30.28",
        "200508": "29.30",
        "200509": "28.32",
        "200510": "27.31",
        "200511": "26.98",
        "200512": "27.48",
        "200601": "27.70",
        "200602": "27.42",
        "200603": "26.87",
        "200604": "26.72",
        "200605": "26.91",
        "200606": "24.66",
        "200607": "22.64",
        "200608": "19.62",
        "200609": "18.86",
        "200610": "19.41",
        "200611": "19.52",
        "200612": "20.29",
        "200701": "20.45",
        "200702": "20.16",
        "200703": "19.94",
        "200704": "21.34",
        "200705": "21.97",
        "200706": "22.39",
        "200707": "23.24",
        "200708": "20.69",
        "200709": "21.21",
        "200710": "21.42",
        "200711": "20.79",
        "200712": "20.44",
        "200801": "20.17",
        "200802": "20.44",
        "200803": "22.28",
        "200804": "23.55",
        "200805": "24.12",
        "200806": "23.05",
        "200807": "21.88",
        "200808": "19.94",
        "200809": "19.34",
        "200810": "17.41",
        "200811": "15.86",
        "200812": "15.93",
        "200901": "16.75",
        "200902": "18.20",
        "200903": "20.24",
        "200904": "23.44",
        "200905": "25.33",
        "200906": "28.51",
        "200907": "29.66",
        "200908": "28.33",
        "200909": "29.51",
        "200910": "30.92",
        "200911": "34.01",
        "200912": "34.32",
        "201001": "34.81",
        "201002": "31.90",
        "201003": "35.13",
        "201004": "40.60",
        "201005": "38.05",
        "201006": "40.04",
        "201007": "43.84",
        "201008": "43.91",
        "201009": "54.81",
        "201010": "58.50",
        "201011": "55.45",
        "201012": "59.38",
        "201101": "59.36",
        "201102": "56.13",
        "201103": "55.41",
        "201104": "58.23",
        "201105": "69.98",
        "201106": "78.37",
        "201107": "81.91",
        "201108": "69.57",
        "201109": "57.49",
        "201110": "53.32",
        "201111": "56.56",
        "201112": "50.71",
        "201201": "52.23",
        "201202": "65.00",
        "201203": "66.34",
        "201204": "58.88",
        "201205": "63.73",
        "201206": "64.22",
        "201207": "69.06",
        "201208": "69.05",
        "201209": "69.12",
        "201210": "66.05",
        "201211": "62.83",
        "201212": "64.50",
        "201301": "68.43",
        "201302": "74.59",
        "201303": "75.74",
        "201304": "75.40",
        "201305": "78.57",
        "201306": "73.13",
        "201307": "73.80",
        "201308": "71.52",
        "201309": "73.57",
        "201310": "74.21",
        "201311": "75.20",
        "201312": "78.72",
        "201401": "76.74",
        "201402": "74.98",
        "201403": "77.68",
        "201404": "79.21",
        "201405": "77.74",
        "201406": "79.72",
        "201407": "83.08",
        "201408": "79.25",
        "201409": "79.29",
        "201410": "74.59",
        "201411": "74.74",
        "201412": "76.01",
        "201501": "75.78",
        "201502": "74.49",
        "201503": "75.10",
        "201504": "78.89",
        "201505": "80.82",
        "201506": "78.95",
        "201507": "76.76",
        "201508": "69.14",
        "201509": "76.18",
        "201510": "75.42",
        "201511": "75.00",
        "201512": "73.73",
        "201601": "69.94",
        "201602": "71.08",
        "201603": "74.66",
        "201604": "74.61",
        "201605": "73.30",
        "201606": "73.82",
        "201607": "75.00",
        "201608": "71.33",
        "201609": "71.08",
        "201610": "72.48",
        "201611": "73.83",
        "201612": "77.20",
        "201701": "79.22",
        "201702": "84.98",
        "201703": "87.68",
        "201704": "87.73",
        "201705": "94.06",
        "201706": "105.78",
        "201707": "112.60",
        "201708": "115.04",
        "201709": "105.59",
        "201710": "106.37",
        "201711": "112.32",
        "201712": "108.05",
        "201801": "114.93",
        "201802": "111.46",
        "201803": "116.85",
        "201804": "127.94",
        "201805": "124.52",
        "201806": "119.80",
        "201807": "114.20",
        "201808": "104.17",
        "201809": "102.68",
        "201810": "90.51",
        "201811": "88.61",
        "201812": "90.96",
        "201901": "96.80",
        "201902": "102.65",
        "201903": "106.08",
        "201904": "115.70",
        "201905": "113.86",
        "201906": "113.55",
        "201907": "122.11",
        "201908": "111.33",
        "201909": "113.42",
        "201910": "112.48",
        "201911": "115.19",
        "201912": "115.02",
        "202001": "115.50",
        "202002": "109.16",
        "202003": "91.66",
        "202004": "93.24",
        "202005": "99.61",
        "202006": "108.28",
        "202007": "110.24",
        "202008": "107.86",
        "202009": "99.16",
        "202010": "98.51",
        "202011": "100.12",
        "202012": "99.93",
        "202101": "102.65",
        "202102": "103.27",
        "202103": "114.66",
        "202104": "134.18",
        "202105": "131.55",
        "202106": "137.38",
        "202107": "160.82",
        "202108": "172.82",
        "202109": "164.35",
        "202110": "162.00",
        "202111": "172.25",
        "202112": "171.77",
        "202201": "178.31",
        "202202": "191.50",
        "202203": "218.41",
        "202204": "237.58",
        "202205": "215.21",
        "202206": "216.90",
        "202207": "201.45",
        "202208": "174.00",
        "202209": "153.98",
        "202210": "135.12",
        "202211": "147.41",
        "202212": "157.16",
        "202301": "162.04",
        "202302": "170.69",
        "202303": "176.89",
        "202304": "183.24",
        "202305": "192.66",
        "202306": "197.88",
        "202307": "207.12",
        "202308": "179.36",
        "202309": "180.38",
        "202310": "181.48",
        "202311": "184.55",
        "202312": "185.43"
    },
    "quarters": {
        "20011": {
            "year_quarter": 20011,
            "year": 2001,
            "quarter": 1,
            "eps": 1.1,
            "eps_growth_year": -30.38,
            "eps_4q": 4.24,
            "eps_4q_growth_year": -9.77,
            "roe": 5.75,
            "roe_4q": 5.75,
            "gross_profit": 339288,
            "gross_margin": 57.08,
            "gross_margin_4q_avg": 57.08,
            "net_income": 193922,
            "net_income_4q": null,
            "revenue": 594423,
            "revenue_4q": null,
            "common_shares": 1763000,
            "book_valuer_per_share": 19.66,
            "book_valuer_per_share_4q_avg": 19.66,
            "equity": 3466711,
            "current_ratio": 117.66,
            "debt_ratio": 80.6,
            "inventory_turnover_ratio": 0.22,
            "account_receivable_turnover_ratio": null,
            "reinvestment_rate": null,
            "research_to_sale_ratio": null,
            "price_fair": 0,
            "eps_avg_yearly": 0,
            "eps_latest_yearly": 0,
            "eps_growth_yearly": 0
        },
        "20012": {
            "year_quarter": 20012,
            "year": 2001,
            "quarter": 2,
            "eps": 1.06,
            "eps_growth_year": -3.64,
            "eps_4q": 4.2,
            "eps_4q_growth_year": 14.93,
            "roe": 5.51,
            "roe_4q": 11.26,
            "gross_profit": 345362,
            "gross_margin": 60.08,
            "gross_margin_4q_avg": 58.58,
            "net_income": 186968,
            "net_income_4q": null,
            "revenue": 574813,
            "revenue_4q": null,
            "common_shares": 1763000,
            "book_valuer_per_share": 18.83,
            "book_valuer_per_share_4q_avg": 19.25,
            "equity": 3320294,
            "current_ratio": 118,
            "debt_ratio": 80.06,
            "inventory_turnover_ratio": 0.13,
            "account_receivable_turnover_ratio": null,
            "reinvestment_rate": null,
            "research_to_sale_ratio": null,
            "price_fair": 0,
            "eps_avg_yearly": 0,
            "eps_latest_yearly": 0,
            "eps_growth_yearly": 0
        },
        "20013": {
            "year_quarter": 20013,
            "year": 2001,
            "quarter": 3,
            "eps": 0.86,
            "eps_growth_year": -15.69,
            "eps_4q": 3.55,
            "eps_4q_growth_year": -14.99,
            "roe": 5.27,
            "roe_4q": 16.53,
            "gross_profit": 359072,
            "gross_margin": 63.29,
            "gross_margin_4q_avg": 60.15,
            "net_income": 179881,
            "net_income_4q": null,
            "revenue": 567350,
            "revenue_4q": null,
            "common_shares": 2095000,
            "book_valuer_per_share": 16.71,
            "book_valuer_per_share_4q_avg": 18.4,
            "equity": 3500176,
            "current_ratio": 119.32,
            "debt_ratio": 79.05,
            "inventory_turnover_ratio": 0.12,
            "account_receivable_turnover_ratio": null,
            "reinvestment_rate": null,
            "research_to_sale_ratio": null,
            "price_fair": 0,
            "eps_avg_yearly": 0,
            "eps_latest_yearly": 0,
            "eps_growth_yearly": 0
        },
        "20014": {
            "year_quarter": 20014,
            "year": 2001,
            "quarter": 4,
            "eps": 0.51,
            "eps_growth_year": -50.49,
            "eps_4q": 3.17,
            "eps_4q_growth_year": -26.21,
            "roe": 3.02,
            "roe_4q": 19.549999999999997,
            "gross_profit": 394217,
            "gross_margin": 68.2,
            "gross_margin_4q_avg": 62.16,
            "net_income": 107341,
            "net_income_4q": null,
            "revenue": 578050,
            "revenue_4q": null,
            "common_shares": 2095000,
            "book_valuer_per_share": 17.22,
            "book_valuer_per_share_4q_avg": 18.11,
            "equity": 3607516,
            "current_ratio": 122.44,
            "debt_ratio": 76.76,
            "inventory_turnover_ratio": 0.18,
            "account_receivable_turnover_ratio": null,
            "reinvestment_rate": null,
            "research_to_sale_ratio": null,
            "price_fair": 0,
            "eps_avg_yearly": 0,
            "eps_latest_yearly": 0,
            "eps_growth_yearly": 0
        },
        "20021": {
            "year_quarter": 20021,
            "year": 2002,
            "quarter": 1,
            "eps": 0.71,
            "eps_growth_year": -35.45,
            "eps_4q": 2.98,
            "eps_4q_growth_year": -29.71,
            "roe": 4.03,
            "roe_4q": 17.83,
            "gross_profit": 440579,
            "gross_margin": 72.55,
            "gross_margin_4q_avg": 66.03,
            "net_income": 148242,
            "net_income_4q": null,
            "revenue": 607292,
            "revenue_4q": null,
            "common_shares": 2095000,
            "book_valuer_per_share": 17.93,
            "book_valuer_per_share_4q_avg": 17.67,
            "equity": 3755758,
            "current_ratio": 122.97,
            "debt_ratio": 76.53,
            "inventory_turnover_ratio": 0.28,
            "account_receivable_turnover_ratio": null,
            "reinvestment_rate": null,
            "research_to_sale_ratio": null,
            "price_fair": 99.4,
            "eps_avg_yearly": 2.84,
            "eps_latest_yearly": 2.84,
            "eps_growth_yearly": 156.86
        },
        "20022": {
            "year_quarter": 20022,
            "year": 2002,
            "quarter": 2,
            "eps": 0.55,
            "eps_growth_year": -48.11,
            "eps_4q": 2.48,
            "eps_4q_growth_year": -40.95,
            "roe": 3.44,
            "roe_4q": 15.76,
            "gross_profit": 456443,
            "gross_margin": 74.27,
            "gross_margin_4q_avg": 69.58,
            "net_income": 123921,
            "net_income_4q": null,
            "revenue": 614544,
            "revenue_4q": null,
            "common_shares": 2095000,
            "book_valuer_per_share": 16.45,
            "book_valuer_per_share_4q_avg": 17.08,
            "equity": 3447006,
            "current_ratio": 119.49,
            "debt_ratio": 78.39,
            "inventory_turnover_ratio": 0.19,
            "account_receivable_turnover_ratio": null,
            "reinvestment_rate": null,
            "research_to_sale_ratio": null,
            "price_fair": 88.2,
            "eps_avg_yearly": 2.52,
            "eps_latest_yearly": 2.2,
            "eps_growth_yearly": 33.36
        },
        "20023": {
            "year_quarter": 20023,
            "year": 2002,
            "quarter": 3,
            "eps": 0.66,
            "eps_growth_year": -23.26,
            "eps_4q": 2.35,
            "eps_4q_growth_year": -33.81,
            "roe": 4.21,
            "roe_4q": 14.7,
            "gross_profit": 441988,
            "gross_margin": 73.97,
            "gross_margin_4q_avg": 72.25,
            "net_income": 148273,
            "net_income_4q": null,
            "revenue": 597502,
            "revenue_4q": null,
            "common_shares": 2255000,
            "book_valuer_per_share": 15.96,
            "book_valuer_per_share_4q_avg": 16.89,
            "equity": 3598933,
            "current_ratio": 121.49,
            "debt_ratio": 77.29,
            "inventory_turnover_ratio": 0.22,
            "account_receivable_turnover_ratio": null,
            "reinvestment_rate": null,
            "research_to_sale_ratio": null,
            "price_fair": 89.6,
            "eps_avg_yearly": 2.56,
            "eps_latest_yearly": 2.64,
            "eps_growth_yearly": 48.91
        },
        "20024": {
            "year_quarter": 20024,
            "year": 2002,
            "quarter": 4,
            "eps": 0.58,
            "eps_growth_year": 13.73,
            "eps_4q": 2.45,
            "eps_4q_growth_year": -22.71,
            "roe": 3.43,
            "roe_4q": 15.11,
            "gross_profit": 437804,
            "gross_margin": 73.85,
            "gross_margin_4q_avg": 73.66,
            "net_income": 130171,
            "net_income_4q": null,
            "revenue": 592831,
            "revenue_4q": null,
            "common_shares": 2255000,
            "book_valuer_per_share": 16.52,
            "book_valuer_per_share_4q_avg": 16.72,
            "equity": 3997684,
            "current_ratio": 120.6,
            "debt_ratio": 77.09,
            "inventory_turnover_ratio": 0.49,
            "account_receivable_turnover_ratio": null,
            "reinvestment_rate": 27.88,
            "research_to_sale_ratio": null,
            "price_fair": 86.4,
            "eps_avg_yearly": 2.5,
            "eps_latest_yearly": 2.32,
            "eps_growth_yearly": 24.56
        },
        "20031": {
            "year_quarter": 20031,
            "year": 2003,
            "quarter": 1,
            "eps": 0.75,
            "eps_growth_year": 5.63,
            "eps_4q": 2.53,
            "eps_4q_growth_year": -15.05,
            "roe": 4.29,
            "roe_4q": 15.37,
            "gross_profit": 461469,
            "gross_margin": 76.67,
            "gross_margin_4q_avg": 74.69,
            "net_income": 169312,
            "net_income_4q": null,
            "revenue": 601885,
            "revenue_4q": null,
            "common_shares": 2255000,
            "book_valuer_per_share": 17.27,
            "book_valuer_per_share_4q_avg": 16.55,
            "equity": 3894762,
            "current_ratio": 121.15,
            "debt_ratio": 76.64,
            "inventory_turnover_ratio": 0.64,
            "account_receivable_turnover_ratio": null,
            "reinvestment_rate": 20.55,
            "research_to_sale_ratio": null,
            "price_fair": 91,
            "eps_avg_yearly": 2.6,
            "eps_latest_yearly": 3,
            "eps_growth_yearly": 43.1
        },
        "20032": {
            "year_quarter": 20032,
            "year": 2003,
            "quarter": 2,
            "eps": 0.73,
            "eps_growth_year": 32.73,
            "eps_4q": 2.73,
            "eps_4q_growth_year": 9.89,
            "roe": 4.37,
            "roe_4q": 16.3,
            "gross_profit": 450945,
            "gross_margin": 76.75,
            "gross_margin_4q_avg": 75.31,
            "net_income": 163577,
            "net_income_4q": null,
            "revenue": 587542,
            "revenue_4q": null,
            "common_shares": 2255000,
            "book_valuer_per_share": 15.9,
            "book_valuer_per_share_4q_avg": 16.41,
            "equity": 3585039,
            "current_ratio": 115.2,
            "debt_ratio": 78.21,
            "inventory_turnover_ratio": 0.25,
            "account_receivable_turnover_ratio": null,
            "reinvestment_rate": 41.05,
            "research_to_sale_ratio": null,
            "price_fair": 92.87,
            "eps_avg_yearly": 2.65,
            "eps_latest_yearly": 2.92,
            "eps_growth_yearly": 34.14
        },
        "20033": {
            "year_quarter": 20033,
            "year": 2003,
            "quarter": 3,
            "eps": 0.71,
            "eps_growth_year": 7.58,
            "eps_4q": 2.77,
            "eps_4q_growth_year": 18.1,
            "roe": 4.35,
            "roe_4q": 16.439999999999998,
            "gross_profit": 463300,
            "gross_margin": 78.86,
            "gross_margin_4q_avg": 76.53,
            "net_income": 159252,
            "net_income_4q": null,
            "revenue": 587475,
            "revenue_4q": null,
            "common_shares": 2255000,
            "book_valuer_per_share": 16.6,
            "book_valuer_per_share_4q_avg": 16.57,
            "equity": 3744291,
            "current_ratio": 116.64,
            "debt_ratio": 77.44,
            "inventory_turnover_ratio": 0.25,
            "account_receivable_turnover_ratio": null,
            "reinvestment_rate": 17.05,
            "research_to_sale_ratio": null,
            "price_fair": 93.8,
            "eps_avg_yearly": 2.68,
            "eps_latest_yearly": 2.84,
            "eps_growth_yearly": 27.69
        },
        "20034": {
            "year_quarter": 20034,
            "year": 2003,
            "quarter": 4,
            "eps": 0.61,
            "eps_growth_year": 5.17,
            "eps_4q": 2.79,
            "eps_4q_growth_year": 13.84,
            "roe": 3.61,
            "roe_4q": 16.619999999999997,
            "gross_profit": 469385,
            "gross_margin": 79.17,
            "gross_margin_4q_avg": 77.86,
            "net_income": 137521,
            "net_income_4q": null,
            "revenue": 592848,
            "revenue_4q": null,
            "common_shares": 2255000,
            "book_valuer_per_share": 17.21,
            "book_valuer_per_share_4q_avg": 16.75,
            "equity": 3881812,
            "current_ratio": 113.39,
            "debt_ratio": 79.91,
            "inventory_turnover_ratio": 0.57,
            "account_receivable_turnover_ratio": null,
            "reinvestment_rate": 15.58,
            "research_to_sale_ratio": null,
            "price_fair": 72.05,
            "eps_avg_yearly": 2.65,
            "eps_latest_yearly": 2.44,
            "eps_growth_yearly": 17.19
        },
        "20041": {
            "year_quarter": 20041,
            "year": 2004,
            "quarter": 1,
            "eps": 0.87,
            "eps_growth_year": 16,
            "eps_4q": 2.91,
            "eps_4q_growth_year": 15.09,
            "roe": 4.92,
            "roe_4q": 17.25,
            "gross_profit": 469409,
            "gross_margin": 79.04,
            "gross_margin_4q_avg": 78.46,
            "net_income": 195900,
            "net_income_4q": null,
            "revenue": 593873,
            "revenue_4q": null,
            "common_shares": 2255000,
            "book_valuer_per_share": 18.08,
            "book_valuer_per_share_4q_avg": 16.95,
            "equity": 4077712,
            "current_ratio": 114.28,
            "debt_ratio": 77.33,
            "inventory_turnover_ratio": 0.75,
            "account_receivable_turnover_ratio": null,
            "reinvestment_rate": 12.31,
            "research_to_sale_ratio": null,
            "price_fair": 95.98,
            "eps_avg_yearly": 2.74,
            "eps_latest_yearly": 3.48,
            "eps_growth_yearly": 34.22
        },
        "20042": {
            "year_quarter": 20042,
            "year": 2004,
            "quarter": 2,
            "eps": 0.93,
            "eps_growth_year": 27.4,
            "eps_4q": 3.01,
            "eps_4q_growth_year": 10.46,
            "roe": 5.56,
            "roe_4q": 18.439999999999998,
            "gross_profit": 468216,
            "gross_margin": 79.01,
            "gross_margin_4q_avg": 79.02,
            "net_income": 219896,
            "net_income_4q": null,
            "revenue": 592580,
            "revenue_4q": null,
            "common_shares": 2255000,
            "book_valuer_per_share": 17,
            "book_valuer_per_share_4q_avg": 17.22,
            "equity": 3833907,
            "current_ratio": 110.76,
            "debt_ratio": 80.78,
            "inventory_turnover_ratio": 0.13,
            "account_receivable_turnover_ratio": null,
            "reinvestment_rate": 7.99,
            "research_to_sale_ratio": null,
            "price_fair": 99.4,
            "eps_avg_yearly": 2.84,
            "eps_latest_yearly": 3.72,
            "eps_growth_yearly": 33.56
        },
        "20043": {
            "year_quarter": 20043,
            "year": 2004,
            "quarter": 3,
            "eps": 0.87,
            "eps_growth_year": 22.54,
            "eps_4q": 3.22,
            "eps_4q_growth_year": 15.93,
            "roe": 5.21,
            "roe_4q": 19.3,
            "gross_profit": 468900,
            "gross_margin": 79.43,
            "gross_margin_4q_avg": 79.16,
            "net_income": 205164,
            "net_income_4q": null,
            "revenue": 590306,
            "revenue_4q": null,
            "common_shares": 2358000,
            "book_valuer_per_share": 17.13,
            "book_valuer_per_share_4q_avg": 17.36,
            "equity": 4039072,
            "current_ratio": 113.33,
            "debt_ratio": 78.54,
            "inventory_turnover_ratio": 0.1,
            "account_receivable_turnover_ratio": null,
            "reinvestment_rate": 4.76,
            "research_to_sale_ratio": null,
            "price_fair": 101.44,
            "eps_avg_yearly": 2.9,
            "eps_latest_yearly": 3.48,
            "eps_growth_yearly": 28.16
        },
        "20044": {
            "year_quarter": 20044,
            "year": 2004,
            "quarter": 4,
            "eps": 0.75,
            "eps_growth_year": 22.95,
            "eps_4q": 3.38,
            "eps_4q_growth_year": 21.06,
            "roe": 4.28,
            "roe_4q": 19.97,
            "gross_profit": 465897,
            "gross_margin": 79.23,
            "gross_margin_4q_avg": 79.18,
            "net_income": 176994,
            "net_income_4q": null,
            "revenue": 588042,
            "revenue_4q": null,
            "common_shares": 2358000,
            "book_valuer_per_share": 17.91,
            "book_valuer_per_share_4q_avg": 17.53,
            "equity": 4223087,
            "current_ratio": 113.68,
            "debt_ratio": 81.56,
            "inventory_turnover_ratio": 0.28,
            "account_receivable_turnover_ratio": null,
            "reinvestment_rate": 0.13,
            "research_to_sale_ratio": null,
            "price_fair": 90.74,
            "eps_avg_yearly": 2.91,
            "eps_latest_yearly": 3,
            "eps_growth_yearly": 21.22
        },
        "20051": {
            "year_quarter": 20051,
            "year": 2005,
            "quarter": 1,
            "eps": 0.87,
            "eps_growth_year": 0,
            "eps_4q": 3.42,
            "eps_4q_growth_year": 17.4,
            "roe": 4.75,
            "roe_4q": 19.8,
            "gross_profit": 464729,
            "gross_margin": 78.72,
            "gross_margin_4q_avg": 79.1,
            "net_income": 205285,
            "net_income_4q": null,
            "revenue": 590333,
            "revenue_4q": null,
            "common_shares": 2358000,
            "book_valuer_per_share": 18.78,
            "book_valuer_per_share_4q_avg": 17.71,
            "equity": 4428283,
            "current_ratio": 114.32,
            "debt_ratio": 78.97,
            "inventory_turnover_ratio": 0.29,
            "account_receivable_turnover_ratio": null,
            "reinvestment_rate": -3.39,
            "research_to_sale_ratio": null,
            "price_fair": 101.83,
            "eps_avg_yearly": 2.95,
            "eps_latest_yearly": 3.48,
            "eps_growth_yearly": 24.51
        },
        "20052": {
            "year_quarter": 20052,
            "year": 2005,
            "quarter": 2,
            "eps": 0.86,
            "eps_growth_year": -7.53,
            "eps_4q": 3.34,
            "eps_4q_growth_year": 10.73,
            "roe": 4.86,
            "roe_4q": 19.1,
            "gross_profit": 439262,
            "gross_margin": 78.09,
            "gross_margin_4q_avg": 78.87,
            "net_income": 203965,
            "net_income_4q": null,
            "revenue": 562530,
            "revenue_4q": null,
            "common_shares": 2358000,
            "book_valuer_per_share": 16.81,
            "book_valuer_per_share_4q_avg": 17.66,
            "equity": 3963761,
            "current_ratio": 111.28,
            "debt_ratio": 81.58,
            "inventory_turnover_ratio": 0.13,
            "account_receivable_turnover_ratio": null,
            "reinvestment_rate": -5.88,
            "research_to_sale_ratio": null,
            "price_fair": 96.83,
            "eps_avg_yearly": 2.99,
            "eps_latest_yearly": 3.44,
            "eps_growth_yearly": 22.43
        },
        "20053": {
            "year_quarter": 20053,
            "year": 2005,
            "quarter": 3,
            "eps": 0.66,
            "eps_growth_year": -24.14,
            "eps_4q": 3.16,
            "eps_4q_growth_year": -1.72,
            "roe": 3.83,
            "roe_4q": 17.720000000000002,
            "gross_profit": 423733,
            "gross_margin": 77.39,
            "gross_margin_4q_avg": 78.36,
            "net_income": 154704,
            "net_income_4q": null,
            "revenue": 547558,
            "revenue_4q": null,
            "common_shares": 2358000,
            "book_valuer_per_share": 17.47,
            "book_valuer_per_share_4q_avg": 17.74,
            "equity": 4118467,
            "current_ratio": 112.48,
            "debt_ratio": 80.36,
            "inventory_turnover_ratio": 0.13,
            "account_receivable_turnover_ratio": null,
            "reinvestment_rate": -5.12,
            "research_to_sale_ratio": null,
            "price_fair": 73.28,
            "eps_avg_yearly": 2.96,
            "eps_latest_yearly": 2.64,
            "eps_growth_yearly": 14.73
        },
        "20054": {
            "year_quarter": 20054,
            "year": 2005,
            "quarter": 4,
            "eps": 0.33,
            "eps_growth_year": -56,
            "eps_4q": 2.71,
            "eps_4q_growth_year": -19.95,
            "roe": 1.79,
            "roe_4q": 15.23,
            "gross_profit": 401922,
            "gross_margin": 76.02,
            "gross_margin_4q_avg": 77.56,
            "net_income": 78307,
            "net_income_4q": null,
            "revenue": 528701,
            "revenue_4q": null,
            "common_shares": 2358000,
            "book_valuer_per_share": 17.8,
            "book_valuer_per_share_4q_avg": 17.72,
            "equity": 4647995,
            "current_ratio": 97.29,
            "debt_ratio": 85.06,
            "inventory_turnover_ratio": 0.19,
            "account_receivable_turnover_ratio": null,
            "reinvestment_rate": 267.91,
            "research_to_sale_ratio": null,
            "price_fair": 32.35,
            "eps_avg_yearly": 2.86,
            "eps_latest_yearly": 1.32,
            "eps_growth_yearly": 1.31
        },
        "20061": {
            "year_quarter": 20061,
            "year": 2006,
            "quarter": 1,
            "eps": 0.42,
            "eps_growth_year": -51.72,
            "eps_4q": 2.29,
            "eps_4q_growth_year": -33.19,
            "roe": 2.2,
            "roe_4q": 12.68,
            "gross_profit": 373814,
            "gross_margin": 75.46,
            "gross_margin_4q_avg": 76.74,
            "net_income": 98364,
            "net_income_4q": null,
            "revenue": 495404,
            "revenue_4q": null,
            "common_shares": 2358000,
            "book_valuer_per_share": 18.22,
            "book_valuer_per_share_4q_avg": 17.58,
            "equity": 4295138,
            "current_ratio": 114.61,
            "debt_ratio": 78.23,
            "inventory_turnover_ratio": 0.11,
            "account_receivable_turnover_ratio": null,
            "reinvestment_rate": -9.23,
            "research_to_sale_ratio": null,
            "price_fair": 8.36,
            "eps_avg_yearly": 2.79,
            "eps_latest_yearly": 1.68,
            "eps_growth_yearly": -1.67
        },
        "20062": {
            "year_quarter": 20062,
            "year": 2006,
            "quarter": 2,
            "eps": 0.28,
            "eps_growth_year": -67.44,
            "eps_4q": 1.68,
            "eps_4q_growth_year": -49.57,
            "roe": 1.64,
            "roe_4q": 9.46,
            "gross_profit": 332187,
            "gross_margin": 72.79,
            "gross_margin_4q_avg": 75.42,
            "net_income": 66145,
            "net_income_4q": null,
            "revenue": 456353,
            "revenue_4q": null,
            "common_shares": 2358000,
            "book_valuer_per_share": 16.09,
            "book_valuer_per_share_4q_avg": 17.4,
            "equity": 3792930,
            "current_ratio": 111.21,
            "debt_ratio": 80.14,
            "inventory_turnover_ratio": 0.07,
            "account_receivable_turnover_ratio": null,
            "reinvestment_rate": -11.72,
            "research_to_sale_ratio": null,
            "price_fair": 8.16,
            "eps_avg_yearly": 2.72,
            "eps_latest_yearly": 1.12,
            "eps_growth_yearly": -4.37
        },
        "20063": {
            "year_quarter": 20063,
            "year": 2006,
            "quarter": 3,
            "eps": 0.26,
            "eps_growth_year": -60.61,
            "eps_4q": 1.29,
            "eps_4q_growth_year": -59.2,
            "roe": 1.6,
            "roe_4q": 7.23,
            "gross_profit": 293432,
            "gross_margin": 69.87,
            "gross_margin_4q_avg": 73.54,
            "net_income": 61307,
            "net_income_4q": null,
            "revenue": 419943,
            "revenue_4q": null,
            "common_shares": 2358000,
            "book_valuer_per_share": 16.35,
            "book_valuer_per_share_4q_avg": 17.12,
            "equity": 3854238,
            "current_ratio": 112.2,
            "debt_ratio": 78.91,
            "inventory_turnover_ratio": 0.06,
            "account_receivable_turnover_ratio": null,
            "reinvestment_rate": -13.96,
            "research_to_sale_ratio": null,
            "price_fair": 7.86,
            "eps_avg_yearly": 2.62,
            "eps_latest_yearly": 1.04,
            "eps_growth_yearly": -11.16
        },
        "20064": {
            "year_quarter": 20064,
            "year": 2006,
            "quarter": 4,
            "eps": 0.63,
            "eps_growth_year": 90.91,
            "eps_4q": 1.59,
            "eps_4q_growth_year": -41.1,
            "roe": 3.53,
            "roe_4q": 8.969999999999999,
            "gross_profit": 259631,
            "gross_margin": 67.82,
            "gross_margin_4q_avg": 71.49,
            "net_income": 147548,
            "net_income_4q": null,
            "revenue": 382831,
            "revenue_4q": null,
            "common_shares": 2358000,
            "book_valuer_per_share": 16.96,
            "book_valuer_per_share_4q_avg": 16.91,
            "equity": 4494643,
            "current_ratio": 96.89,
            "debt_ratio": 84.41,
            "inventory_turnover_ratio": 0.08,
            "account_receivable_turnover_ratio": null,
            "reinvestment_rate": 306.83,
            "research_to_sale_ratio": null,
            "price_fair": 92.14,
            "eps_avg_yearly": 2.63,
            "eps_latest_yearly": 2.52,
            "eps_growth_yearly": 27.45
        },
        "20071": {
            "year_quarter": 20071,
            "year": 2007,
            "quarter": 1,
            "eps": 0.53,
            "eps_growth_year": 26.19,
            "eps_4q": 1.71,
            "eps_4q_growth_year": -25.37,
            "roe": 2.88,
            "roe_4q": 9.65,
            "gross_profit": 234479,
            "gross_margin": 66.15,
            "gross_margin_4q_avg": 69.16,
            "net_income": 123949,
            "net_income_4q": null,
            "revenue": 354445,
            "revenue_4q": null,
            "common_shares": 2358000,
            "book_valuer_per_share": 17.5,
            "book_valuer_per_share_4q_avg": 16.73,
            "equity": 4125529,
            "current_ratio": 115.12,
            "debt_ratio": 74.66,
            "inventory_turnover_ratio": 0.1,
            "account_receivable_turnover_ratio": null,
            "reinvestment_rate": -17.63,
            "research_to_sale_ratio": null,
            "price_fair": 67.41,
            "eps_avg_yearly": 2.58,
            "eps_latest_yearly": 2.12,
            "eps_growth_yearly": 16.15
        },
        "20072": {
            "year_quarter": 20072,
            "year": 2007,
            "quarter": 2,
            "eps": 0.58,
            "eps_growth_year": 107.14,
            "eps_4q": 1.99,
            "eps_4q_growth_year": 18.36,
            "roe": 3.41,
            "roe_4q": 11.42,
            "gross_profit": 210047,
            "gross_margin": 62.82,
            "gross_margin_4q_avg": 66.67,
            "net_income": 136730,
            "net_income_4q": null,
            "revenue": 334377,
            "revenue_4q": null,
            "common_shares": 2358000,
            "book_valuer_per_share": 16.51,
            "book_valuer_per_share_4q_avg": 16.83,
            "equity": 3893795,
            "current_ratio": 113.36,
            "debt_ratio": 75.61,
            "inventory_turnover_ratio": 0.1,
            "account_receivable_turnover_ratio": null,
            "reinvestment_rate": -18.77,
            "research_to_sale_ratio": null,
            "price_fair": 74.11,
            "eps_avg_yearly": 2.54,
            "eps_latest_yearly": 2.32,
            "eps_growth_yearly": 19.18
        },
        "20073": {
            "year_quarter": 20073,
            "year": 2007,
            "quarter": 3,
            "eps": 0.52,
            "eps_growth_year": 100,
            "eps_4q": 2.26,
            "eps_4q_growth_year": 75.59,
            "roe": 3.08,
            "roe_4q": 12.9,
            "gross_profit": 192214,
            "gross_margin": 60.06,
            "gross_margin_4q_avg": 64.21,
            "net_income": 121668,
            "net_income_4q": null,
            "revenue": 320045,
            "revenue_4q": null,
            "common_shares": 2358000,
            "book_valuer_per_share": 17.03,
            "book_valuer_per_share_4q_avg": 17,
            "equity": 4016244,
            "current_ratio": 115.66,
            "debt_ratio": 72.89,
            "inventory_turnover_ratio": 0.12,
            "account_receivable_turnover_ratio": null,
            "reinvestment_rate": -17.71,
            "research_to_sale_ratio": null,
            "price_fair": 67.99,
            "eps_avg_yearly": 2.49,
            "eps_latest_yearly": 2.08,
            "eps_growth_yearly": 17.28
        },
        "20074": {
            "year_quarter": 20074,
            "year": 2007,
            "quarter": 4,
            "eps": 0.43,
            "eps_growth_year": -31.75,
            "eps_4q": 2.04,
            "eps_4q_growth_year": 28.04,
            "roe": 2.35,
            "roe_4q": 11.719999999999999,
            "gross_profit": 179801,
            "gross_margin": 58.94,
            "gross_margin_4q_avg": 61.99,
            "net_income": 102037,
            "net_income_4q": null,
            "revenue": 305058,
            "revenue_4q": null,
            "common_shares": 2358000,
            "book_valuer_per_share": 17.47,
            "book_valuer_per_share_4q_avg": 17.13,
            "equity": 4658116,
            "current_ratio": 95.01,
            "debt_ratio": 83.12,
            "inventory_turnover_ratio": 0.11,
            "account_receivable_turnover_ratio": null,
            "reinvestment_rate": 344.72,
            "research_to_sale_ratio": null,
            "price_fair": 64.79,
            "eps_avg_yearly": 2.45,
            "eps_latest_yearly": 1.72,
            "eps_growth_yearly": 16.47
        },
        "20081": {
            "year_quarter": 20081,
            "year": 2008,
            "quarter": 1,
            "eps": 0.56,
            "eps_growth_year": 5.66,
            "eps_4q": 1.72,
            "eps_4q_growth_year": 0.66,
            "roe": 3.45,
            "roe_4q": 12.290000000000001,
            "gross_profit": 421217,
            "gross_margin": 28.85,
            "gross_margin_4q_avg": 52.67,
            "net_income": 160773,
            "net_income_4q": null,
            "revenue": 1460180,
            "revenue_4q": null,
            "common_shares": 2358000,
            "book_valuer_per_share": 18.02,
            "book_valuer_per_share_4q_avg": 17.26,
            "equity": 4669038,
            "current_ratio": 92.35,
            "debt_ratio": 82.73,
            "inventory_turnover_ratio": 0.78,
            "account_receivable_turnover_ratio": null,
            "reinvestment_rate": 351.35,
            "research_to_sale_ratio": null,
            "price_fair": 55.39,
            "eps_avg_yearly": 2.37,
            "eps_latest_yearly": 2.24,
            "eps_growth_yearly": 13.37
        },
        "20082": {
            "year_quarter": 20082,
            "year": 2008,
            "quarter": 2,
            "eps": 0.57,
            "eps_growth_year": -1.72,
            "eps_4q": 1.9,
            "eps_4q_growth_year": -4.57,
            "roe": 3.28,
            "roe_4q": 12.16,
            "gross_profit": 410687,
            "gross_margin": 28.12,
            "gross_margin_4q_avg": 43.99,
            "net_income": 146965,
            "net_income_4q": null,
            "revenue": 1460726,
            "revenue_4q": null,
            "common_shares": 2358000,
            "book_valuer_per_share": 16.81,
            "book_valuer_per_share_4q_avg": 17.33,
            "equity": 4278862,
            "current_ratio": 88.8,
            "debt_ratio": 84.6,
            "inventory_turnover_ratio": 0.74,
            "account_receivable_turnover_ratio": null,
            "reinvestment_rate": 380.38,
            "research_to_sale_ratio": null,
            "price_fair": 50.38,
            "eps_avg_yearly": 2.28,
            "eps_latest_yearly": 2.28,
            "eps_growth_yearly": 12.1
        },
        "20083": {
            "year_quarter": 20083,
            "year": 2008,
            "quarter": 3,
            "eps": 0.48,
            "eps_growth_year": -7.69,
            "eps_4q": 1.79,
            "eps_4q_growth_year": -20.85,
            "roe": 2.97,
            "roe_4q": 12.049999999999999,
            "gross_profit": 425703,
            "gross_margin": 28.48,
            "gross_margin_4q_avg": 36.1,
            "net_income": 129023,
            "net_income_4q": null,
            "revenue": 1494861,
            "revenue_4q": null,
            "common_shares": 2358000,
            "book_valuer_per_share": 17.34,
            "book_valuer_per_share_4q_avg": 17.41,
            "equity": 4421032,
            "current_ratio": 89.4,
            "debt_ratio": 84.35,
            "inventory_turnover_ratio": 0.61,
            "account_receivable_turnover_ratio": null,
            "reinvestment_rate": 405.4,
            "research_to_sale_ratio": null,
            "price_fair": 43.13,
            "eps_avg_yearly": 2.18,
            "eps_latest_yearly": 1.92,
            "eps_growth_yearly": 9.76
        },
        "20084": {
            "year_quarter": 20084,
            "year": 2008,
            "quarter": 4,
            "eps": 0.4,
            "eps_growth_year": -6.98,
            "eps_4q": 1.81,
            "eps_4q_growth_year": -11.39,
            "roe": 2.34,
            "roe_4q": 12.04,
            "gross_profit": 421132,
            "gross_margin": 28.18,
            "gross_margin_4q_avg": 28.41,
            "net_income": 104844,
            "net_income_4q": null,
            "revenue": 1494272,
            "revenue_4q": null,
            "common_shares": 2358000,
            "book_valuer_per_share": 17.78,
            "book_valuer_per_share_4q_avg": 17.49,
            "equity": 4537289,
            "current_ratio": 87.93,
            "debt_ratio": 83.68,
            "inventory_turnover_ratio": 0.61,
            "account_receivable_turnover_ratio": 0.2,
            "reinvestment_rate": 403.08,
            "research_to_sale_ratio": null,
            "price_fair": 39.89,
            "eps_avg_yearly": 2.1,
            "eps_latest_yearly": 1.6,
            "eps_growth_yearly": 9.04
        },
        "20091": {
            "year_quarter": 20091,
            "year": 2009,
            "quarter": 1,
            "eps": 0.72,
            "eps_growth_year": 28.57,
            "eps_4q": 1.93,
            "eps_4q_growth_year": 12.4,
            "roe": 4.12,
            "roe_4q": 12.709999999999999,
            "gross_profit": 557546,
            "gross_margin": 36.48,
            "gross_margin_4q_avg": 30.32,
            "net_income": 190984,
            "net_income_4q": null,
            "revenue": 1528437,
            "revenue_4q": null,
            "common_shares": 2358000,
            "book_valuer_per_share": 18.54,
            "book_valuer_per_share_4q_avg": 17.62,
            "equity": 4739669,
            "current_ratio": 90.41,
            "debt_ratio": 82.37,
            "inventory_turnover_ratio": 0.82,
            "account_receivable_turnover_ratio": 0.1,
            "reinvestment_rate": 397.26,
            "research_to_sale_ratio": null,
            "price_fair": 72.01,
            "eps_avg_yearly": 2.06,
            "eps_latest_yearly": 2.88,
            "eps_growth_yearly": 25.04
        },
        "20092": {
            "year_quarter": 20092,
            "year": 2009,
            "quarter": 2,
            "eps": 0.87,
            "eps_growth_year": 52.63,
            "eps_4q": 2.21,
            "eps_4q_growth_year": 16.05,
            "roe": 4.97,
            "roe_4q": 14.4,
            "gross_profit": 610944,
            "gross_margin": 39.97,
            "gross_margin_4q_avg": 33.28,
            "net_income": 230501,
            "net_income_4q": null,
            "revenue": 1528510,
            "revenue_4q": null,
            "common_shares": 2358000,
            "book_valuer_per_share": 17.69,
            "book_valuer_per_share_4q_avg": 17.84,
            "equity": 4536885,
            "current_ratio": 92.48,
            "debt_ratio": 83.83,
            "inventory_turnover_ratio": 1.2,
            "account_receivable_turnover_ratio": 0.1,
            "reinvestment_rate": 397.62,
            "research_to_sale_ratio": null,
            "price_fair": 72.1,
            "eps_avg_yearly": 2.06,
            "eps_latest_yearly": 3.48,
            "eps_growth_yearly": 30.54
        },
        "20093": {
            "year_quarter": 20093,
            "year": 2009,
            "quarter": 3,
            "eps": 0.83,
            "eps_growth_year": 72.92,
            "eps_4q": 2.52,
            "eps_4q_growth_year": 40.72,
            "roe": 4.73,
            "roe_4q": 16.16,
            "gross_profit": 629557,
            "gross_margin": 40.83,
            "gross_margin_4q_avg": 36.37,
            "net_income": 219618,
            "net_income_4q": null,
            "revenue": 1541734,
            "revenue_4q": null,
            "common_shares": 2358000,
            "book_valuer_per_share": 18.5,
            "book_valuer_per_share_4q_avg": 18.13,
            "equity": 4749692,
            "current_ratio": 94,
            "debt_ratio": 83.12,
            "inventory_turnover_ratio": 1.57,
            "account_receivable_turnover_ratio": 0.1,
            "reinvestment_rate": 393.16,
            "research_to_sale_ratio": null,
            "price_fair": 73.59,
            "eps_avg_yearly": 2.1,
            "eps_latest_yearly": 3.32,
            "eps_growth_yearly": 35.2
        },
        "20094": {
            "year_quarter": 20094,
            "year": 2009,
            "quarter": 4,
            "eps": 0.61,
            "eps_growth_year": 52.5,
            "eps_4q": 3.04,
            "eps_4q_growth_year": 68.08,
            "roe": 3.2,
            "roe_4q": 17.02,
            "gross_profit": 630527,
            "gross_margin": 39.98,
            "gross_margin_4q_avg": 39.32,
            "net_income": 154585,
            "net_income_4q": null,
            "revenue": 1577222,
            "revenue_4q": null,
            "common_shares": 2358000,
            "book_valuer_per_share": 19.08,
            "book_valuer_per_share_4q_avg": 18.45,
            "equity": 4897270,
            "current_ratio": 92.46,
            "debt_ratio": 83.37,
            "inventory_turnover_ratio": 3.48,
            "account_receivable_turnover_ratio": 0.18,
            "reinvestment_rate": 68.52,
            "research_to_sale_ratio": null,
            "price_fair": 76.04,
            "eps_avg_yearly": 2.17,
            "eps_latest_yearly": 2.44,
            "eps_growth_yearly": 41.08
        },
        "20101": {
            "year_quarter": 20101,
            "year": 2010,
            "quarter": 1,
            "eps": 1.02,
            "eps_growth_year": 41.67,
            "eps_4q": 3.34,
            "eps_4q_growth_year": 73.18,
            "roe": 5.35,
            "roe_4q": 18.25,
            "gross_profit": 666993,
            "gross_margin": 41.28,
            "gross_margin_4q_avg": 40.52,
            "net_income": 268963,
            "net_income_4q": null,
            "revenue": 1615827,
            "revenue_4q": null,
            "common_shares": 2358000,
            "book_valuer_per_share": 20.1,
            "book_valuer_per_share_4q_avg": 18.84,
            "equity": 5163879,
            "current_ratio": 93.23,
            "debt_ratio": 83.38,
            "inventory_turnover_ratio": 4.33,
            "account_receivable_turnover_ratio": 0.09,
            "reinvestment_rate": 397.86,
            "research_to_sale_ratio": null,
            "price_fair": 81.29,
            "eps_avg_yearly": 2.32,
            "eps_latest_yearly": 4.08,
            "eps_growth_yearly": 51.06
        },
        "20102": {
            "year_quarter": 20102,
            "year": 2010,
            "quarter": 2,
            "eps": 1.32,
            "eps_growth_year": 52.07,
            "eps_4q": 3.79,
            "eps_4q_growth_year": 71.85,
            "roe": 6.88,
            "roe_4q": 20.16,
            "gross_profit": 667659,
            "gross_margin": 40.37,
            "gross_margin_4q_avg": 40.62,
            "net_income": 342814,
            "net_income_4q": null,
            "revenue": 1653792,
            "revenue_4q": null,
            "common_shares": 2358000,
            "book_valuer_per_share": 18.75,
            "book_valuer_per_share_4q_avg": 19.11,
            "equity": 4806437,
            "current_ratio": 90.61,
            "debt_ratio": 85.65,
            "inventory_turnover_ratio": 3.09,
            "account_receivable_turnover_ratio": 0.08,
            "reinvestment_rate": 384.28,
            "research_to_sale_ratio": null,
            "price_fair": 90.39,
            "eps_avg_yearly": 2.58,
            "eps_latest_yearly": 5.28,
            "eps_growth_yearly": 66.75
        },
        "20103": {
            "year_quarter": 20103,
            "year": 2010,
            "quarter": 3,
            "eps": 1.3,
            "eps_growth_year": 56.17,
            "eps_4q": 4.25,
            "eps_4q_growth_year": 68.62,
            "roe": 6.64,
            "roe_4q": 22.069999999999997,
            "gross_profit": 693707,
            "gross_margin": 40.52,
            "gross_margin_4q_avg": 40.54,
            "net_income": 330005,
            "net_income_4q": null,
            "revenue": 1712151,
            "revenue_4q": null,
            "common_shares": 2358000,
            "book_valuer_per_share": 20.01,
            "book_valuer_per_share_4q_avg": 19.49,
            "equity": 5128664,
            "current_ratio": 90.98,
            "debt_ratio": 85.81,
            "inventory_turnover_ratio": 2.39,
            "account_receivable_turnover_ratio": 0.08,
            "reinvestment_rate": 374.06,
            "research_to_sale_ratio": null,
            "price_fair": 99.49,
            "eps_avg_yearly": 2.84,
            "eps_latest_yearly": 5.2,
            "eps_growth_yearly": 68.15
        },
        "20104": {
            "year_quarter": 20104,
            "year": 2010,
            "quarter": 4,
            "eps": 0.89,
            "eps_growth_year": 46.5,
            "eps_4q": 4.54,
            "eps_4q_growth_year": 49.24,
            "roe": 4.35,
            "roe_4q": 23.22,
            "gross_profit": 693689,
            "gross_margin": 37.94,
            "gross_margin_4q_avg": 40.03,
            "net_income": 231638,
            "net_income_4q": null,
            "revenue": 1828155,
            "revenue_4q": null,
            "common_shares": 2358000,
            "book_valuer_per_share": 20.75,
            "book_valuer_per_share_4q_avg": 19.9,
            "equity": 5513753,
            "current_ratio": 93.71,
            "debt_ratio": 85.53,
            "inventory_turnover_ratio": 3.83,
            "account_receivable_turnover_ratio": 0.08,
            "reinvestment_rate": 94.41,
            "research_to_sale_ratio": null,
            "price_fair": 100.87,
            "eps_avg_yearly": 2.91,
            "eps_latest_yearly": 3.56,
            "eps_growth_yearly": 24.69
        },
        "20111": {
            "year_quarter": 20111,
            "year": 2011,
            "quarter": 1,
            "eps": 1.31,
            "eps_growth_year": 28.43,
            "eps_4q": 4.82,
            "eps_4q_growth_year": 44.21,
            "roe": 5.97,
            "roe_4q": 23.84,
            "gross_profit": 783675,
            "gross_margin": 41.05,
            "gross_margin_4q_avg": 39.97,
            "net_income": 339339,
            "net_income_4q": null,
            "revenue": 1909248,
            "revenue_4q": null,
            "common_shares": 2358000,
            "book_valuer_per_share": 22.09,
            "book_valuer_per_share_4q_avg": 20.4,
            "equity": 5859292,
            "current_ratio": 92.94,
            "debt_ratio": 86.15,
            "inventory_turnover_ratio": 4.06,
            "account_receivable_turnover_ratio": 0.08,
            "reinvestment_rate": 379.38,
            "research_to_sale_ratio": null,
            "price_fair": 108.59,
            "eps_avg_yearly": 3.1,
            "eps_latest_yearly": 5.24,
            "eps_growth_yearly": 40.46
        },
        "20112": {
            "year_quarter": 20112,
            "year": 2011,
            "quarter": 2,
            "eps": 0.68,
            "eps_growth_year": -48.58,
            "eps_4q": 4.18,
            "eps_4q_growth_year": 10.2,
            "roe": 3.38,
            "roe_4q": 20.34,
            "gross_profit": 791720,
            "gross_margin": 39.77,
            "gross_margin_4q_avg": 39.82,
            "net_income": 189086,
            "net_income_4q": null,
            "revenue": 1990587,
            "revenue_4q": null,
            "common_shares": 2358000,
            "book_valuer_per_share": 19.94,
            "book_valuer_per_share_4q_avg": 20.7,
            "equity": 5315983,
            "current_ratio": 91.51,
            "debt_ratio": 88.22,
            "inventory_turnover_ratio": 1.99,
            "account_receivable_turnover_ratio": 0.07,
            "reinvestment_rate": 396.6,
            "research_to_sale_ratio": null,
            "price_fair": 109.46,
            "eps_avg_yearly": 3.13,
            "eps_latest_yearly": 2.72,
            "eps_growth_yearly": 26.08
        },
        "20113": {
            "year_quarter": 20113,
            "year": 2011,
            "quarter": 3,
            "eps": 1.2,
            "eps_growth_year": -7.12,
            "eps_4q": 4.08,
            "eps_4q_growth_year": -3.96,
            "roe": 5.68,
            "roe_4q": 19.379999999999995,
            "gross_profit": 823525,
            "gross_margin": 39.03,
            "gross_margin_4q_avg": 39.45,
            "net_income": 312430,
            "net_income_4q": null,
            "revenue": 2109845,
            "revenue_4q": null,
            "common_shares": 2358000,
            "book_valuer_per_share": 21.35,
            "book_valuer_per_share_4q_avg": 21.03,
            "equity": 5682214,
            "current_ratio": 92.71,
            "debt_ratio": 88.25,
            "inventory_turnover_ratio": 1.8,
            "account_receivable_turnover_ratio": 0.07,
            "reinvestment_rate": 390.88,
            "research_to_sale_ratio": null,
            "price_fair": 115.41,
            "eps_avg_yearly": 3.3,
            "eps_latest_yearly": 4.8,
            "eps_growth_yearly": 47.78
        },
        "20114": {
            "year_quarter": 20114,
            "year": 2011,
            "quarter": 4,
            "eps": 0.97,
            "eps_growth_year": 8.86,
            "eps_4q": 4.16,
            "eps_4q_growth_year": -8.23,
            "roe": 4.41,
            "roe_4q": 19.439999999999998,
            "gross_profit": 886827,
            "gross_margin": 39.68,
            "gross_margin_4q_avg": 39.88,
            "net_income": 255962,
            "net_income_4q": null,
            "revenue": 2234733,
            "revenue_4q": null,
            "common_shares": 2358000,
            "book_valuer_per_share": 22.32,
            "book_valuer_per_share_4q_avg": 21.43,
            "equity": 5935778,
            "current_ratio": 93.38,
            "debt_ratio": 88.29,
            "inventory_turnover_ratio": 2.42,
            "account_receivable_turnover_ratio": 0.07,
            "reinvestment_rate": 139.52,
            "research_to_sale_ratio": null,
            "price_fair": 120.14,
            "eps_avg_yearly": 3.43,
            "eps_latest_yearly": 3.88,
            "eps_growth_yearly": 47.32
        },
        "20121": {
            "year_quarter": 20121,
            "year": 2012,
            "quarter": 1,
            "eps": 1.3,
            "eps_growth_year": -0.76,
            "eps_4q": 4.16,
            "eps_4q_growth_year": -13.7,
            "roe": 5.61,
            "roe_4q": 19.08,
            "gross_profit": 962811,
            "gross_margin": 40.69,
            "gross_margin_4q_avg": 39.79,
            "net_income": 342234,
            "net_income_4q": null,
            "revenue": 2366310,
            "revenue_4q": null,
            "common_shares": 2358000,
            "book_valuer_per_share": 23.54,
            "book_valuer_per_share_4q_avg": 21.79,
            "equity": 6254579,
            "current_ratio": 84.58,
            "debt_ratio": 88.42,
            "inventory_turnover_ratio": 2.05,
            "account_receivable_turnover_ratio": 0.07,
            "reinvestment_rate": 150.43,
            "research_to_sale_ratio": null,
            "price_fair": 126.61,
            "eps_avg_yearly": 3.62,
            "eps_latest_yearly": 5.2,
            "eps_growth_yearly": 48.26
        },
        "20122": {
            "year_quarter": 20122,
            "year": 2012,
            "quarter": 2,
            "eps": 1.38,
            "eps_growth_year": 103.49,
            "eps_4q": 4.86,
            "eps_4q_growth_year": 16.44,
            "roe": 5.71,
            "roe_4q": 21.41,
            "gross_profit": 1029186,
            "gross_margin": 41.4,
            "gross_margin_4q_avg": 40.2,
            "net_income": 357142,
            "net_income_4q": null,
            "revenue": 2485858,
            "revenue_4q": null,
            "common_shares": 2358000,
            "book_valuer_per_share": 23.71,
            "book_valuer_per_share_4q_avg": 22.73,
            "equity": 6255284,
            "current_ratio": 84.89,
            "debt_ratio": 89.19,
            "inventory_turnover_ratio": 1.3,
            "account_receivable_turnover_ratio": 0.07,
            "reinvestment_rate": 146.08,
            "research_to_sale_ratio": null,
            "price_fair": 133.7,
            "eps_avg_yearly": 3.82,
            "eps_latest_yearly": 5.52,
            "eps_growth_yearly": 49.36
        },
        "20123": {
            "year_quarter": 20123,
            "year": 2012,
            "quarter": 3,
            "eps": 1.41,
            "eps_growth_year": 17.38,
            "eps_4q": 5.07,
            "eps_4q_growth_year": 24.19,
            "roe": 5.69,
            "roe_4q": 21.42,
            "gross_profit": 1102668,
            "gross_margin": 42.22,
            "gross_margin_4q_avg": 41,
            "net_income": 365701,
            "net_income_4q": null,
            "revenue": 2611886,
            "revenue_4q": null,
            "common_shares": 2358000,
            "book_valuer_per_share": 25.03,
            "book_valuer_per_share_4q_avg": 23.65,
            "equity": 6596923,
            "current_ratio": 85.73,
            "debt_ratio": 88.91,
            "inventory_turnover_ratio": 1.25,
            "account_receivable_turnover_ratio": 0.07,
            "reinvestment_rate": 140.4,
            "research_to_sale_ratio": null,
            "price_fair": 141.84,
            "eps_avg_yearly": 4.05,
            "eps_latest_yearly": 5.64,
            "eps_growth_yearly": 53.85
        },
        "20124": {
            "year_quarter": 20124,
            "year": 2012,
            "quarter": 4,
            "eps": 0.84,
            "eps_growth_year": -13.87,
            "eps_4q": 4.94,
            "eps_4q_growth_year": 18.59,
            "roe": 3.32,
            "roe_4q": 20.33,
            "gross_profit": 1132563,
            "gross_margin": 41.8,
            "gross_margin_4q_avg": 41.53,
            "net_income": 222346,
            "net_income_4q": null,
            "revenue": 2709189,
            "revenue_4q": null,
            "common_shares": 2358000,
            "book_valuer_per_share": 25.85,
            "book_valuer_per_share_4q_avg": 24.53,
            "equity": 6813657,
            "current_ratio": 95.9,
            "debt_ratio": 88.69,
            "inventory_turnover_ratio": 1.64,
            "account_receivable_turnover_ratio": 0.07,
            "reinvestment_rate": 153.68,
            "research_to_sale_ratio": null,
            "price_fair": 145.69,
            "eps_avg_yearly": 4.16,
            "eps_latest_yearly": 3.36,
            "eps_growth_yearly": 47.91
        },
        "20131": {
            "year_quarter": 20131,
            "year": 2013,
            "quarter": 1,
            "eps": 1.62,
            "eps_growth_year": 24.62,
            "eps_4q": 5.19,
            "eps_4q_growth_year": 24.66,
            "roe": 5.81,
            "roe_4q": 20.53,
            "gross_profit": 1181029,
            "gross_margin": 33.78,
            "gross_margin_4q_avg": 39.8,
            "net_income": 414191,
            "net_income_4q": null,
            "revenue": 3496126,
            "revenue_4q": null,
            "common_shares": 2358000,
            "book_valuer_per_share": 28.45,
            "book_valuer_per_share_4q_avg": 25.76,
            "equity": 7454515,
            "current_ratio": 86.19,
            "debt_ratio": 88.07,
            "inventory_turnover_ratio": 1.96,
            "account_receivable_turnover_ratio": 0.09,
            "reinvestment_rate": 159.5,
            "research_to_sale_ratio": null,
            "price_fair": 153.56,
            "eps_avg_yearly": 4.39,
            "eps_latest_yearly": 6.48,
            "eps_growth_yearly": 51.12
        },
        "20132": {
            "year_quarter": 20132,
            "year": 2013,
            "quarter": 2,
            "eps": 1.53,
            "eps_growth_year": 10.52,
            "eps_4q": 5.35,
            "eps_4q_growth_year": 9.9,
            "roe": 5.43,
            "roe_4q": 20.25,
            "gross_profit": 1217778,
            "gross_margin": 33.92,
            "gross_margin_4q_avg": 37.93,
            "net_income": 394736,
            "net_income_4q": null,
            "revenue": 3590615,
            "revenue_4q": null,
            "common_shares": 2392614,
            "book_valuer_per_share": 26.81,
            "book_valuer_per_share_4q_avg": 26.54,
            "equity": 7078596,
            "current_ratio": 85.76,
            "debt_ratio": 88.87,
            "inventory_turnover_ratio": 1.8,
            "account_receivable_turnover_ratio": 0.09,
            "reinvestment_rate": 155.63,
            "research_to_sale_ratio": null,
            "price_fair": 159.34,
            "eps_avg_yearly": 4.55,
            "eps_latest_yearly": 6.12,
            "eps_growth_yearly": 44.52
        },
        "20133": {
            "year_quarter": 20133,
            "year": 2013,
            "quarter": 3,
            "eps": 1.47,
            "eps_growth_year": 4.03,
            "eps_4q": 5.4,
            "eps_4q_growth_year": 6.38,
            "roe": 5.22,
            "roe_4q": 19.779999999999998,
            "gross_profit": 1279336,
            "gross_margin": 37.01,
            "gross_margin_4q_avg": 36.63,
            "net_income": 380922,
            "net_income_4q": null,
            "revenue": 3456868,
            "revenue_4q": null,
            "common_shares": 2396043,
            "book_valuer_per_share": 28.48,
            "book_valuer_per_share_4q_avg": 27.4,
            "equity": 7517031,
            "current_ratio": 87.15,
            "debt_ratio": 88.67,
            "inventory_turnover_ratio": 1.65,
            "account_receivable_turnover_ratio": 0.08,
            "reinvestment_rate": 147.9,
            "research_to_sale_ratio": null,
            "price_fair": 164.94,
            "eps_avg_yearly": 4.71,
            "eps_latest_yearly": 5.88,
            "eps_growth_yearly": 44.69
        },
        "20134": {
            "year_quarter": 20134,
            "year": 2013,
            "quarter": 4,
            "eps": 1.05,
            "eps_growth_year": 25.29,
            "eps_4q": 5.45,
            "eps_4q_growth_year": 10.45,
            "roe": 3.59,
            "roe_4q": 20.049999999999997,
            "gross_profit": 1314915,
            "gross_margin": 36.03,
            "gross_margin_4q_avg": 35.19,
            "net_income": 286358,
            "net_income_4q": null,
            "revenue": 3649403,
            "revenue_4q": null,
            "common_shares": 2406840,
            "book_valuer_per_share": 32.01,
            "book_valuer_per_share_4q_avg": 28.94,
            "equity": 8422845,
            "current_ratio": 89.68,
            "debt_ratio": 87.78,
            "inventory_turnover_ratio": 1.74,
            "account_receivable_turnover_ratio": 0.08,
            "reinvestment_rate": 130.3,
            "research_to_sale_ratio": null,
            "price_fair": 168.79,
            "eps_avg_yearly": 4.82,
            "eps_latest_yearly": 4.2,
            "eps_growth_yearly": 44.18
        },
        "20141": {
            "year_quarter": 20141,
            "year": 2014,
            "quarter": 1,
            "eps": 1.68,
            "eps_growth_year": 3.7,
            "eps_4q": 5.47,
            "eps_4q_growth_year": 5.43,
            "roe": 5,
            "roe_4q": 19.24,
            "gross_profit": 1443856,
            "gross_margin": 38.96,
            "gross_margin_4q_avg": 36.48,
            "net_income": 439355,
            "net_income_4q": null,
            "revenue": 3706153,
            "revenue_4q": null,
            "common_shares": 2500622,
            "book_valuer_per_share": 33.37,
            "book_valuer_per_share_4q_avg": 30.17,
            "equity": 9159924,
            "current_ratio": 91.51,
            "debt_ratio": 87.7,
            "inventory_turnover_ratio": 2.09,
            "account_receivable_turnover_ratio": 0.08,
            "reinvestment_rate": 121.36,
            "research_to_sale_ratio": null,
            "price_fair": 174.56,
            "eps_avg_yearly": 4.99,
            "eps_latest_yearly": 6.72,
            "eps_growth_yearly": 42.37
        },
        "20142": {
            "year_quarter": 20142,
            "year": 2014,
            "quarter": 2,
            "eps": 1.72,
            "eps_growth_year": 12.42,
            "eps_4q": 5.7,
            "eps_4q_growth_year": 6.64,
            "roe": 5.35,
            "roe_4q": 19.16,
            "gross_profit": 1488801,
            "gross_margin": 39.22,
            "gross_margin_4q_avg": 37.81,
            "net_income": 469148,
            "net_income_4q": null,
            "revenue": 3796011,
            "revenue_4q": null,
            "common_shares": 2534619,
            "book_valuer_per_share": 30.12,
            "book_valuer_per_share_4q_avg": 31,
            "equity": 8374840,
            "current_ratio": 89.75,
            "debt_ratio": 89.39,
            "inventory_turnover_ratio": 1.76,
            "account_receivable_turnover_ratio": 0.07,
            "reinvestment_rate": 109.1,
            "research_to_sale_ratio": null,
            "price_fair": 178.06,
            "eps_avg_yearly": 5.09,
            "eps_latest_yearly": 6.88,
            "eps_growth_yearly": 35.62
        },
        "20143": {
            "year_quarter": 20143,
            "year": 2014,
            "quarter": 3,
            "eps": 1.47,
            "eps_growth_year": 0,
            "eps_4q": 5.7,
            "eps_4q_growth_year": 5.55,
            "roe": 4.7,
            "roe_4q": 18.64,
            "gross_profit": 1582255,
            "gross_margin": 39.88,
            "gross_margin_4q_avg": 38.52,
            "net_income": 411678,
            "net_income_4q": null,
            "revenue": 3967048,
            "revenue_4q": null,
            "common_shares": 2556377,
            "book_valuer_per_share": 32.76,
            "book_valuer_per_share_4q_avg": 32.07,
            "equity": 9151480,
            "current_ratio": 90.82,
            "debt_ratio": 89.08,
            "inventory_turnover_ratio": 1.24,
            "account_receivable_turnover_ratio": 0.07,
            "reinvestment_rate": 96.9,
            "research_to_sale_ratio": null,
            "price_fair": 179.55,
            "eps_avg_yearly": 5.13,
            "eps_latest_yearly": 5.88,
            "eps_growth_yearly": 32.36
        },
        "20144": {
            "year_quarter": 20144,
            "year": 2014,
            "quarter": 4,
            "eps": 1.11,
            "eps_growth_year": 5.82,
            "eps_4q": 5.78,
            "eps_4q_growth_year": 5.92,
            "roe": 3.37,
            "roe_4q": 18.42,
            "gross_profit": 1614660,
            "gross_margin": 38.74,
            "gross_margin_4q_avg": 39.2,
            "net_income": 316632,
            "net_income_4q": null,
            "revenue": 4168125,
            "revenue_4q": null,
            "common_shares": 2608252,
            "book_valuer_per_share": 33.9,
            "book_valuer_per_share_4q_avg": 32.54,
            "equity": 9652394,
            "current_ratio": 89.91,
            "debt_ratio": 88.66,
            "inventory_turnover_ratio": 1.85,
            "account_receivable_turnover_ratio": 0.07,
            "reinvestment_rate": 90.51,
            "research_to_sale_ratio": null,
            "price_fair": 181.48,
            "eps_avg_yearly": 5.19,
            "eps_latest_yearly": 4.44,
            "eps_growth_yearly": 34.12
        },
        "20151": {
            "year_quarter": 20151,
            "year": 2015,
            "quarter": 1,
            "eps": 1.7,
            "eps_growth_year": 1.19,
            "eps_4q": 5.89,
            "eps_4q_growth_year": 7.69,
            "roe": 4.84,
            "roe_4q": 18.259999999999998,
            "gross_profit": 1678520,
            "gross_margin": 40.57,
            "gross_margin_4q_avg": 39.6,
            "net_income": 479613,
            "net_income_4q": null,
            "revenue": 4137741,
            "revenue_4q": null,
            "common_shares": 2621581,
            "book_valuer_per_share": 35.64,
            "book_valuer_per_share_4q_avg": 33.11,
            "equity": 10183053,
            "current_ratio": 92.56,
            "debt_ratio": 88.57,
            "inventory_turnover_ratio": 2.38,
            "account_receivable_turnover_ratio": 0.07,
            "reinvestment_rate": 73.34,
            "research_to_sale_ratio": null,
            "price_fair": 184.89,
            "eps_avg_yearly": 5.28,
            "eps_latest_yearly": 6.8,
            "eps_growth_yearly": 35.61
        },
        "20152": {
            "year_quarter": 20152,
            "year": 2015,
            "quarter": 2,
            "eps": 1.86,
            "eps_growth_year": 8.14,
            "eps_4q": 6.04,
            "eps_4q_growth_year": 5.93,
            "roe": 5.38,
            "roe_4q": 18.29,
            "gross_profit": 1708171,
            "gross_margin": 41.42,
            "gross_margin_4q_avg": 40.15,
            "net_income": 526263,
            "net_income_4q": null,
            "revenue": 4123814,
            "revenue_4q": null,
            "common_shares": 2640737,
            "book_valuer_per_share": 32.61,
            "book_valuer_per_share_4q_avg": 33.73,
            "equity": 9364205,
            "current_ratio": 92.18,
            "debt_ratio": 90.08,
            "inventory_turnover_ratio": 1.22,
            "account_receivable_turnover_ratio": 0.06,
            "reinvestment_rate": 60.62,
            "research_to_sale_ratio": null,
            "price_fair": 195.21,
            "eps_avg_yearly": 5.58,
            "eps_latest_yearly": 7.44,
            "eps_growth_yearly": 49.99
        },
        "20153": {
            "year_quarter": 20153,
            "year": 2015,
            "quarter": 3,
            "eps": 0.95,
            "eps_growth_year": -35.37,
            "eps_4q": 5.55,
            "eps_4q_growth_year": -2.53,
            "roe": 2.93,
            "roe_4q": 16.52,
            "gross_profit": 1721340,
            "gross_margin": 40.93,
            "gross_margin_4q_avg": 40.42,
            "net_income": 280291,
            "net_income_4q": null,
            "revenue": 4205067,
            "revenue_4q": null,
            "common_shares": 2668232,
            "book_valuer_per_share": 33.67,
            "book_valuer_per_share_4q_avg": 33.96,
            "equity": 9774322,
            "current_ratio": 92.93,
            "debt_ratio": 89.99,
            "inventory_turnover_ratio": 1.05,
            "account_receivable_turnover_ratio": 0.06,
            "reinvestment_rate": 52.9,
            "research_to_sale_ratio": null,
            "price_fair": 157.95,
            "eps_avg_yearly": 5.52,
            "eps_latest_yearly": 3.8,
            "eps_growth_yearly": 18.64
        },
        "20154": {
            "year_quarter": 20154,
            "year": 2015,
            "quarter": 4,
            "eps": 0.87,
            "eps_growth_year": -21.94,
            "eps_4q": 5.32,
            "eps_4q_growth_year": -7.92,
            "roe": 2.41,
            "roe_4q": 15.559999999999999,
            "gross_profit": 1730814,
            "gross_margin": 39.61,
            "gross_margin_4q_avg": 40.63,
            "net_income": 255863,
            "net_income_4q": null,
            "revenue": 4369311,
            "revenue_4q": null,
            "common_shares": 2672883,
            "book_valuer_per_share": 34.3,
            "book_valuer_per_share_4q_avg": 34.06,
            "equity": 11432764,
            "current_ratio": 95.07,
            "debt_ratio": 88.42,
            "inventory_turnover_ratio": 1.9,
            "account_receivable_turnover_ratio": 0.06,
            "reinvestment_rate": 41.5,
            "research_to_sale_ratio": null,
            "price_fair": 171.98,
            "eps_avg_yearly": 5.49,
            "eps_latest_yearly": 3.48,
            "eps_growth_yearly": 21.33
        },
        "20161": {
            "year_quarter": 20161,
            "year": 2016,
            "quarter": 1,
            "eps": 1.72,
            "eps_growth_year": 1.18,
            "eps_4q": 5.37,
            "eps_4q_growth_year": -8.8,
            "roe": 4.28,
            "roe_4q": 15,
            "gross_profit": 1770879,
            "gross_margin": 41.54,
            "gross_margin_4q_avg": 40.88,
            "net_income": 500459,
            "net_income_4q": null,
            "revenue": 4263162,
            "revenue_4q": null,
            "common_shares": 2679182,
            "book_valuer_per_share": 35.8,
            "book_valuer_per_share_4q_avg": 34.1,
            "equity": 11956911,
            "current_ratio": 95.57,
            "debt_ratio": 88.3,
            "inventory_turnover_ratio": 2.62,
            "account_receivable_turnover_ratio": 0.06,
            "reinvestment_rate": 31.17,
            "research_to_sale_ratio": null,
            "price_fair": 195.83,
            "eps_avg_yearly": 5.6,
            "eps_latest_yearly": 6.88,
            "eps_growth_yearly": 37.25
        },
        "20162": {
            "year_quarter": 20162,
            "year": 2016,
            "quarter": 2,
            "eps": 1.44,
            "eps_growth_year": -22.58,
            "eps_4q": 4.96,
            "eps_4q_growth_year": -17.85,
            "roe": 3.57,
            "roe_4q": 13.19,
            "gross_profit": 1814757,
            "gross_margin": 41.26,
            "gross_margin_4q_avg": 40.84,
            "net_income": 408327,
            "net_income_4q": null,
            "revenue": 4398450,
            "revenue_4q": null,
            "common_shares": 2683961,
            "book_valuer_per_share": 32.27,
            "book_valuer_per_share_4q_avg": 34.01,
            "equity": 10895897,
            "current_ratio": 94.62,
            "debt_ratio": 89.67,
            "inventory_turnover_ratio": 1.55,
            "account_receivable_turnover_ratio": 0.06,
            "reinvestment_rate": 24.54,
            "research_to_sale_ratio": null,
            "price_fair": 196.35,
            "eps_avg_yearly": 5.61,
            "eps_latest_yearly": 5.76,
            "eps_growth_yearly": 31.64
        },
        "20163": {
            "year_quarter": 20163,
            "year": 2016,
            "quarter": 3,
            "eps": 1.68,
            "eps_growth_year": 76.84,
            "eps_4q": 5.61,
            "eps_4q_growth_year": 1.05,
            "roe": 4.31,
            "roe_4q": 14.57,
            "gross_profit": 1901233,
            "gross_margin": 43.54,
            "gross_margin_4q_avg": 41.49,
            "net_income": 482549,
            "net_income_4q": null,
            "revenue": 4366854,
            "revenue_4q": null,
            "common_shares": 2687981,
            "book_valuer_per_share": 33.89,
            "book_valuer_per_share_4q_avg": 34.07,
            "equity": 11481945,
            "current_ratio": 95.77,
            "debt_ratio": 89.41,
            "inventory_turnover_ratio": 1.46,
            "account_receivable_turnover_ratio": 0.05,
            "reinvestment_rate": 15.47,
            "research_to_sale_ratio": null,
            "price_fair": 198.71,
            "eps_avg_yearly": 5.68,
            "eps_latest_yearly": 6.72,
            "eps_growth_yearly": 35.26
        },
        "20164": {
            "year_quarter": 20164,
            "year": 2016,
            "quarter": 4,
            "eps": 1.56,
            "eps_growth_year": 79.81,
            "eps_4q": 6.31,
            "eps_4q_growth_year": 18.64,
            "roe": 3.82,
            "roe_4q": 15.98,
            "gross_profit": 2008402,
            "gross_margin": 44.18,
            "gross_margin_4q_avg": 42.63,
            "net_income": 446302,
            "net_income_4q": null,
            "revenue": 4545787,
            "revenue_4q": null,
            "common_shares": 2746292,
            "book_valuer_per_share": 35.3,
            "book_valuer_per_share_4q_avg": 34.32,
            "equity": 11893540,
            "current_ratio": 95.72,
            "debt_ratio": 89.32,
            "inventory_turnover_ratio": 2.82,
            "account_receivable_turnover_ratio": 0.05,
            "reinvestment_rate": 8.6,
            "research_to_sale_ratio": null,
            "price_fair": 205.01,
            "eps_avg_yearly": 5.86,
            "eps_latest_yearly": 6.24,
            "eps_growth_yearly": 43.58
        },
        "20171": {
            "year_quarter": 20171,
            "year": 2017,
            "quarter": 1,
            "eps": 1.97,
            "eps_growth_year": 14.53,
            "eps_4q": 6.6,
            "eps_4q_growth_year": 22.93,
            "roe": 4.87,
            "roe_4q": 16.57,
            "gross_profit": 2046592,
            "gross_margin": 44.41,
            "gross_margin_4q_avg": 43.35,
            "net_income": 586522,
            "net_income_4q": null,
            "revenue": 4608102,
            "revenue_4q": null,
            "common_shares": 2746292,
            "book_valuer_per_share": 36.54,
            "book_valuer_per_share_4q_avg": 34.5,
            "equity": 12197040,
            "current_ratio": 95.57,
            "debt_ratio": 89.4,
            "inventory_turnover_ratio": 2.96,
            "account_receivable_turnover_ratio": 0.05,
            "reinvestment_rate": 7.63,
            "research_to_sale_ratio": null,
            "price_fair": 208.08,
            "eps_avg_yearly": 5.95,
            "eps_latest_yearly": 7.88,
            "eps_growth_yearly": 26.94
        },
        "20172": {
            "year_quarter": 20172,
            "year": 2017,
            "quarter": 2,
            "eps": 2.14,
            "eps_growth_year": 48.61,
            "eps_4q": 7.33,
            "eps_4q_growth_year": 47.82,
            "roe": 5.36,
            "roe_4q": 18.36,
            "gross_profit": 2096730,
            "gross_margin": 42.74,
            "gross_margin_4q_avg": 43.72,
            "net_income": 634433,
            "net_income_4q": null,
            "revenue": 4905645,
            "revenue_4q": null,
            "common_shares": 2746292,
            "book_valuer_per_share": 34.15,
            "book_valuer_per_share_4q_avg": 34.97,
            "equity": 11491480,
            "current_ratio": 94.98,
            "debt_ratio": 90.61,
            "inventory_turnover_ratio": 1.55,
            "account_receivable_turnover_ratio": 0.05,
            "reinvestment_rate": 13.43,
            "research_to_sale_ratio": null,
            "price_fair": 213.41,
            "eps_avg_yearly": 6.1,
            "eps_latest_yearly": 8.56,
            "eps_growth_yearly": 30.48
        },
        "20173": {
            "year_quarter": 20173,
            "year": 2017,
            "quarter": 3,
            "eps": 2.09,
            "eps_growth_year": 24.4,
            "eps_4q": 7.76,
            "eps_4q_growth_year": 38.36,
            "roe": 5.01,
            "roe_4q": 19.060000000000002,
            "gross_profit": 2190316,
            "gross_margin": 46.07,
            "gross_margin_4q_avg": 44.35,
            "net_income": 622428,
            "net_income_4q": null,
            "revenue": 4754586,
            "revenue_4q": null,
            "common_shares": 2746292,
            "book_valuer_per_share": 36.41,
            "book_valuer_per_share_4q_avg": 35.6,
            "equity": 13344078,
            "current_ratio": 96.33,
            "debt_ratio": 89.81,
            "inventory_turnover_ratio": 1.37,
            "account_receivable_turnover_ratio": 0.05,
            "reinvestment_rate": 23.66,
            "research_to_sale_ratio": null,
            "price_fair": 218.84,
            "eps_avg_yearly": 6.25,
            "eps_latest_yearly": 8.36,
            "eps_growth_yearly": 30.88
        },
        "20174": {
            "year_quarter": 20174,
            "year": 2017,
            "quarter": 4,
            "eps": 2.26,
            "eps_growth_year": 44.94,
            "eps_4q": 8.46,
            "eps_4q_growth_year": 34.11,
            "roe": 5.02,
            "roe_4q": 20.26,
            "gross_profit": 2310359,
            "gross_margin": 44.31,
            "gross_margin_4q_avg": 44.38,
            "net_income": 685898,
            "net_income_4q": null,
            "revenue": 5213772,
            "revenue_4q": null,
            "common_shares": 2746292,
            "book_valuer_per_share": 38.6,
            "book_valuer_per_share_4q_avg": 36.43,
            "equity": 14006460,
            "current_ratio": 97.3,
            "debt_ratio": 89.72,
            "inventory_turnover_ratio": 2.83,
            "account_receivable_turnover_ratio": 0.05,
            "reinvestment_rate": 28.79,
            "research_to_sale_ratio": null,
            "price_fair": 229.43,
            "eps_avg_yearly": 6.56,
            "eps_latest_yearly": 9.04,
            "eps_growth_yearly": 40.06
        },
        "20181": {
            "year_quarter": 20181,
            "year": 2018,
            "quarter": 1,
            "eps": 2.52,
            "eps_growth_year": 27.92,
            "eps_4q": 9.01,
            "eps_4q_growth_year": 36.48,
            "roe": 5.18,
            "roe_4q": 20.57,
            "gross_profit": 2407271,
            "gross_margin": 43.7,
            "gross_margin_4q_avg": 44.21,
            "net_income": 748288,
            "net_income_4q": null,
            "revenue": 5508377,
            "revenue_4q": null,
            "common_shares": 2746292,
            "book_valuer_per_share": 41.42,
            "book_valuer_per_share_4q_avg": 37.65,
            "equity": 14881551,
            "current_ratio": 98.09,
            "debt_ratio": 89.59,
            "inventory_turnover_ratio": 2.94,
            "account_receivable_turnover_ratio": 0.05,
            "reinvestment_rate": 32.88,
            "research_to_sale_ratio": null,
            "price_fair": 236.78,
            "eps_avg_yearly": 6.77,
            "eps_latest_yearly": 10.08,
            "eps_growth_yearly": 27.93
        },
        "20182": {
            "year_quarter": 20182,
            "year": 2018,
            "quarter": 2,
            "eps": 2.03,
            "eps_growth_year": -5.14,
            "eps_4q": 8.9,
            "eps_4q_growth_year": 21.44,
            "roe": 4.16,
            "roe_4q": 19.369999999999997,
            "gross_profit": 2559432,
            "gross_margin": 45.78,
            "gross_margin_4q_avg": 44.97,
            "net_income": 595219,
            "net_income_4q": null,
            "revenue": 5591252,
            "revenue_4q": null,
            "common_shares": 2746292,
            "book_valuer_per_share": 37.43,
            "book_valuer_per_share_4q_avg": 38.47,
            "equity": 13702224,
            "current_ratio": 96.94,
            "debt_ratio": 90.98,
            "inventory_turnover_ratio": 1.74,
            "account_receivable_turnover_ratio": 0.05,
            "reinvestment_rate": 34.97,
            "research_to_sale_ratio": null,
            "price_fair": 222.23,
            "eps_avg_yearly": 6.84,
            "eps_latest_yearly": 8.12,
            "eps_growth_yearly": 22.48
        },
        "20183": {
            "year_quarter": 20183,
            "year": 2018,
            "quarter": 3,
            "eps": 2.18,
            "eps_growth_year": 4.31,
            "eps_4q": 8.99,
            "eps_4q_growth_year": 15.79,
            "roe": 4.62,
            "roe_4q": 18.98,
            "gross_profit": 2682782,
            "gross_margin": 45.82,
            "gross_margin_4q_avg": 44.9,
            "net_income": 641331,
            "net_income_4q": null,
            "revenue": 5855629,
            "revenue_4q": null,
            "common_shares": 2746292,
            "book_valuer_per_share": 38.88,
            "book_valuer_per_share_4q_avg": 39.08,
            "equity": 14045545,
            "current_ratio": 97.53,
            "debt_ratio": 91.2,
            "inventory_turnover_ratio": 1.77,
            "account_receivable_turnover_ratio": 0.05,
            "reinvestment_rate": 29.52,
            "research_to_sale_ratio": null,
            "price_fair": 245.7,
            "eps_avg_yearly": 7.02,
            "eps_latest_yearly": 8.72,
            "eps_growth_yearly": 27.96
        },
        "20184": {
            "year_quarter": 20184,
            "year": 2018,
            "quarter": 4,
            "eps": 2.7,
            "eps_growth_year": 19.26,
            "eps_4q": 9.42,
            "eps_4q_growth_year": 11.35,
            "roe": 4.7,
            "roe_4q": 18.66,
            "gross_profit": 2804320,
            "gross_margin": 45.45,
            "gross_margin_4q_avg": 45.19,
            "net_income": 797783,
            "net_income_4q": null,
            "revenue": 6169799,
            "revenue_4q": null,
            "common_shares": 2746292,
            "book_valuer_per_share": 43.96,
            "book_valuer_per_share_4q_avg": 40.42,
            "equity": 19911797,
            "current_ratio": 101.23,
            "debt_ratio": 88.34,
            "inventory_turnover_ratio": 2.09,
            "account_receivable_turnover_ratio": 0.05,
            "reinvestment_rate": 30.77,
            "research_to_sale_ratio": null,
            "price_fair": 259.61,
            "eps_avg_yearly": 7.42,
            "eps_latest_yearly": 10.8,
            "eps_growth_yearly": 40.04
        },
        "20191": {
            "year_quarter": 20191,
            "year": 2019,
            "quarter": 1,
            "eps": 2.62,
            "eps_growth_year": 3.97,
            "eps_4q": 9.69,
            "eps_4q_growth_year": 7.53,
            "roe": 4.16,
            "roe_4q": 17.64,
            "gross_profit": 3076679,
            "gross_margin": 46.55,
            "gross_margin_4q_avg": 45.9,
            "net_income": 845093,
            "net_income_4q": null,
            "revenue": 6610006,
            "revenue_4q": null,
            "common_shares": 2746292,
            "book_valuer_per_share": 46.41,
            "book_valuer_per_share_4q_avg": 41.67,
            "equity": 20716639,
            "current_ratio": 101.74,
            "debt_ratio": 88.61,
            "inventory_turnover_ratio": 1.77,
            "account_receivable_turnover_ratio": 0.05,
            "reinvestment_rate": 26.48,
            "research_to_sale_ratio": null,
            "price_fair": 267.66,
            "eps_avg_yearly": 7.65,
            "eps_latest_yearly": 10.48,
            "eps_growth_yearly": 26.02
        },
        "20192": {
            "year_quarter": 20192,
            "year": 2019,
            "quarter": 2,
            "eps": 2.26,
            "eps_growth_year": 11.33,
            "eps_4q": 9.39,
            "eps_4q_growth_year": 5.46,
            "roe": 3.83,
            "roe_4q": 17.310000000000002,
            "gross_profit": 3245374,
            "gross_margin": 45.61,
            "gross_margin_4q_avg": 45.86,
            "net_income": 774957,
            "net_income_4q": null,
            "revenue": 7115505,
            "revenue_4q": null,
            "common_shares": 2746292,
            "book_valuer_per_share": 43.98,
            "book_valuer_per_share_4q_avg": 43.31,
            "equity": 19739861,
            "current_ratio": 100.93,
            "debt_ratio": 89.58,
            "inventory_turnover_ratio": 1.72,
            "account_receivable_turnover_ratio": 0.06,
            "reinvestment_rate": 28.61,
            "research_to_sale_ratio": null,
            "price_fair": 234.18,
            "eps_avg_yearly": 7.75,
            "eps_latest_yearly": 9.04,
            "eps_growth_yearly": 20.23
        },
        "20193": {
            "year_quarter": 20193,
            "year": 2019,
            "quarter": 3,
            "eps": 2.32,
            "eps_growth_year": 6.42,
            "eps_4q": 9.9,
            "eps_4q_growth_year": 10.1,
            "roe": 3.92,
            "roe_4q": 16.61,
            "gross_profit": 3382150,
            "gross_margin": 47.25,
            "gross_margin_4q_avg": 46.22,
            "net_income": 783696,
            "net_income_4q": null,
            "revenue": 7158011,
            "revenue_4q": null,
            "common_shares": 3020921,
            "book_valuer_per_share": 42.31,
            "book_valuer_per_share_4q_avg": 44.17,
            "equity": 20216090,
            "current_ratio": 101.1,
            "debt_ratio": 89.66,
            "inventory_turnover_ratio": 1.95,
            "account_receivable_turnover_ratio": 0.06,
            "reinvestment_rate": 30.75,
            "research_to_sale_ratio": null,
            "price_fair": 283.15,
            "eps_avg_yearly": 8.09,
            "eps_latest_yearly": 9.28,
            "eps_growth_yearly": 33.12
        },
        "20194": {
            "year_quarter": 20194,
            "year": 2019,
            "quarter": 4,
            "eps": 2.36,
            "eps_growth_year": -12.44,
            "eps_4q": 9.81,
            "eps_4q_growth_year": 4.06,
            "roe": 3.25,
            "roe_4q": 15.16,
            "gross_profit": 3258141,
            "gross_margin": 44.79,
            "gross_margin_4q_avg": 46.05,
            "net_income": 665375,
            "net_income_4q": null,
            "revenue": 7274696,
            "revenue_4q": null,
            "common_shares": 3020921,
            "book_valuer_per_share": 43.72,
            "book_valuer_per_share_4q_avg": 44.11,
            "equity": 20676624,
            "current_ratio": 100.76,
            "debt_ratio": 89.69,
            "inventory_turnover_ratio": 2.4,
            "account_receivable_turnover_ratio": 0.06,
            "reinvestment_rate": 38.15,
            "research_to_sale_ratio": null,
            "price_fair": 296.19,
            "eps_avg_yearly": 8.46,
            "eps_latest_yearly": 9.44,
            "eps_growth_yearly": 35.66
        },
        "20201": {
            "year_quarter": 20201,
            "year": 2020,
            "quarter": 1,
            "eps": 2.2,
            "eps_growth_year": -16.03,
            "eps_4q": 9.64,
            "eps_4q_growth_year": -0.48,
            "roe": 3.41,
            "roe_4q": 14.41,
            "gross_profit": 3559530,
            "gross_margin": 48.12,
            "gross_margin_4q_avg": 46.44,
            "net_income": 716230,
            "net_income_4q": null,
            "revenue": 7396582,
            "revenue_4q": null,
            "common_shares": 3020921,
            "book_valuer_per_share": 45.33,
            "book_valuer_per_share_4q_avg": 43.84,
            "equity": 21309681,
            "current_ratio": 101.08,
            "debt_ratio": 89.43,
            "inventory_turnover_ratio": 2.24,
            "account_receivable_turnover_ratio": 0.06,
            "reinvestment_rate": 33.24,
            "research_to_sale_ratio": null,
            "price_fair": 167.68,
            "eps_avg_yearly": 8.58,
            "eps_latest_yearly": 8.8,
            "eps_growth_yearly": 9.54
        },
        "20202": {
            "year_quarter": 20202,
            "year": 2020,
            "quarter": 2,
            "eps": 2.58,
            "eps_growth_year": 14.16,
            "eps_4q": 9.04,
            "eps_4q_growth_year": -3.74,
            "roe": 3.93,
            "roe_4q": 14.51,
            "gross_profit": 3693082,
            "gross_margin": 50.16,
            "gross_margin_4q_avg": 47.58,
            "net_income": 817575,
            "net_income_4q": null,
            "revenue": 7361968,
            "revenue_4q": null,
            "common_shares": 3020921,
            "book_valuer_per_share": 43.23,
            "book_valuer_per_share_4q_avg": 43.65,
            "equity": 20343237,
            "current_ratio": 100.58,
            "debt_ratio": 89.65,
            "inventory_turnover_ratio": 1.81,
            "account_receivable_turnover_ratio": 0.05,
            "reinvestment_rate": 29.52,
            "research_to_sale_ratio": null,
            "price_fair": 247.63,
            "eps_avg_yearly": 8.87,
            "eps_latest_yearly": 10.32,
            "eps_growth_yearly": 17.93
        },
        "20203": {
            "year_quarter": 20203,
            "year": 2020,
            "quarter": 3,
            "eps": 2.26,
            "eps_growth_year": -2.59,
            "eps_4q": 9.19,
            "eps_4q_growth_year": -7.09,
            "roe": 3.59,
            "roe_4q": 14.18,
            "gross_profit": 3749668,
            "gross_margin": 50.44,
            "gross_margin_4q_avg": 48.38,
            "net_income": 746810,
            "net_income_4q": null,
            "revenue": 7433190,
            "revenue_4q": null,
            "common_shares": 3323013,
            "book_valuer_per_share": 42.38,
            "book_valuer_per_share_4q_avg": 43.67,
            "equity": 21276681,
            "current_ratio": 100.95,
            "debt_ratio": 89.34,
            "inventory_turnover_ratio": 1.9,
            "account_receivable_turnover_ratio": 0.05,
            "reinvestment_rate": 33.54,
            "research_to_sale_ratio": null,
            "price_fair": 186.18,
            "eps_avg_yearly": 9.01,
            "eps_latest_yearly": 9.04,
            "eps_growth_yearly": 10.66
        },
        "20204": {
            "year_quarter": 20204,
            "year": 2020,
            "quarter": 4,
            "eps": 2.4,
            "eps_growth_year": 1.6,
            "eps_4q": 9.45,
            "eps_4q_growth_year": -3.66,
            "roe": 2.84,
            "roe_4q": 13.77,
            "gross_profit": 3747021,
            "gross_margin": 50.36,
            "gross_margin_4q_avg": 49.77,
            "net_income": 616635,
            "net_income_4q": null,
            "revenue": 7441124,
            "revenue_4q": null,
            "common_shares": 3323013,
            "book_valuer_per_share": 44.56,
            "book_valuer_per_share_4q_avg": 43.88,
            "equity": 22088060,
            "current_ratio": 101.51,
            "debt_ratio": 89.1,
            "inventory_turnover_ratio": 3.13,
            "account_receivable_turnover_ratio": 0.05,
            "reinvestment_rate": 34.66,
            "research_to_sale_ratio": null,
            "price_fair": 221.27,
            "eps_avg_yearly": 9.22,
            "eps_latest_yearly": 9.6,
            "eps_growth_yearly": 13.99
        },
        "20211": {
            "year_quarter": 20211,
            "year": 2021,
            "quarter": 1,
            "eps": 3.1,
            "eps_growth_year": 40.91,
            "eps_4q": 10.55,
            "eps_4q_growth_year": 9.42,
            "roe": 4.73,
            "roe_4q": 15.09,
            "gross_profit": 3995059,
            "gross_margin": 52.4,
            "gross_margin_4q_avg": 50.84,
            "net_income": 1069542,
            "net_income_4q": null,
            "revenue": 7624525,
            "revenue_4q": null,
            "common_shares": 3323013,
            "book_valuer_per_share": 46.99,
            "book_valuer_per_share_4q_avg": 44.29,
            "equity": 23115664,
            "current_ratio": 102.28,
            "debt_ratio": 88.85,
            "inventory_turnover_ratio": 4.83,
            "account_receivable_turnover_ratio": 0.05,
            "reinvestment_rate": 33.6,
            "research_to_sale_ratio": null,
            "price_fair": 234.91,
            "eps_avg_yearly": 9.51,
            "eps_latest_yearly": 12.4,
            "eps_growth_yearly": 14.71
        },
        "20212": {
            "year_quarter": 20212,
            "year": 2021,
            "quarter": 2,
            "eps": 3.71,
            "eps_growth_year": 43.8,
            "eps_4q": 10.36,
            "eps_4q_growth_year": 14.62,
            "roe": 5.88,
            "roe_4q": 17.04,
            "gross_profit": 4289168,
            "gross_margin": 54.48,
            "gross_margin_4q_avg": 51.92,
            "net_income": 1343117,
            "net_income_4q": null,
            "revenue": 7873155,
            "revenue_4q": null,
            "common_shares": 3323013,
            "book_valuer_per_share": 45.75,
            "book_valuer_per_share_4q_avg": 44.92,
            "equity": 22600063,
            "current_ratio": 101.46,
            "debt_ratio": 89.42,
            "inventory_turnover_ratio": 2.88,
            "account_receivable_turnover_ratio": 0.05,
            "reinvestment_rate": 32.4,
            "research_to_sale_ratio": null,
            "price_fair": 271.94,
            "eps_avg_yearly": 9.9,
            "eps_latest_yearly": 14.84,
            "eps_growth_yearly": 17.48
        },
        "20213": {
            "year_quarter": 20213,
            "year": 2021,
            "quarter": 3,
            "eps": 3.51,
            "eps_growth_year": 55.31,
            "eps_4q": 11.91,
            "eps_4q_growth_year": 29.52,
            "roe": 6.29,
            "roe_4q": 19.74,
            "gross_profit": 4463263,
            "gross_margin": 55.23,
            "gross_margin_4q_avg": 53.12,
            "net_income": 1464648,
            "net_income_4q": null,
            "revenue": 8080786,
            "revenue_4q": null,
            "common_shares": 3821465,
            "book_valuer_per_share": 43.83,
            "book_valuer_per_share_4q_avg": 45.28,
            "equity": 23941909,
            "current_ratio": 101.86,
            "debt_ratio": 89.15,
            "inventory_turnover_ratio": 2.53,
            "account_receivable_turnover_ratio": 0.05,
            "reinvestment_rate": 28.7,
            "research_to_sale_ratio": null,
            "price_fair": 273.87,
            "eps_avg_yearly": 10.25,
            "eps_latest_yearly": 14.04,
            "eps_growth_yearly": 16.71
        },
        "20214": {
            "year_quarter": 20214,
            "year": 2021,
            "quarter": 4,
            "eps": 3.66,
            "eps_growth_year": 52.7,
            "eps_4q": 13.49,
            "eps_4q_growth_year": 42.75,
            "roe": 5.99,
            "roe_4q": 22.89,
            "gross_profit": 4724900,
            "gross_margin": 56.36,
            "gross_margin_4q_avg": 54.62,
            "net_income": 1482336,
            "net_income_4q": null,
            "revenue": 8383715,
            "revenue_4q": null,
            "common_shares": 3821465,
            "book_valuer_per_share": 46.89,
            "book_valuer_per_share_4q_avg": 45.87,
            "equity": 25529779,
            "current_ratio": 102.28,
            "debt_ratio": 89,
            "inventory_turnover_ratio": 4.83,
            "account_receivable_turnover_ratio": 0.05,
            "reinvestment_rate": 26.9,
            "research_to_sale_ratio": null,
            "price_fair": 272.99,
            "eps_avg_yearly": 10.6,
            "eps_latest_yearly": 14.64,
            "eps_growth_yearly": 15.75
        },
        "20221": {
            "year_quarter": 20221,
            "year": 2022,
            "quarter": 1,
            "eps": 4.11,
            "eps_growth_year": 32.58,
            "eps_4q": 14.91,
            "eps_4q_growth_year": 41.3,
            "roe": 6.41,
            "roe_4q": 24.57,
            "gross_profit": 5022428,
            "gross_margin": 59.72,
            "gross_margin_4q_avg": 56.45,
            "net_income": 1702317,
            "net_income_4q": null,
            "revenue": 8409503,
            "revenue_4q": null,
            "common_shares": 3821465,
            "book_valuer_per_share": 50.85,
            "book_valuer_per_share_4q_avg": 46.83,
            "equity": 27607855,
            "current_ratio": 103.14,
            "debt_ratio": 88.64,
            "inventory_turnover_ratio": 5.22,
            "account_receivable_turnover_ratio": 0.05,
            "reinvestment_rate": 24.43,
            "research_to_sale_ratio": null,
            "price_fair": 285.4,
            "eps_avg_yearly": 11,
            "eps_latest_yearly": 16.44,
            "eps_growth_yearly": 15.95
        },
        "20222": {
            "year_quarter": 20222,
            "year": 2022,
            "quarter": 2,
            "eps": 2.78,
            "eps_growth_year": -25.07,
            "eps_4q": 12.76,
            "eps_4q_growth_year": 23.17,
            "roe": 5.21,
            "roe_4q": 23.9,
            "gross_profit": 5220060,
            "gross_margin": 58.47,
            "gross_margin_4q_avg": 57.45,
            "net_income": 1408661,
            "net_income_4q": null,
            "revenue": 8928306,
            "revenue_4q": null,
            "common_shares": 3821465,
            "book_valuer_per_share": 48.42,
            "book_valuer_per_share_4q_avg": 47.5,
            "equity": 26425364,
            "current_ratio": 102.34,
            "debt_ratio": 89.52,
            "inventory_turnover_ratio": 4.52,
            "account_receivable_turnover_ratio": 0.05,
            "reinvestment_rate": 25.06,
            "research_to_sale_ratio": null,
            "price_fair": 254.14,
            "eps_avg_yearly": 11.19,
            "eps_latest_yearly": 11.12,
            "eps_growth_yearly": 12.72
        },
        "20223": {
            "year_quarter": 20223,
            "year": 2022,
            "quarter": 3,
            "eps": 3.23,
            "eps_growth_year": -7.98,
            "eps_4q": 11.82,
            "eps_4q_growth_year": -0.78,
            "roe": 5.34,
            "roe_4q": 22.950000000000003,
            "gross_profit": 5397366,
            "gross_margin": 57.47,
            "gross_margin_4q_avg": 58.01,
            "net_income": 1640909,
            "net_income_4q": null,
            "revenue": 9391895,
            "revenue_4q": null,
            "common_shares": 4971114,
            "book_valuer_per_share": 54.05,
            "book_valuer_per_share_4q_avg": 50.05,
            "equity": 35042176,
            "current_ratio": 105.69,
            "debt_ratio": 86.71,
            "inventory_turnover_ratio": 8.56,
            "account_receivable_turnover_ratio": 0.05,
            "reinvestment_rate": 28.68,
            "research_to_sale_ratio": null,
            "price_fair": 285.28,
            "eps_avg_yearly": 11.45,
            "eps_latest_yearly": 12.92,
            "eps_growth_yearly": 14.92
        },
        "20224": {
            "year_quarter": 20224,
            "year": 2022,
            "quarter": 4,
            "eps": 2.67,
            "eps_growth_year": -26.97,
            "eps_4q": 11.68,
            "eps_4q_growth_year": -13.43,
            "roe": 3.88,
            "roe_4q": 20.84,
            "gross_profit": 5511569,
            "gross_margin": 56.09,
            "gross_margin_4q_avg": 57.94,
            "net_income": 1376545,
            "net_income_4q": null,
            "revenue": 9827015,
            "revenue_4q": null,
            "common_shares": 4971114,
            "book_valuer_per_share": 55.58,
            "book_valuer_per_share_4q_avg": 52.23,
            "equity": 35931448,
            "current_ratio": 105.4,
            "debt_ratio": 86.87,
            "inventory_turnover_ratio": 9.75,
            "account_receivable_turnover_ratio": 0.05,
            "reinvestment_rate": 32.64,
            "research_to_sale_ratio": null,
            "price_fair": 167.27,
            "eps_avg_yearly": 11.44,
            "eps_latest_yearly": 10.68,
            "eps_growth_yearly": 4.62
        },
        "20231": {
            "year_quarter": 20231,
            "year": 2023,
            "quarter": 1,
            "eps": 3.5,
            "eps_growth_year": -14.84,
            "eps_4q": 11.99,
            "eps_4q_growth_year": -19.57,
            "roe": 5.02,
            "roe_4q": 19.45,
            "gross_profit": 5510349,
            "gross_margin": 56.33,
            "gross_margin_4q_avg": 57.09,
            "net_income": 1842749,
            "net_income_4q": null,
            "revenue": 9782734,
            "revenue_4q": null,
            "common_shares": 4983864,
            "book_valuer_per_share": 58.01,
            "book_valuer_per_share_4q_avg": 54.02,
            "equity": 37520708,
            "current_ratio": 105.6,
            "debt_ratio": 86.6,
            "inventory_turnover_ratio": 4.66,
            "account_receivable_turnover_ratio": 0.05,
            "reinvestment_rate": 34.94,
            "research_to_sale_ratio": null,
            "price_fair": 269.76,
            "eps_avg_yearly": 11.66,
            "eps_latest_yearly": 14,
            "eps_growth_yearly": 13.13
        },
        "20232": {
            "year_quarter": 20232,
            "year": 2023,
            "quarter": 2,
            "eps": 3.09,
            "eps_growth_year": 11.15,
            "eps_4q": 11.72,
            "eps_4q_growth_year": -8.19,
            "roe": 4.9,
            "roe_4q": 19.14,
            "gross_profit": 5701330,
            "gross_margin": 55.16,
            "gross_margin_4q_avg": 56.26,
            "net_income": 1787122,
            "net_income_4q": null,
            "revenue": 10336010,
            "revenue_4q": null,
            "common_shares": 4983864,
            "book_valuer_per_share": 55.1,
            "book_valuer_per_share_4q_avg": 55.69,
            "equity": 35416558,
            "current_ratio": 103.22,
            "debt_ratio": 87.73,
            "inventory_turnover_ratio": 3.18,
            "account_receivable_turnover_ratio": 0.05,
            "reinvestment_rate": 47.83,
            "research_to_sale_ratio": null,
            "price_fair": 280.57,
            "eps_avg_yearly": 11.87,
            "eps_latest_yearly": 12.36,
            "eps_growth_yearly": 13.64
        },
        "20233": {
            "year_quarter": 20233,
            "year": 2023,
            "quarter": 3,
            "eps": 3.04,
            "eps_growth_year": -5.88,
            "eps_4q": 12.01,
            "eps_4q_growth_year": 1.6,
            "roe": 4.81,
            "roe_4q": 18.61,
            "gross_profit": 5796508,
            "gross_margin": 54.26,
            "gross_margin_4q_avg": 55.46,
            "net_income": 1769105,
            "net_income_4q": null,
            "revenue": 10682134,
            "revenue_4q": null,
            "common_shares": 5482250,
            "book_valuer_per_share": 54.04,
            "book_valuer_per_share_4q_avg": 55.68,
            "equity": 38125882,
            "current_ratio": 103.16,
            "debt_ratio": 87.24,
            "inventory_turnover_ratio": 3.08,
            "account_receivable_turnover_ratio": 0.05,
            "reinvestment_rate": 51.36,
            "research_to_sale_ratio": null,
            "price_fair": 271.95,
            "eps_avg_yearly": 12.05,
            "eps_latest_yearly": 12.16,
            "eps_growth_yearly": 12.57
        }
    },
    "months": {
        "2001-09": {
            "month": "2001-09",
            "price": "27.31",
            "revenue": 185317
        },
        "2001-10": {
            "month": "2001-10",
            "price": "27.92",
            "revenue": 193027
        },
        "2001-11": {
            "month": "2001-11",
            "price": "30.38",
            "revenue": 194728
        },
        "2001-12": {
            "month": "2001-12",
            "price": "33.96",
            "revenue": 190294
        },
        "2002-01": {
            "month": "2002-01",
            "price": "34.13",
            "revenue": 203098
        },
        "2002-02": {
            "month": "2002-02",
            "price": "32.56",
            "revenue": 195251
        },
        "2002-03": {
            "month": "2002-03",
            "price": "32.26",
            "revenue": 208943
        },
        "2002-04": {
            "month": "2002-04",
            "price": "33.01",
            "revenue": 206626
        },
        "2002-05": {
            "month": "2002-05",
            "price": "31.91",
            "revenue": 207040
        },
        "2002-06": {
            "month": "2002-06",
            "price": "32.22",
            "revenue": 200879
        },
        "2002-07": {
            "month": "2002-07",
            "price": "30.97",
            "revenue": 203753
        },
        "2002-08": {
            "month": "2002-08",
            "price": "27.65",
            "revenue": 196456
        },
        "2002-09": {
            "month": "2002-09",
            "price": "26.58",
            "revenue": 197292
        },
        "2002-10": {
            "month": "2002-10",
            "price": "25.76",
            "revenue": 199033
        },
        "2002-11": {
            "month": "2002-11",
            "price": "28.89",
            "revenue": 196401
        },
        "2002-12": {
            "month": "2002-12",
            "price": "29.20",
            "revenue": 197398
        },
        "2003-01": {
            "month": "2003-01",
            "price": "29.14",
            "revenue": 204977
        },
        "2003-02": {
            "month": "2003-02",
            "price": "27.99",
            "revenue": 196896
        },
        "2003-03": {
            "month": "2003-03",
            "price": "27.65",
            "revenue": 200013
        },
        "2003-04": {
            "month": "2003-04",
            "price": "27.88",
            "revenue": 199047
        },
        "2003-05": {
            "month": "2003-05",
            "price": "27.17",
            "revenue": 194733
        },
        "2003-06": {
            "month": "2003-06",
            "price": "28.56",
            "revenue": 194690
        },
        "2003-07": {
            "month": "2003-07",
            "price": "27.38",
            "revenue": 195090
        },
        "2003-08": {
            "month": "2003-08",
            "price": "28.72",
            "revenue": 196129
        },
        "2003-09": {
            "month": "2003-09",
            "price": "28.49",
            "revenue": 195327
        },
        "2003-10": {
            "month": "2003-10",
            "price": "29.53",
            "revenue": 197663
        },
        "2003-11": {
            "month": "2003-11",
            "price": "29.78",
            "revenue": 196452
        },
        "2003-12": {
            "month": "2003-12",
            "price": "29.05",
            "revenue": 198733
        },
        "2004-01": {
            "month": "2004-01",
            "price": "29.78",
            "revenue": 197505
        },
        "2004-02": {
            "month": "2004-02",
            "price": "32.98",
            "revenue": 199047
        },
        "2004-03": {
            "month": "2004-03",
            "price": "33.03",
            "revenue": 197320
        },
        "2004-04": {
            "month": "2004-04",
            "price": "31.73",
            "revenue": 195150
        },
        "2004-05": {
            "month": "2004-05",
            "price": "29.12",
            "revenue": 199620
        },
        "2004-06": {
            "month": "2004-06",
            "price": "29.34",
            "revenue": 197811
        },
        "2004-07": {
            "month": "2004-07",
            "price": "29.12",
            "revenue": 199561
        },
        "2004-08": {
            "month": "2004-08",
            "price": "27.33",
            "revenue": 197443
        },
        "2004-09": {
            "month": "2004-09",
            "price": "28.72",
            "revenue": 193302
        },
        "2004-10": {
            "month": "2004-10",
            "price": "29.28",
            "revenue": 194925
        },
        "2004-11": {
            "month": "2004-11",
            "price": "29.55",
            "revenue": 194620
        },
        "2004-12": {
            "month": "2004-12",
            "price": "30.13",
            "revenue": 198497
        },
        "2005-01": {
            "month": "2005-01",
            "price": "30.48",
            "revenue": 195593
        },
        "2005-02": {
            "month": "2005-02",
            "price": "30.51",
            "revenue": 196092
        },
        "2005-03": {
            "month": "2005-03",
            "price": "30.91",
            "revenue": 198648
        },
        "2005-04": {
            "month": "2005-04",
            "price": "31.04",
            "revenue": 189976
        },
        "2005-05": {
            "month": "2005-05",
            "price": "31.11",
            "revenue": 187757
        },
        "2005-06": {
            "month": "2005-06",
            "price": "32.28",
            "revenue": 184798
        },
        "2005-07": {
            "month": "2005-07",
            "price": "30.28",
            "revenue": 183702
        },
        "2005-08": {
            "month": "2005-08",
            "price": "29.30",
            "revenue": 182170
        },
        "2005-09": {
            "month": "2005-09",
            "price": "28.32",
            "revenue": 181685
        },
        "2005-10": {
            "month": "2005-10",
            "price": "27.31",
            "revenue": 180076
        },
        "2005-11": {
            "month": "2005-11",
            "price": "26.98",
            "revenue": 176728
        },
        "2005-12": {
            "month": "2005-12",
            "price": "27.48",
            "revenue": 171897
        },
        "2006-01": {
            "month": "2006-01",
            "price": "27.70",
            "revenue": 168323
        },
        "2006-02": {
            "month": "2006-02",
            "price": "27.42",
            "revenue": 163515
        },
        "2006-03": {
            "month": "2006-03",
            "price": "26.87",
            "revenue": 163565
        },
        "2006-04": {
            "month": "2006-04",
            "price": "26.72",
            "revenue": 155856
        },
        "2006-05": {
            "month": "2006-05",
            "price": "26.91",
            "revenue": 152929
        },
        "2006-06": {
            "month": "2006-06",
            "price": "24.66",
            "revenue": 147568
        },
        "2006-07": {
            "month": "2006-07",
            "price": "22.64",
            "revenue": 145063
        },
        "2006-08": {
            "month": "2006-08",
            "price": "19.62",
            "revenue": 139849
        },
        "2006-09": {
            "month": "2006-09",
            "price": "18.86",
            "revenue": 135031
        },
        "2006-10": {
            "month": "2006-10",
            "price": "19.41",
            "revenue": 133121
        },
        "2006-11": {
            "month": "2006-11",
            "price": "19.52",
            "revenue": 126589
        },
        "2006-12": {
            "month": "2006-12",
            "price": "20.29",
            "revenue": 123116
        },
        "2007-01": {
            "month": "2007-01",
            "price": "20.45",
            "revenue": 120133
        },
        "2007-02": {
            "month": "2007-02",
            "price": "20.16",
            "revenue": 116633
        },
        "2007-03": {
            "month": "2007-03",
            "price": "19.94",
            "revenue": 117679
        },
        "2007-04": {
            "month": "2007-04",
            "price": "21.34",
            "revenue": 114126
        },
        "2007-05": {
            "month": "2007-05",
            "price": "21.97",
            "revenue": 111236
        },
        "2007-06": {
            "month": "2007-06",
            "price": "22.39",
            "revenue": 109014
        },
        "2007-07": {
            "month": "2007-07",
            "price": "23.24",
            "revenue": 109343
        },
        "2007-08": {
            "month": "2007-08",
            "price": "20.69",
            "revenue": 106592
        },
        "2007-09": {
            "month": "2007-09",
            "price": "21.21",
            "revenue": 104110
        },
        "2007-10": {
            "month": "2007-10",
            "price": "21.42",
            "revenue": 103414
        },
        "2007-11": {
            "month": "2007-11",
            "price": "20.79",
            "revenue": 101077
        },
        "2007-12": {
            "month": "2007-12",
            "price": "20.44",
            "revenue": 100568
        },
        "2008-01": {
            "month": "2008-01",
            "price": "20.17",
            "revenue": 491226
        },
        "2008-02": {
            "month": "2008-02",
            "price": "20.44",
            "revenue": 487906
        },
        "2008-03": {
            "month": "2008-03",
            "price": "22.28",
            "revenue": 482474
        },
        "2008-04": {
            "month": "2008-04",
            "price": "23.55",
            "revenue": 483879
        },
        "2008-05": {
            "month": "2008-05",
            "price": "24.12",
            "revenue": 488693
        },
        "2008-06": {
            "month": "2008-06",
            "price": "23.05",
            "revenue": 487333
        },
        "2008-07": {
            "month": "2008-07",
            "price": "21.88",
            "revenue": 493035
        },
        "2008-08": {
            "month": "2008-08",
            "price": "19.94",
            "revenue": 504843
        },
        "2008-09": {
            "month": "2008-09",
            "price": "19.34",
            "revenue": 496948
        },
        "2008-10": {
            "month": "2008-10",
            "price": "17.41",
            "revenue": 500046
        },
        "2008-11": {
            "month": "2008-11",
            "price": "15.86",
            "revenue": 494033
        },
        "2008-12": {
            "month": "2008-12",
            "price": "15.93",
            "revenue": 500406
        },
        "2009-01": {
            "month": "2009-01",
            "price": "16.75",
            "revenue": 522189
        },
        "2009-02": {
            "month": "2009-02",
            "price": "18.20",
            "revenue": 504977
        },
        "2009-03": {
            "month": "2009-03",
            "price": "20.24",
            "revenue": 501486
        },
        "2009-04": {
            "month": "2009-04",
            "price": "23.44",
            "revenue": 497869
        },
        "2009-05": {
            "month": "2009-05",
            "price": "25.33",
            "revenue": 496899
        },
        "2009-06": {
            "month": "2009-06",
            "price": "28.51",
            "revenue": 533942
        },
        "2009-07": {
            "month": "2009-07",
            "price": "29.66",
            "revenue": 504121
        },
        "2009-08": {
            "month": "2009-08",
            "price": "28.33",
            "revenue": 518433
        },
        "2009-09": {
            "month": "2009-09",
            "price": "29.51",
            "revenue": 519363
        },
        "2009-10": {
            "month": "2009-10",
            "price": "30.92",
            "revenue": 520918
        },
        "2009-11": {
            "month": "2009-11",
            "price": "34.01",
            "revenue": 521605
        },
        "2009-12": {
            "month": "2009-12",
            "price": "34.32",
            "revenue": 535319
        },
        "2010-01": {
            "month": "2010-01",
            "price": "34.81",
            "revenue": 533300
        },
        "2010-02": {
            "month": "2010-02",
            "price": "31.90",
            "revenue": 543796
        },
        "2010-03": {
            "month": "2010-03",
            "price": "35.13",
            "revenue": 539850
        },
        "2010-04": {
            "month": "2010-04",
            "price": "40.60",
            "revenue": 543955
        },
        "2010-05": {
            "month": "2010-05",
            "price": "38.05",
            "revenue": 550085
        },
        "2010-06": {
            "month": "2010-06",
            "price": "40.04",
            "revenue": 560221
        },
        "2010-07": {
            "month": "2010-07",
            "price": "43.84",
            "revenue": 574023
        },
        "2010-08": {
            "month": "2010-08",
            "price": "43.91",
            "revenue": 585956
        },
        "2010-09": {
            "month": "2010-09",
            "price": "54.81",
            "revenue": 581977
        },
        "2010-10": {
            "month": "2010-10",
            "price": "58.50",
            "revenue": 590832
        },
        "2010-11": {
            "month": "2010-11",
            "price": "55.45",
            "revenue": 600413
        },
        "2010-12": {
            "month": "2010-12",
            "price": "59.38",
            "revenue": 608373
        },
        "2011-01": {
            "month": "2011-01",
            "price": "59.36",
            "revenue": 628593
        },
        "2011-02": {
            "month": "2011-02",
            "price": "56.13",
            "revenue": 641158
        },
        "2011-03": {
            "month": "2011-03",
            "price": "55.41",
            "revenue": 642389
        },
        "2011-04": {
            "month": "2011-04",
            "price": "58.23",
            "revenue": 653998
        },
        "2011-05": {
            "month": "2011-05",
            "price": "69.98",
            "revenue": 662835
        },
        "2011-06": {
            "month": "2011-06",
            "price": "78.37",
            "revenue": 677135
        },
        "2011-07": {
            "month": "2011-07",
            "price": "81.91",
            "revenue": 691451
        },
        "2011-08": {
            "month": "2011-08",
            "price": "69.57",
            "revenue": 703136
        },
        "2011-09": {
            "month": "2011-09",
            "price": "57.49",
            "revenue": 715279
        },
        "2011-10": {
            "month": "2011-10",
            "price": "53.32",
            "revenue": 723703
        },
        "2011-11": {
            "month": "2011-11",
            "price": "56.56",
            "revenue": 755575
        },
        "2011-12": {
            "month": "2011-12",
            "price": "50.71",
            "revenue": 814565
        },
        "2012-01": {
            "month": "2012-01",
            "price": "52.23",
            "revenue": 779376
        },
        "2012-02": {
            "month": "2012-02",
            "price": "65.00",
            "revenue": 785910
        },
        "2012-03": {
            "month": "2012-03",
            "price": "66.34",
            "revenue": 795275
        },
        "2012-04": {
            "month": "2012-04",
            "price": "58.88",
            "revenue": 806260
        },
        "2012-05": {
            "month": "2012-05",
            "price": "63.73",
            "revenue": 830918
        },
        "2012-06": {
            "month": "2012-06",
            "price": "64.22",
            "revenue": 838078
        },
        "2012-07": {
            "month": "2012-07",
            "price": "69.06",
            "revenue": 867769
        },
        "2012-08": {
            "month": "2012-08",
            "price": "69.05",
            "revenue": 867206
        },
        "2012-09": {
            "month": "2012-09",
            "price": "69.12",
            "revenue": 868392
        },
        "2012-10": {
            "month": "2012-10",
            "price": "66.05",
            "revenue": 884699
        },
        "2012-11": {
            "month": "2012-11",
            "price": "62.83",
            "revenue": 892678
        },
        "2012-12": {
            "month": "2012-12",
            "price": "64.50",
            "revenue": 915975
        },
        "2013-01": {
            "month": "2013-01",
            "price": "68.43",
            "revenue": 1257587
        },
        "2013-02": {
            "month": "2013-02",
            "price": "74.59",
            "revenue": 1035595
        },
        "2013-03": {
            "month": "2013-03",
            "price": "75.74",
            "revenue": 1220143
        },
        "2013-04": {
            "month": "2013-04",
            "price": "75.40",
            "revenue": 1186327
        },
        "2013-05": {
            "month": "2013-05",
            "price": "78.57",
            "revenue": 1176531
        },
        "2013-06": {
            "month": "2013-06",
            "price": "73.13",
            "revenue": 1127800
        },
        "2013-07": {
            "month": "2013-07",
            "price": "73.80",
            "revenue": 1200361
        },
        "2013-08": {
            "month": "2013-08",
            "price": "71.52",
            "revenue": 1216482
        },
        "2013-09": {
            "month": "2013-09",
            "price": "73.57",
            "revenue": 1195518
        },
        "2013-10": {
            "month": "2013-10",
            "price": "74.21",
            "revenue": 1254729
        },
        "2013-11": {
            "month": "2013-11",
            "price": "75.20",
            "revenue": 1235841
        },
        "2013-12": {
            "month": "2013-12",
            "price": "78.72",
            "revenue": 1251109
        },
        "2014-01": {
            "month": "2014-01",
            "price": "76.74",
            "revenue": 1301103
        },
        "2014-02": {
            "month": "2014-02",
            "price": "74.98",
            "revenue": 1157883
        },
        "2014-03": {
            "month": "2014-03",
            "price": "77.68",
            "revenue": 1272020
        },
        "2014-04": {
            "month": "2014-04",
            "price": "79.21",
            "revenue": 1297181
        },
        "2014-05": {
            "month": "2014-05",
            "price": "77.74",
            "revenue": 1248316
        },
        "2014-06": {
            "month": "2014-06",
            "price": "79.72",
            "revenue": 1260307
        },
        "2014-07": {
            "month": "2014-07",
            "price": "83.08",
            "revenue": 1313860
        },
        "2014-08": {
            "month": "2014-08",
            "price": "79.25",
            "revenue": 1299506
        },
        "2014-09": {
            "month": "2014-09",
            "price": "79.29",
            "revenue": 1350701
        },
        "2014-10": {
            "month": "2014-10",
            "price": "74.59",
            "revenue": 1399349
        },
        "2014-11": {
            "month": "2014-11",
            "price": "74.74",
            "revenue": 1354813
        },
        "2014-12": {
            "month": "2014-12",
            "price": "76.01",
            "revenue": 1416593
        },
        "2015-01": {
            "month": "2015-01",
            "price": "75.78",
            "revenue": 1380821
        },
        "2015-02": {
            "month": "2015-02",
            "price": "74.49",
            "revenue": 1329419
        },
        "2015-03": {
            "month": "2015-03",
            "price": "75.10",
            "revenue": 1441258
        },
        "2015-04": {
            "month": "2015-04",
            "price": "78.89",
            "revenue": 1408703
        },
        "2015-05": {
            "month": "2015-05",
            "price": "80.82",
            "revenue": 1373268
        },
        "2015-06": {
            "month": "2015-06",
            "price": "78.95",
            "revenue": 1391981
        },
        "2015-07": {
            "month": "2015-07",
            "price": "76.76",
            "revenue": 1435925
        },
        "2015-08": {
            "month": "2015-08",
            "price": "69.14",
            "revenue": 1424350
        },
        "2015-09": {
            "month": "2015-09",
            "price": "76.18",
            "revenue": 1357834
        },
        "2015-10": {
            "month": "2015-10",
            "price": "75.42",
            "revenue": 1451859
        },
        "2015-11": {
            "month": "2015-11",
            "price": "75.00",
            "revenue": 1380163
        },
        "2015-12": {
            "month": "2015-12",
            "price": "73.73",
            "revenue": 1511782
        },
        "2016-01": {
            "month": "2016-01",
            "price": "69.94",
            "revenue": 1458166
        },
        "2016-02": {
            "month": "2016-02",
            "price": "71.08",
            "revenue": 1357752
        },
        "2016-03": {
            "month": "2016-03",
            "price": "74.66",
            "revenue": 1469488
        },
        "2016-04": {
            "month": "2016-04",
            "price": "74.61",
            "revenue": 1451741
        },
        "2016-05": {
            "month": "2016-05",
            "price": "73.30",
            "revenue": 1471318
        },
        "2016-06": {
            "month": "2016-06",
            "price": "73.82",
            "revenue": 1456530
        },
        "2016-07": {
            "month": "2016-07",
            "price": "75.00",
            "revenue": 1469933
        },
        "2016-08": {
            "month": "2016-08",
            "price": "71.33",
            "revenue": 1443972
        },
        "2016-09": {
            "month": "2016-09",
            "price": "71.08",
            "revenue": 1459692
        },
        "2016-10": {
            "month": "2016-10",
            "price": "72.48",
            "revenue": 1458485
        },
        "2016-11": {
            "month": "2016-11",
            "price": "73.83",
            "revenue": 1524510
        },
        "2016-12": {
            "month": "2016-12",
            "price": "77.20",
            "revenue": 1606461
        },
        "2017-01": {
            "month": "2017-01",
            "price": "79.22",
            "revenue": 1549218
        },
        "2017-02": {
            "month": "2017-02",
            "price": "84.98",
            "revenue": 1440031
        },
        "2017-03": {
            "month": "2017-03",
            "price": "87.68",
            "revenue": 1629057
        },
        "2017-04": {
            "month": "2017-04",
            "price": "87.73",
            "revenue": 1568970
        },
        "2017-05": {
            "month": "2017-05",
            "price": "94.06",
            "revenue": 1609240
        },
        "2017-06": {
            "month": "2017-06",
            "price": "105.78",
            "revenue": 1595482
        },
        "2017-07": {
            "month": "2017-07",
            "price": "112.60",
            "revenue": 1639991
        },
        "2017-08": {
            "month": "2017-08",
            "price": "115.04",
            "revenue": 1606952
        },
        "2017-09": {
            "month": "2017-09",
            "price": "105.59",
            "revenue": 1648181
        },
        "2017-10": {
            "month": "2017-10",
            "price": "106.37",
            "revenue": 1656403
        },
        "2017-11": {
            "month": "2017-11",
            "price": "112.32",
            "revenue": 1756364
        },
        "2017-12": {
            "month": "2017-12",
            "price": "108.05",
            "revenue": 1758233
        },
        "2018-01": {
            "month": "2018-01",
            "price": "114.93",
            "revenue": 1864611
        },
        "2018-02": {
            "month": "2018-02",
            "price": "111.46",
            "revenue": 1701304
        },
        "2018-03": {
            "month": "2018-03",
            "price": "116.85",
            "revenue": 1870017
        },
        "2018-04": {
            "month": "2018-04",
            "price": "127.94",
            "revenue": 1863684
        },
        "2018-05": {
            "month": "2018-05",
            "price": "124.52",
            "revenue": 1902316
        },
        "2018-06": {
            "month": "2018-06",
            "price": "119.80",
            "revenue": 1903588
        },
        "2018-07": {
            "month": "2018-07",
            "price": "114.20",
            "revenue": 1975944
        },
        "2018-08": {
            "month": "2018-08",
            "price": "104.17",
            "revenue": 1972868
        },
        "2018-09": {
            "month": "2018-09",
            "price": "102.68",
            "revenue": 1940789
        },
        "2018-10": {
            "month": "2018-10",
            "price": "90.51",
            "revenue": 2017809
        },
        "2018-11": {
            "month": "2018-11",
            "price": "88.61",
            "revenue": 2043522
        },
        "2018-12": {
            "month": "2018-12",
            "price": "90.96",
            "revenue": 2162459
        },
        "2019-01": {
            "month": "2019-01",
            "price": "96.80",
            "revenue": 2155516
        },
        "2019-02": {
            "month": "2019-02",
            "price": "102.65",
            "revenue": 1911024
        },
        "2019-03": {
            "month": "2019-03",
            "price": "106.08",
            "revenue": 2129670
        },
        "2019-04": {
            "month": "2019-04",
            "price": "115.70",
            "revenue": 2243533
        },
        "2019-05": {
            "month": "2019-05",
            "price": "113.86",
            "revenue": 2289685
        },
        "2019-06": {
            "month": "2019-06",
            "price": "113.55",
            "revenue": 2498869
        },
        "2019-07": {
            "month": "2019-07",
            "price": "122.11",
            "revenue": 2413802
        },
        "2019-08": {
            "month": "2019-08",
            "price": "111.33",
            "revenue": 2399681
        },
        "2019-09": {
            "month": "2019-09",
            "price": "113.42",
            "revenue": 2320351
        },
        "2019-10": {
            "month": "2019-10",
            "price": "112.48",
            "revenue": 2409458
        },
        "2019-11": {
            "month": "2019-11",
            "price": "115.19",
            "revenue": 2433354
        },
        "2019-12": {
            "month": "2019-12",
            "price": "115.02",
            "revenue": 2552330
        },
        "2020-01": {
            "month": "2020-01",
            "price": "115.50",
            "revenue": 2424623
        },
        "2020-02": {
            "month": "2020-02",
            "price": "109.16",
            "revenue": 2227332
        },
        "2020-03": {
            "month": "2020-03",
            "price": "91.66",
            "revenue": 2482208
        },
        "2020-04": {
            "month": "2020-04",
            "price": "93.24",
            "revenue": 2465179
        },
        "2020-05": {
            "month": "2020-05",
            "price": "99.61",
            "revenue": 2432034
        },
        "2020-06": {
            "month": "2020-06",
            "price": "108.28",
            "revenue": 2480109
        },
        "2020-07": {
            "month": "2020-07",
            "price": "110.24",
            "revenue": 2532100
        },
        "2020-08": {
            "month": "2020-08",
            "price": "107.86",
            "revenue": 2498179
        },
        "2020-09": {
            "month": "2020-09",
            "price": "99.16",
            "revenue": 2489928
        },
        "2020-10": {
            "month": "2020-10",
            "price": "98.51",
            "revenue": 2406671
        },
        "2020-11": {
            "month": "2020-11",
            "price": "100.12",
            "revenue": 2507816
        },
        "2020-12": {
            "month": "2020-12",
            "price": "99.93",
            "revenue": 2567189
        },
        "2021-01": {
            "month": "2021-01",
            "price": "102.65",
            "revenue": 2637448
        },
        "2021-02": {
            "month": "2021-02",
            "price": "103.27",
            "revenue": 2347337
        },
        "2021-03": {
            "month": "2021-03",
            "price": "114.66",
            "revenue": 2642932
        },
        "2021-04": {
            "month": "2021-04",
            "price": "134.18",
            "revenue": 2669688
        },
        "2021-05": {
            "month": "2021-05",
            "price": "131.55",
            "revenue": 2662838
        },
        "2021-06": {
            "month": "2021-06",
            "price": "137.38",
            "revenue": 2590147
        },
        "2021-07": {
            "month": "2021-07",
            "price": "160.82",
            "revenue": 2687872
        },
        "2021-08": {
            "month": "2021-08",
            "price": "172.82",
            "revenue": 2732555
        },
        "2021-09": {
            "month": "2021-09",
            "price": "164.35",
            "revenue": 2687663
        },
        "2021-10": {
            "month": "2021-10",
            "price": "162.00",
            "revenue": 2703107
        },
        "2021-11": {
            "month": "2021-11",
            "price": "172.25",
            "revenue": 2769226
        },
        "2021-12": {
            "month": "2021-12",
            "price": "171.77",
            "revenue": 2865302
        },
        "2022-01": {
            "month": "2022-01",
            "price": "178.31",
            "revenue": 2944386
        },
        "2022-02": {
            "month": "2022-02",
            "price": "191.50",
            "revenue": 2557444
        },
        "2022-03": {
            "month": "2022-03",
            "price": "218.41",
            "revenue": 2908701
        },
        "2022-04": {
            "month": "2022-04",
            "price": "237.58",
            "revenue": 2894498
        },
        "2022-05": {
            "month": "2022-05",
            "price": "215.21",
            "revenue": 3015396
        },
        "2022-06": {
            "month": "2022-06",
            "price": "216.90",
            "revenue": 3024447
        },
        "2022-07": {
            "month": "2022-07",
            "price": "201.45",
            "revenue": 3093859
        },
        "2022-08": {
            "month": "2022-08",
            "price": "174.00",
            "revenue": 3201093
        },
        "2022-09": {
            "month": "2022-09",
            "price": "153.98",
            "revenue": 3116978
        },
        "2022-10": {
            "month": "2022-10",
            "price": "135.12",
            "revenue": 3202538
        },
        "2022-11": {
            "month": "2022-11",
            "price": "147.41",
            "revenue": 3296444
        },
        "2022-12": {
            "month": "2022-12",
            "price": "157.16",
            "revenue": 3394767
        },
        "2023-01": {
            "month": "2023-01",
            "price": "162.04",
            "revenue": 3163788
        },
        "2023-02": {
            "month": "2023-02",
            "price": "170.69",
            "revenue": 3164224
        },
        "2023-03": {
            "month": "2023-03",
            "price": "176.89",
            "revenue": 3454751
        },
        "2023-04": {
            "month": "2023-04",
            "price": "183.24",
            "revenue": 3310208
        },
        "2023-05": {
            "month": "2023-05",
            "price": "192.66",
            "revenue": 3569498
        },
        "2023-06": {
            "month": "2023-06",
            "price": "197.88",
            "revenue": 3500679
        },
        "2023-07": {
            "month": "2023-07",
            "price": "207.12",
            "revenue": 3584420
        },
        "2023-08": {
            "month": "2023-08",
            "price": "179.36",
            "revenue": 3577177
        },
        "2023-09": {
            "month": "2023-09",
            "price": "180.38",
            "revenue": 3549873
        },
        "2023-10": {
            "month": "2023-10",
            "price": "181.48",
            "revenue": 3556563
        },
        "2023-11": {
            "month": "2023-11",
            "price": "184.55",
            "revenue": 3593905
        }
    }
}
