{
    "summary": {
        "stock_name": "茂順",
        "stock_id": "9942",
        "category": "其他",
        "main_business": "汽車、機車、機械、交通器材用油封之加工製造及進出口業務<br>CQ01010模具製造業、CB01010機械設備製造業、F401030製造輸出業<br>C804020工業用橡膠製品製造業、F401010國際貿易業",
        "website_url": "http://www.nak.com.tw",
        "ceo": "石銘耀",
        "pe_ratio": 18,
        "report_year_from": 2001,
        "report_year_to": 2023,
        "age": 22,
        "eps_negative_percentage": 0,
        "eps_growth_avg": {
            "last_all": 8.59,
            "last_2y": 18.22,
            "last_4y": 6.25,
            "last_8y": 4.36,
            "last_12y": 12.02,
            "last_16y": 10.36,
            "last_20y": 8.59,
            "at_2006_last_3y": 15.37,
            "at_2007_last_3y": 7.97,
            "at_2008_last_3y": 0.6,
            "at_2009_last_3y": 4.97,
            "at_2010_last_3y": 12.61,
            "at_2011_last_3y": 12.87,
            "at_2012_last_3y": 13.48,
            "at_2013_last_3y": 29.26,
            "at_2014_last_3y": 5.29,
            "at_2015_last_3y": 3.26,
            "at_2016_last_3y": 10.1,
            "at_2017_last_3y": 1.99,
            "at_2018_last_3y": -3.19,
            "at_2019_last_3y": -0.06,
            "at_2020_last_3y": -5.32,
            "at_2021_last_3y": 2.69,
            "at_2022_last_3y": 11.96,
            "at_2023_last_3y": 11.96,
            "at_2006_last_all": 14.75,
            "at_2007_last_all": 10.25,
            "at_2008_last_all": 6.72,
            "at_2009_last_all": 3.02,
            "at_2010_last_all": 13.8,
            "at_2011_last_all": 11.3,
            "at_2012_last_all": 9.18,
            "at_2013_last_all": 11.77,
            "at_2014_last_all": 11.18,
            "at_2015_last_all": 9,
            "at_2016_last_all": 9.42,
            "at_2017_last_all": 9.32,
            "at_2018_last_all": 7.8,
            "at_2019_last_all": 6.99,
            "at_2020_last_all": 6.32,
            "at_2021_last_all": 8,
            "at_2022_last_all": 8.59,
            "at_2023_last_all": 8.59
        },
        "latest_eps": 8.69,
        "latest_price": 157.5,
        "latest_roe": 20.33,
        "latest_gross_margin": 39.7,
        "latest_equity": 3700365,
        "latest_revenue": 1129483,
        "latest_gross_profit": 448439,
        "latest_net_income": 211587,
        "latest_debt_ratio": 28.33,
        "latest_current_ratio": 316.4,
        "latest_account_receivable_turnover_ratio": 0.8,
        "latest_inventory_turnover_ratio": 0.55,
        "latest_reinvestment_rate": 0.38,
        "latest_research_to_sale_ratio": 1.56
    },
    "eps_dividends": {
        "2001": {
            "cash": 0,
            "stock": 0,
            "eps": 2.93
        },
        "2002": {
            "cash": 2,
            "stock": 1,
            "eps": 3.29
        },
        "2003": {
            "cash": 2,
            "stock": 1,
            "eps": 3.86
        },
        "2004": {
            "cash": 2,
            "stock": 1,
            "eps": 4.44
        },
        "2005": {
            "cash": 2,
            "stock": 0,
            "eps": 2.65
        },
        "2006": {
            "cash": 2,
            "stock": 1,
            "eps": 4.49
        },
        "2007": {
            "cash": 2,
            "stock": 1,
            "eps": 3.94
        },
        "2008": {
            "cash": 3,
            "stock": 0,
            "eps": 3.37
        },
        "2009": {
            "cash": 3,
            "stock": 0,
            "eps": 2.6
        },
        "2010": {
            "cash": 3,
            "stock": 0,
            "eps": 5.53
        },
        "2011": {
            "cash": 6,
            "stock": 0,
            "eps": 4.91
        },
        "2012": {
            "cash": 0,
            "stock": 0,
            "eps": 4.32
        },
        "2013": {
            "cash": 3,
            "stock": 0,
            "eps": 6.06
        },
        "2014": {
            "cash": 5,
            "stock": 0,
            "eps": 6.31
        },
        "2015": {
            "cash": 4,
            "stock": 0,
            "eps": 5.09
        },
        "2016": {
            "cash": 4,
            "stock": 0,
            "eps": 5.87
        },
        "2017": {
            "cash": 4,
            "stock": 0,
            "eps": 6.33
        },
        "2018": {
            "cash": 4,
            "stock": 0,
            "eps": 5.28
        },
        "2019": {
            "cash": 4,
            "stock": 0,
            "eps": 4.92
        },
        "2020": {
            "cash": 4,
            "stock": 0,
            "eps": 4.64
        },
        "2021": {
            "cash": 4,
            "stock": 0,
            "eps": 6.49
        },
        "2022": {
            "cash": 5,
            "stock": 0,
            "eps": 7.82
        },
        "2023": {
            "cash": 6,
            "stock": 0,
            "eps": 2.54
        }
    },
    "dividends": {
        "2002-04-08": {
            "cash": 1.5,
            "stock": 1
        },
        "2003-03-25": {
            "cash": 1.5,
            "stock": 1
        },
        "2004-03-01": {
            "cash": 1.5,
            "stock": 1
        },
        "2005-03-22": {
            "cash": 1.97,
            "stock": 0.49
        },
        "2006-03-29": {
            "cash": 2,
            "stock": 0.5
        },
        "2007-02-16": {
            "cash": 2.2,
            "stock": 0.5
        },
        "2008-03-05": {
            "cash": 2.8,
            "stock": 0
        },
        "2009-03-24": {
            "cash": 2.8,
            "stock": 0
        },
        "2010-03-26": {
            "cash": 2.8,
            "stock": 0
        },
        "2011-01-01": {
            "cash": 3.2,
            "stock": 0
        },
        "2011-03-18": {
            "cash": 3.2,
            "stock": 0
        },
        "2013-03-26": {
            "cash": 3.2,
            "stock": 0
        },
        "2014-06-12": {
            "cash": 5,
            "stock": 0
        },
        "2015-08-13": {
            "cash": 4,
            "stock": 0
        },
        "2016-08-23": {
            "cash": 4,
            "stock": 0
        },
        "2017-08-10": {
            "cash": 4,
            "stock": 0
        },
        "2018-08-10": {
            "cash": 4.2,
            "stock": 0
        },
        "2019-08-22": {
            "cash": 4.2,
            "stock": 0
        },
        "2020-08-20": {
            "cash": 4.2,
            "stock": 0
        },
        "2021-09-03": {
            "cash": 4.2,
            "stock": 0
        },
        "2022-08-26": {
            "cash": 5,
            "stock": 0
        },
        "2023-03-16": {
            "cash": 5.6,
            "stock": 0
        }
    },
    "prices": {
        "200101": "無",
        "200102": "無",
        "200103": "無",
        "200104": "無",
        "200105": "無",
        "200106": "無",
        "200107": "無",
        "200108": "無",
        "200109": "無",
        "200110": "無",
        "200111": "無",
        "200112": "無",
        "200201": "47.32",
        "200202": "42.92",
        "200203": "41.51",
        "200204": "48.25",
        "200205": "47.61",
        "200206": "44.86",
        "200207": "43.34",
        "200208": "44.24",
        "200209": "43.22",
        "200210": "43.07",
        "200211": "47.52",
        "200212": "49.16",
        "200301": "49.86",
        "200302": "49.15",
        "200303": "46.80",
        "200304": "44.21",
        "200305": "39.15",
        "200306": "39.76",
        "200307": "41.23",
        "200308": "41.74",
        "200309": "38.78",
        "200310": "38.47",
        "200311": "39.46",
        "200312": "39.85",
        "200401": "40.29",
        "200402": "42.16",
        "200403": "42.97",
        "200404": "43.43",
        "200405": "40.78",
        "200406": "40.99",
        "200407": "39.76",
        "200408": "41.26",
        "200409": "40.88",
        "200410": "42.06",
        "200411": "41.51",
        "200412": "42.35",
        "200501": "42.45",
        "200502": "42.32",
        "200503": "42.43",
        "200504": "40.21",
        "200505": "39.16",
        "200506": "39.38",
        "200507": "39.00",
        "200508": "32.93",
        "200509": "30.02",
        "200510": "28.28",
        "200511": "27.77",
        "200512": "30.92",
        "200601": "31.07",
        "200602": "28.83",
        "200603": "28.84",
        "200604": "32.23",
        "200605": "34.33",
        "200606": "33.26",
        "200607": "33.27",
        "200608": "33.03",
        "200609": "32.89",
        "200610": "34.33",
        "200611": "34.84",
        "200612": "38.70",
        "200701": "45.55",
        "200702": "51.36",
        "200703": "47.61",
        "200704": "48.62",
        "200705": "47.11",
        "200706": "45.82",
        "200707": "44.24",
        "200708": "38.95",
        "200709": "38.69",
        "200710": "39.16",
        "200711": "39.08",
        "200712": "40.05",
        "200801": "38.43",
        "200802": "36.86",
        "200803": "37.70",
        "200804": "39.97",
        "200805": "40.02",
        "200806": "37.37",
        "200807": "33.06",
        "200808": "32.87",
        "200809": "31.93",
        "200810": "28.33",
        "200811": "27.24",
        "200812": "25.64",
        "200901": "23.87",
        "200902": "22.18",
        "200903": "24.44",
        "200904": "28.22",
        "200905": "28.96",
        "200906": "29.51",
        "200907": "26.90",
        "200908": "27.16",
        "200909": "28.00",
        "200910": "29.34",
        "200911": "30.32",
        "200912": "31.95",
        "201001": "32.64",
        "201002": "32.04",
        "201003": "35.93",
        "201004": "43.59",
        "201005": "41.63",
        "201006": "39.39",
        "201007": "39.46",
        "201008": "40.49",
        "201009": "43.20",
        "201010": "45.52",
        "201011": "46.78",
        "201012": "47.94",
        "201101": "47.69",
        "201102": "47.85",
        "201103": "49.05",
        "201104": "52.21",
        "201105": "51.78",
        "201106": "53.45",
        "201107": "57.88",
        "201108": "57.30",
        "201109": "50.01",
        "201110": "48.09",
        "201111": "48.05",
        "201112": "46.40",
        "201201": "47.92",
        "201202": "52.42",
        "201203": "54.16",
        "201204": "52.65",
        "201205": "50.68",
        "201206": "50.27",
        "201207": "48.63",
        "201208": "48.14",
        "201209": "47.98",
        "201210": "47.98",
        "201211": "47.70",
        "201212": "48.37",
        "201301": "50.10",
        "201302": "51.43",
        "201303": "52.31",
        "201304": "54.59",
        "201305": "60.28",
        "201306": "61.07",
        "201307": "66.26",
        "201308": "74.45",
        "201309": "77.60",
        "201310": "74.40",
        "201311": "76.51",
        "201312": "87.41",
        "201401": "89.80",
        "201402": "103.23",
        "201403": "131.90",
        "201404": "139.21",
        "201405": "137.21",
        "201406": "135.32",
        "201407": "125.02",
        "201408": "121.88",
        "201409": "118.50",
        "201410": "113.44",
        "201411": "107.65",
        "201412": "100.92",
        "201501": "99.76",
        "201502": "100.45",
        "201503": "109.02",
        "201504": "113.42",
        "201505": "105.52",
        "201506": "95.67",
        "201507": "86.41",
        "201508": "71.60",
        "201509": "73.72",
        "201510": "75.84",
        "201511": "73.51",
        "201512": "70.79",
        "201601": "74.56",
        "201602": "87.98",
        "201603": "87.58",
        "201604": "79.44",
        "201605": "75.76",
        "201606": "79.81",
        "201607": "85.76",
        "201608": "84.52",
        "201609": "86.37",
        "201610": "84.27",
        "201611": "81.60",
        "201612": "83.45",
        "201701": "82.62",
        "201702": "80.91",
        "201703": "80.17",
        "201704": "81.79",
        "201705": "81.28",
        "201706": "81.34",
        "201707": "81.90",
        "201708": "82.25",
        "201709": "81.75",
        "201710": "84.27",
        "201711": "88.76",
        "201712": "89.44",
        "201801": "91.94",
        "201802": "91.45",
        "201803": "90.33",
        "201804": "87.32",
        "201805": "85.78",
        "201806": "86.63",
        "201807": "86.33",
        "201808": "82.83",
        "201809": "78.64",
        "201810": "74.03",
        "201811": "70.46",
        "201812": "68.51",
        "201901": "70.83",
        "201902": "71.13",
        "201903": "72.04",
        "201904": "73.32",
        "201905": "71.84",
        "201906": "72.35",
        "201907": "73.67",
        "201908": "70.28",
        "201909": "70.90",
        "201910": "70.19",
        "201911": "69.82",
        "201912": "69.63",
        "202001": "69.91",
        "202002": "67.85",
        "202003": "60.98",
        "202004": "63.69",
        "202005": "64.46",
        "202006": "66.25",
        "202007": "67.84",
        "202008": "64.20",
        "202009": "64.21",
        "202010": "64.37",
        "202011": "66.05",
        "202012": "67.97",
        "202101": "69.20",
        "202102": "81.84",
        "202103": "92.05",
        "202104": "99.36",
        "202105": "88.93",
        "202106": "93.39",
        "202107": "101.18",
        "202108": "92.62",
        "202109": "86.95",
        "202110": "86.56",
        "202111": "87.96",
        "202112": "89.89",
        "202201": "93.78",
        "202202": "91.61",
        "202203": "89.17",
        "202204": "88.50",
        "202205": "85.06",
        "202206": "85.15",
        "202207": "83.98",
        "202208": "90.87",
        "202209": "100.61",
        "202210": "102.80",
        "202211": "112.20",
        "202212": "107.57",
        "202301": "104.58",
        "202302": "117.00",
        "202303": "118.30",
        "202304": "136.29",
        "202305": "153.63"
    },
    "quarters": {
        "20011": {
            "year_quarter": 20011,
            "year": 2001,
            "quarter": 1,
            "eps": 0.65,
            "eps_growth_year": null,
            "eps_4q": null,
            "eps_4q_growth_year": null,
            "roe": 3.8,
            "roe_4q": 3.8,
            "gross_profit": 67287,
            "gross_margin": 30.38,
            "gross_margin_4q_avg": 30.38,
            "net_income": 27096,
            "revenue": 221500,
            "common_shares": 420000,
            "book_valuer_per_share": 17.3,
            "book_valuer_per_share_4q_avg": 17.3,
            "equity": 726695,
            "current_ratio": 250.72,
            "debt_ratio": 25.13,
            "inventory_turnover_ratio": 1.22,
            "account_receivable_turnover_ratio": null,
            "reinvestment_rate": null,
            "research_to_sale_ratio": null,
            "price_fair": 0,
            "eps_avg_yearly": 0,
            "eps_latest_yearly": 0,
            "eps_growth_yearly": 0
        },
        "20012": {
            "year_quarter": 20012,
            "year": 2001,
            "quarter": 2,
            "eps": 0.83,
            "eps_growth_year": null,
            "eps_4q": null,
            "eps_4q_growth_year": null,
            "roe": 4.88,
            "roe_4q": 8.68,
            "gross_profit": 68208,
            "gross_margin": 32.33,
            "gross_margin_4q_avg": 31.36,
            "net_income": 34851,
            "revenue": 210978,
            "common_shares": 420000,
            "book_valuer_per_share": 16.69,
            "book_valuer_per_share_4q_avg": 17,
            "equity": 700946,
            "current_ratio": 188.01,
            "debt_ratio": 31.34,
            "inventory_turnover_ratio": 1.06,
            "account_receivable_turnover_ratio": null,
            "reinvestment_rate": null,
            "research_to_sale_ratio": null,
            "price_fair": 0,
            "eps_avg_yearly": 0,
            "eps_latest_yearly": 0,
            "eps_growth_yearly": 0
        },
        "20013": {
            "year_quarter": 20013,
            "year": 2001,
            "quarter": 3,
            "eps": 0.72,
            "eps_growth_year": null,
            "eps_4q": null,
            "eps_4q_growth_year": null,
            "roe": 4.69,
            "roe_4q": 13.370000000000001,
            "gross_profit": 66989,
            "gross_margin": 30.42,
            "gross_margin_4q_avg": 31.04,
            "net_income": 33661,
            "revenue": 220229,
            "common_shares": 464380,
            "book_valuer_per_share": 15.84,
            "book_valuer_per_share_4q_avg": 16.61,
            "equity": 735691,
            "current_ratio": 230.8,
            "debt_ratio": 26.71,
            "inventory_turnover_ratio": 1.06,
            "account_receivable_turnover_ratio": null,
            "reinvestment_rate": null,
            "research_to_sale_ratio": null,
            "price_fair": 0,
            "eps_avg_yearly": 0,
            "eps_latest_yearly": 0,
            "eps_growth_yearly": 0
        },
        "20014": {
            "year_quarter": 20014,
            "year": 2001,
            "quarter": 4,
            "eps": 0.73,
            "eps_growth_year": null,
            "eps_4q": 2.78,
            "eps_4q_growth_year": null,
            "roe": 4.56,
            "roe_4q": 17.93,
            "gross_profit": 70369,
            "gross_margin": 31.16,
            "gross_margin_4q_avg": 31.07,
            "net_income": 34077,
            "revenue": 225853,
            "common_shares": 464380,
            "book_valuer_per_share": 16.31,
            "book_valuer_per_share_4q_avg": 16.54,
            "equity": 757376,
            "current_ratio": 241.25,
            "debt_ratio": 27.58,
            "inventory_turnover_ratio": 0.96,
            "account_receivable_turnover_ratio": null,
            "reinvestment_rate": null,
            "research_to_sale_ratio": null,
            "price_fair": 0,
            "eps_avg_yearly": 0,
            "eps_latest_yearly": 0,
            "eps_growth_yearly": 0
        },
        "20021": {
            "year_quarter": 20021,
            "year": 2002,
            "quarter": 1,
            "eps": 0.82,
            "eps_growth_year": 26.15,
            "eps_4q": 3.03,
            "eps_4q_growth_year": null,
            "roe": 4.9,
            "roe_4q": 19.03,
            "gross_profit": 76887,
            "gross_margin": 32.15,
            "gross_margin_4q_avg": 31.52,
            "net_income": 38068,
            "revenue": 239154,
            "common_shares": 464380,
            "book_valuer_per_share": 17.13,
            "book_valuer_per_share_4q_avg": 16.49,
            "equity": 795391,
            "current_ratio": 252.38,
            "debt_ratio": 25.31,
            "inventory_turnover_ratio": 1,
            "account_receivable_turnover_ratio": null,
            "reinvestment_rate": null,
            "research_to_sale_ratio": null,
            "price_fair": 114.8,
            "eps_avg_yearly": 3.28,
            "eps_latest_yearly": 3.28,
            "eps_growth_yearly": 49.32
        },
        "20022": {
            "year_quarter": 20022,
            "year": 2002,
            "quarter": 2,
            "eps": 0.68,
            "eps_growth_year": -18.07,
            "eps_4q": 2.76,
            "eps_4q_growth_year": null,
            "roe": 4.5,
            "roe_4q": 18.650000000000002,
            "gross_profit": 83317,
            "gross_margin": 31.92,
            "gross_margin_4q_avg": 31.41,
            "net_income": 34672,
            "revenue": 261010,
            "common_shares": 513125,
            "book_valuer_per_share": 14.55,
            "book_valuer_per_share_4q_avg": 15.96,
            "equity": 746771,
            "current_ratio": 180.7,
            "debt_ratio": 32.06,
            "inventory_turnover_ratio": 1.23,
            "account_receivable_turnover_ratio": null,
            "reinvestment_rate": null,
            "research_to_sale_ratio": null,
            "price_fair": 9,
            "eps_avg_yearly": 3,
            "eps_latest_yearly": 2.72,
            "eps_growth_yearly": -9.49
        },
        "20023": {
            "year_quarter": 20023,
            "year": 2002,
            "quarter": 3,
            "eps": 0.88,
            "eps_growth_year": 22.22,
            "eps_4q": 2.97,
            "eps_4q_growth_year": null,
            "roe": 5.82,
            "roe_4q": 19.78,
            "gross_profit": 82561,
            "gross_margin": 31.6,
            "gross_margin_4q_avg": 31.71,
            "net_income": 44910,
            "revenue": 261288,
            "common_shares": 513125,
            "book_valuer_per_share": 15.54,
            "book_valuer_per_share_4q_avg": 15.88,
            "equity": 797273,
            "current_ratio": 204.2,
            "debt_ratio": 28.15,
            "inventory_turnover_ratio": 1.2,
            "account_receivable_turnover_ratio": null,
            "reinvestment_rate": null,
            "research_to_sale_ratio": null,
            "price_fair": 111.07,
            "eps_avg_yearly": 3.17,
            "eps_latest_yearly": 3.52,
            "eps_growth_yearly": 32.89
        },
        "20024": {
            "year_quarter": 20024,
            "year": 2002,
            "quarter": 4,
            "eps": 0.91,
            "eps_growth_year": 24.66,
            "eps_4q": 3.19,
            "eps_4q_growth_year": 14.88,
            "roe": 5.73,
            "roe_4q": 20.950000000000003,
            "gross_profit": 74977,
            "gross_margin": 30.6,
            "gross_margin_4q_avg": 31.57,
            "net_income": 46927,
            "revenue": 245053,
            "common_shares": 513125,
            "book_valuer_per_share": 16.36,
            "book_valuer_per_share_4q_avg": 15.9,
            "equity": 839283,
            "current_ratio": 228.4,
            "debt_ratio": 29.24,
            "inventory_turnover_ratio": 0.92,
            "account_receivable_turnover_ratio": null,
            "reinvestment_rate": null,
            "research_to_sale_ratio": null,
            "price_fair": 115.15,
            "eps_avg_yearly": 3.29,
            "eps_latest_yearly": 3.64,
            "eps_growth_yearly": 28.08
        },
        "20031": {
            "year_quarter": 20031,
            "year": 2003,
            "quarter": 1,
            "eps": 0.6,
            "eps_growth_year": -26.83,
            "eps_4q": 3.08,
            "eps_4q_growth_year": 1.77,
            "roe": 3.58,
            "roe_4q": 19.630000000000003,
            "gross_profit": 69773,
            "gross_margin": 27.42,
            "gross_margin_4q_avg": 30.39,
            "net_income": 30566,
            "revenue": 254448,
            "common_shares": 513125,
            "book_valuer_per_share": 16.94,
            "book_valuer_per_share_4q_avg": 15.85,
            "equity": 869192,
            "current_ratio": 229.6,
            "debt_ratio": 26.71,
            "inventory_turnover_ratio": 0.92,
            "account_receivable_turnover_ratio": null,
            "reinvestment_rate": null,
            "research_to_sale_ratio": null,
            "price_fair": 9.34,
            "eps_avg_yearly": 3.11,
            "eps_latest_yearly": 2.4,
            "eps_growth_yearly": -4.79
        },
        "20032": {
            "year_quarter": 20032,
            "year": 2003,
            "quarter": 2,
            "eps": 0.96,
            "eps_growth_year": 41.18,
            "eps_4q": 3.34,
            "eps_4q_growth_year": 21.08,
            "roe": 5.81,
            "roe_4q": 20.94,
            "gross_profit": 84102,
            "gross_margin": 29.84,
            "gross_margin_4q_avg": 29.87,
            "net_income": 49459,
            "revenue": 281883,
            "common_shares": 513125,
            "book_valuer_per_share": 16.24,
            "book_valuer_per_share_4q_avg": 16.27,
            "equity": 833201,
            "current_ratio": 171.08,
            "debt_ratio": 33.39,
            "inventory_turnover_ratio": 1.07,
            "account_receivable_turnover_ratio": null,
            "reinvestment_rate": null,
            "research_to_sale_ratio": null,
            "price_fair": 113.17,
            "eps_avg_yearly": 3.23,
            "eps_latest_yearly": 3.84,
            "eps_growth_yearly": 36.01
        },
        "20033": {
            "year_quarter": 20033,
            "year": 2003,
            "quarter": 3,
            "eps": 0.98,
            "eps_growth_year": 11.36,
            "eps_4q": 3.23,
            "eps_4q_growth_year": 8.52,
            "roe": 6.45,
            "roe_4q": 21.57,
            "gross_profit": 94742,
            "gross_margin": 30.79,
            "gross_margin_4q_avg": 29.66,
            "net_income": 55383,
            "revenue": 307725,
            "common_shares": 567992,
            "book_valuer_per_share": 15.56,
            "book_valuer_per_share_4q_avg": 16.28,
            "equity": 883762,
            "current_ratio": 203.79,
            "debt_ratio": 29.12,
            "inventory_turnover_ratio": 1.15,
            "account_receivable_turnover_ratio": null,
            "reinvestment_rate": null,
            "research_to_sale_ratio": null,
            "price_fair": 116.6,
            "eps_avg_yearly": 3.33,
            "eps_latest_yearly": 3.92,
            "eps_growth_yearly": 32.05
        },
        "20034": {
            "year_quarter": 20034,
            "year": 2003,
            "quarter": 4,
            "eps": 1.32,
            "eps_growth_year": 45.05,
            "eps_4q": 3.71,
            "eps_4q_growth_year": 16.31,
            "roe": 8.13,
            "roe_4q": 23.97,
            "gross_profit": 84400,
            "gross_margin": 29.82,
            "gross_margin_4q_avg": 29.47,
            "net_income": 74728,
            "revenue": 283016,
            "common_shares": 567992,
            "book_valuer_per_share": 16.82,
            "book_valuer_per_share_4q_avg": 16.39,
            "equity": 955645,
            "current_ratio": 324.13,
            "debt_ratio": 24.39,
            "inventory_turnover_ratio": 0.99,
            "account_receivable_turnover_ratio": null,
            "reinvestment_rate": null,
            "research_to_sale_ratio": null,
            "price_fair": 125.13,
            "eps_avg_yearly": 3.58,
            "eps_latest_yearly": 5.28,
            "eps_growth_yearly": 45.39
        },
        "20041": {
            "year_quarter": 20041,
            "year": 2004,
            "quarter": 1,
            "eps": 1,
            "eps_growth_year": 66.67,
            "eps_4q": 4.15,
            "eps_4q_growth_year": 34.53,
            "roe": 5.81,
            "roe_4q": 26.2,
            "gross_profit": 93858,
            "gross_margin": 30.86,
            "gross_margin_4q_avg": 30.33,
            "net_income": 57043,
            "revenue": 304191,
            "common_shares": 567992,
            "book_valuer_per_share": 17.72,
            "book_valuer_per_share_4q_avg": 16.59,
            "equity": 1006606,
            "current_ratio": 352.66,
            "debt_ratio": 20.65,
            "inventory_turnover_ratio": 1.05,
            "account_receivable_turnover_ratio": null,
            "reinvestment_rate": null,
            "research_to_sale_ratio": null,
            "price_fair": 126.78,
            "eps_avg_yearly": 3.62,
            "eps_latest_yearly": 4,
            "eps_growth_yearly": 29.58
        },
        "20042": {
            "year_quarter": 20042,
            "year": 2004,
            "quarter": 2,
            "eps": 0.93,
            "eps_growth_year": -3.12,
            "eps_4q": 3.89,
            "eps_4q_growth_year": 16.67,
            "roe": 5.95,
            "roe_4q": 26.34,
            "gross_profit": 99094,
            "gross_margin": 30.43,
            "gross_margin_4q_avg": 30.48,
            "net_income": 58762,
            "revenue": 325642,
            "common_shares": 567992,
            "book_valuer_per_share": 17.06,
            "book_valuer_per_share_4q_avg": 16.79,
            "equity": 969129,
            "current_ratio": 308.41,
            "debt_ratio": 41.56,
            "inventory_turnover_ratio": 1.2,
            "account_receivable_turnover_ratio": null,
            "reinvestment_rate": null,
            "research_to_sale_ratio": null,
            "price_fair": 122.83,
            "eps_avg_yearly": 3.63,
            "eps_latest_yearly": 3.72,
            "eps_growth_yearly": 23.82
        },
        "20043": {
            "year_quarter": 20043,
            "year": 2004,
            "quarter": 3,
            "eps": 1.48,
            "eps_growth_year": 51.02,
            "eps_4q": 4.51,
            "eps_4q_growth_year": 39.65,
            "roe": 9.13,
            "roe_4q": 29.020000000000003,
            "gross_profit": 110404,
            "gross_margin": 30.22,
            "gross_margin_4q_avg": 30.33,
            "net_income": 93198,
            "revenue": 365345,
            "common_shares": 632077,
            "book_valuer_per_share": 16.98,
            "book_valuer_per_share_4q_avg": 17.15,
            "equity": 1073069,
            "current_ratio": 447.23,
            "debt_ratio": 35.24,
            "inventory_turnover_ratio": 1.31,
            "account_receivable_turnover_ratio": null,
            "reinvestment_rate": null,
            "research_to_sale_ratio": null,
            "price_fair": 134.4,
            "eps_avg_yearly": 3.84,
            "eps_latest_yearly": 5.92,
            "eps_growth_yearly": 43.16
        },
        "20044": {
            "year_quarter": 20044,
            "year": 2004,
            "quarter": 4,
            "eps": 1.03,
            "eps_growth_year": -21.97,
            "eps_4q": 4.34,
            "eps_4q_growth_year": 16.85,
            "roe": 5.73,
            "roe_4q": 26.62,
            "gross_profit": 122766,
            "gross_margin": 29.63,
            "gross_margin_4q_avg": 30.29,
            "net_income": 65090,
            "revenue": 414317,
            "common_shares": 632077,
            "book_valuer_per_share": 18.98,
            "book_valuer_per_share_4q_avg": 17.69,
            "equity": 1199420,
            "current_ratio": 410.61,
            "debt_ratio": 32.67,
            "inventory_turnover_ratio": 1.25,
            "account_receivable_turnover_ratio": null,
            "reinvestment_rate": 32.34,
            "research_to_sale_ratio": null,
            "price_fair": 135.22,
            "eps_avg_yearly": 3.86,
            "eps_latest_yearly": 4.12,
            "eps_growth_yearly": 29.43
        },
        "20051": {
            "year_quarter": 20051,
            "year": 2005,
            "quarter": 1,
            "eps": 0.88,
            "eps_growth_year": -12,
            "eps_4q": 4.17,
            "eps_4q_growth_year": 0.57,
            "roe": 4.56,
            "roe_4q": 25.37,
            "gross_profit": 96578,
            "gross_margin": 29.41,
            "gross_margin_4q_avg": 29.92,
            "net_income": 58030,
            "revenue": 328353,
            "common_shares": 679339,
            "book_valuer_per_share": 19.79,
            "book_valuer_per_share_4q_avg": 18.2,
            "equity": 1344250,
            "current_ratio": 522.41,
            "debt_ratio": 22.83,
            "inventory_turnover_ratio": 0.95,
            "account_receivable_turnover_ratio": null,
            "reinvestment_rate": 23.32,
            "research_to_sale_ratio": null,
            "price_fair": 125.4,
            "eps_avg_yearly": 3.84,
            "eps_latest_yearly": 3.52,
            "eps_growth_yearly": 22.68
        },
        "20052": {
            "year_quarter": 20052,
            "year": 2005,
            "quarter": 2,
            "eps": 0.06,
            "eps_growth_year": -93.55,
            "eps_4q": 3.27,
            "eps_4q_growth_year": -15.93,
            "roe": 0.32,
            "roe_4q": 19.740000000000002,
            "gross_profit": 107614,
            "gross_margin": 31.39,
            "gross_margin_4q_avg": 30.16,
            "net_income": 4041,
            "revenue": 342806,
            "common_shares": 681686,
            "book_valuer_per_share": 17.68,
            "book_valuer_per_share_4q_avg": 18.36,
            "equity": 1205289,
            "current_ratio": 223.65,
            "debt_ratio": 33.45,
            "inventory_turnover_ratio": 1.06,
            "account_receivable_turnover_ratio": null,
            "reinvestment_rate": 28.96,
            "research_to_sale_ratio": null,
            "price_fair": 10.74,
            "eps_avg_yearly": 3.58,
            "eps_latest_yearly": 0.24,
            "eps_growth_yearly": -5.56
        },
        "20053": {
            "year_quarter": 20053,
            "year": 2005,
            "quarter": 3,
            "eps": 1,
            "eps_growth_year": -32.43,
            "eps_4q": 2.78,
            "eps_4q_growth_year": -38.26,
            "roe": 5.66,
            "roe_4q": 16.27,
            "gross_profit": 99655,
            "gross_margin": 30.72,
            "gross_margin_4q_avg": 30.29,
            "net_income": 71367,
            "revenue": 324402,
            "common_shares": 721853,
            "book_valuer_per_share": 18.26,
            "book_valuer_per_share_4q_avg": 18.68,
            "equity": 1318037,
            "current_ratio": 218.29,
            "debt_ratio": 24.13,
            "inventory_turnover_ratio": 1.02,
            "account_receivable_turnover_ratio": null,
            "reinvestment_rate": 35.4,
            "research_to_sale_ratio": null,
            "price_fair": 126.28,
            "eps_avg_yearly": 3.61,
            "eps_latest_yearly": 4,
            "eps_growth_yearly": 412.59
        },
        "20054": {
            "year_quarter": 20054,
            "year": 2005,
            "quarter": 4,
            "eps": 0.71,
            "eps_growth_year": -31.07,
            "eps_4q": 2.57,
            "eps_4q_growth_year": -40.77,
            "roe": 3.78,
            "roe_4q": 14.32,
            "gross_profit": 87011,
            "gross_margin": 29.36,
            "gross_margin_4q_avg": 30.22,
            "net_income": 50965,
            "revenue": 296359,
            "common_shares": 721853,
            "book_valuer_per_share": 19.08,
            "book_valuer_per_share_4q_avg": 18.7,
            "equity": 1377335,
            "current_ratio": 257.01,
            "debt_ratio": 25.18,
            "inventory_turnover_ratio": 0.81,
            "account_receivable_turnover_ratio": null,
            "reinvestment_rate": 45.91,
            "research_to_sale_ratio": null,
            "price_fair": 124.6,
            "eps_avg_yearly": 3.56,
            "eps_latest_yearly": 2.84,
            "eps_growth_yearly": 379.55
        },
        "20061": {
            "year_quarter": 20061,
            "year": 2006,
            "quarter": 1,
            "eps": 0.96,
            "eps_growth_year": 9.09,
            "eps_4q": 2.72,
            "eps_4q_growth_year": -34.91,
            "roe": 4.89,
            "roe_4q": 14.65,
            "gross_profit": 100838,
            "gross_margin": 30.21,
            "gross_margin_4q_avg": 30.42,
            "net_income": 69114,
            "revenue": 333827,
            "common_shares": 721853,
            "book_valuer_per_share": 20.04,
            "book_valuer_per_share_4q_avg": 18.77,
            "equity": 1446806,
            "current_ratio": 217.69,
            "debt_ratio": 24.34,
            "inventory_turnover_ratio": 0.88,
            "account_receivable_turnover_ratio": null,
            "reinvestment_rate": 39.77,
            "research_to_sale_ratio": null,
            "price_fair": 125.83,
            "eps_avg_yearly": 3.6,
            "eps_latest_yearly": 3.84,
            "eps_growth_yearly": 385.27
        },
        "20062": {
            "year_quarter": 20062,
            "year": 2006,
            "quarter": 2,
            "eps": 1.09,
            "eps_growth_year": 1716.67,
            "eps_4q": 3.62,
            "eps_4q_growth_year": 10.52,
            "roe": 5.86,
            "roe_4q": 20.189999999999998,
            "gross_profit": 117599,
            "gross_margin": 31.36,
            "gross_margin_4q_avg": 30.41,
            "net_income": 82613,
            "revenue": 375022,
            "common_shares": 721853,
            "book_valuer_per_share": 19.04,
            "book_valuer_per_share_4q_avg": 19.11,
            "equity": 1374215,
            "current_ratio": 174.15,
            "debt_ratio": 32.24,
            "inventory_turnover_ratio": 1.12,
            "account_receivable_turnover_ratio": null,
            "reinvestment_rate": 34.19,
            "research_to_sale_ratio": null,
            "price_fair": 129.41,
            "eps_avg_yearly": 3.7,
            "eps_latest_yearly": 4.36,
            "eps_growth_yearly": 392.92
        },
        "20063": {
            "year_quarter": 20063,
            "year": 2006,
            "quarter": 3,
            "eps": 0.95,
            "eps_growth_year": -5,
            "eps_4q": 3.62,
            "eps_4q_growth_year": 30.23,
            "roe": 5.08,
            "roe_4q": 19.610000000000003,
            "gross_profit": 112482,
            "gross_margin": 30.52,
            "gross_margin_4q_avg": 30.36,
            "net_income": 72045,
            "revenue": 368537,
            "common_shares": 759996,
            "book_valuer_per_share": 19.22,
            "book_valuer_per_share_4q_avg": 19.35,
            "equity": 1460897,
            "current_ratio": 215.82,
            "debt_ratio": 26.16,
            "inventory_turnover_ratio": 1.07,
            "account_receivable_turnover_ratio": null,
            "reinvestment_rate": 32.9,
            "research_to_sale_ratio": null,
            "price_fair": 130.03,
            "eps_avg_yearly": 3.72,
            "eps_latest_yearly": 3.8,
            "eps_growth_yearly": 382.36
        },
        "20064": {
            "year_quarter": 20064,
            "year": 2006,
            "quarter": 4,
            "eps": 1.49,
            "eps_growth_year": 109.86,
            "eps_4q": 4.43,
            "eps_4q_growth_year": 72.51,
            "roe": 7.5,
            "roe_4q": 23.330000000000002,
            "gross_profit": 114445,
            "gross_margin": 30.02,
            "gross_margin_4q_avg": 30.53,
            "net_income": 113339,
            "revenue": 381268,
            "common_shares": 763191,
            "book_valuer_per_share": 20.48,
            "book_valuer_per_share_4q_avg": 19.7,
            "equity": 1563057,
            "current_ratio": 292.25,
            "debt_ratio": 24.78,
            "inventory_turnover_ratio": 0.92,
            "account_receivable_turnover_ratio": null,
            "reinvestment_rate": 40.81,
            "research_to_sale_ratio": null,
            "price_fair": 135.1,
            "eps_avg_yearly": 3.86,
            "eps_latest_yearly": 5.96,
            "eps_growth_yearly": 395.72
        },
        "20071": {
            "year_quarter": 20071,
            "year": 2007,
            "quarter": 1,
            "eps": 0.86,
            "eps_growth_year": -10.42,
            "eps_4q": 4.35,
            "eps_4q_growth_year": 60.04,
            "roe": 4.06,
            "roe_4q": 22.5,
            "gross_profit": 105486,
            "gross_margin": 30.11,
            "gross_margin_4q_avg": 30.5,
            "net_income": 66121,
            "revenue": 350292,
            "common_shares": 779964,
            "book_valuer_per_share": 21.7,
            "book_valuer_per_share_4q_avg": 20.11,
            "equity": 1692235,
            "current_ratio": 305.28,
            "debt_ratio": 19.84,
            "inventory_turnover_ratio": 0.83,
            "account_receivable_turnover_ratio": null,
            "reinvestment_rate": 32.35,
            "research_to_sale_ratio": null,
            "price_fair": 137.38,
            "eps_avg_yearly": 3.93,
            "eps_latest_yearly": 3.44,
            "eps_growth_yearly": 393.67
        },
        "20072": {
            "year_quarter": 20072,
            "year": 2007,
            "quarter": 2,
            "eps": 0.77,
            "eps_growth_year": -29.36,
            "eps_4q": 3.86,
            "eps_4q_growth_year": 6.8,
            "roe": 3.83,
            "roe_4q": 20.47,
            "gross_profit": 106693,
            "gross_margin": 29.1,
            "gross_margin_4q_avg": 29.94,
            "net_income": 62633,
            "revenue": 366706,
            "common_shares": 780251,
            "book_valuer_per_share": 20.18,
            "book_valuer_per_share_4q_avg": 20.4,
            "equity": 1574213,
            "current_ratio": 195.44,
            "debt_ratio": 30.33,
            "inventory_turnover_ratio": 1.02,
            "account_receivable_turnover_ratio": null,
            "reinvestment_rate": 28.25,
            "research_to_sale_ratio": null,
            "price_fair": 135.71,
            "eps_avg_yearly": 3.88,
            "eps_latest_yearly": 3.08,
            "eps_growth_yearly": 376.05
        },
        "20073": {
            "year_quarter": 20073,
            "year": 2007,
            "quarter": 3,
            "eps": 0.85,
            "eps_growth_year": -10.53,
            "eps_4q": 3.82,
            "eps_4q_growth_year": 5.32,
            "roe": 4.31,
            "roe_4q": 19.7,
            "gross_profit": 106493,
            "gross_margin": 27.46,
            "gross_margin_4q_avg": 29.17,
            "net_income": 69388,
            "revenue": 387780,
            "common_shares": 822621,
            "book_valuer_per_share": 20,
            "book_valuer_per_share_4q_avg": 20.59,
            "equity": 1645653,
            "current_ratio": 257.36,
            "debt_ratio": 23.92,
            "inventory_turnover_ratio": 1.05,
            "account_receivable_turnover_ratio": null,
            "reinvestment_rate": 27.89,
            "research_to_sale_ratio": null,
            "price_fair": 134.58,
            "eps_avg_yearly": 3.85,
            "eps_latest_yearly": 3.4,
            "eps_growth_yearly": 378.13
        },
        "20074": {
            "year_quarter": 20074,
            "year": 2007,
            "quarter": 4,
            "eps": 1.46,
            "eps_growth_year": -2.01,
            "eps_4q": 3.87,
            "eps_4q_growth_year": -12.65,
            "roe": 7.1,
            "roe_4q": 19.3,
            "gross_profit": 155245,
            "gross_margin": 31.61,
            "gross_margin_4q_avg": 29.57,
            "net_income": 119972,
            "revenue": 491138,
            "common_shares": 825000,
            "book_valuer_per_share": 21,
            "book_valuer_per_share_4q_avg": 20.72,
            "equity": 1732882,
            "current_ratio": 299.59,
            "debt_ratio": 26.88,
            "inventory_turnover_ratio": 1.04,
            "account_receivable_turnover_ratio": null,
            "reinvestment_rate": 34.63,
            "research_to_sale_ratio": null,
            "price_fair": 135.8,
            "eps_avg_yearly": 3.88,
            "eps_latest_yearly": 5.84,
            "eps_growth_yearly": 387.39
        },
        "20081": {
            "year_quarter": 20081,
            "year": 2008,
            "quarter": 1,
            "eps": 0.85,
            "eps_growth_year": -1.16,
            "eps_4q": 3.9,
            "eps_4q_growth_year": -10.37,
            "roe": 4.01,
            "roe_4q": 19.25,
            "gross_profit": 155119,
            "gross_margin": 30.55,
            "gross_margin_4q_avg": 29.68,
            "net_income": 70340,
            "revenue": 507727,
            "common_shares": 825000,
            "book_valuer_per_share": 21.52,
            "book_valuer_per_share_4q_avg": 20.68,
            "equity": 1775241,
            "current_ratio": 346.78,
            "debt_ratio": 25.42,
            "inventory_turnover_ratio": 0.94,
            "account_receivable_turnover_ratio": null,
            "reinvestment_rate": 40.34,
            "research_to_sale_ratio": null,
            "price_fair": 134.49,
            "eps_avg_yearly": 3.84,
            "eps_latest_yearly": 3.4,
            "eps_growth_yearly": 383.01
        },
        "20082": {
            "year_quarter": 20082,
            "year": 2008,
            "quarter": 2,
            "eps": 1.11,
            "eps_growth_year": 44.16,
            "eps_4q": 4.27,
            "eps_4q_growth_year": 10.5,
            "roe": 5.38,
            "roe_4q": 20.8,
            "gross_profit": 167587,
            "gross_margin": 30.63,
            "gross_margin_4q_avg": 30.06,
            "net_income": 91294,
            "revenue": 547174,
            "common_shares": 830241,
            "book_valuer_per_share": 19.53,
            "book_valuer_per_share_4q_avg": 20.51,
            "equity": 1621637,
            "current_ratio": 265.35,
            "debt_ratio": 30.66,
            "inventory_turnover_ratio": 0.99,
            "account_receivable_turnover_ratio": null,
            "reinvestment_rate": 32.24,
            "research_to_sale_ratio": null,
            "price_fair": 136.06,
            "eps_avg_yearly": 3.89,
            "eps_latest_yearly": 4.44,
            "eps_growth_yearly": 392.41
        },
        "20083": {
            "year_quarter": 20083,
            "year": 2008,
            "quarter": 3,
            "eps": 0.9,
            "eps_growth_year": 5.88,
            "eps_4q": 4.29,
            "eps_4q_growth_year": 12.56,
            "roe": 4.44,
            "roe_4q": 20.93,
            "gross_profit": 148436,
            "gross_margin": 30.01,
            "gross_margin_4q_avg": 30.7,
            "net_income": 74657,
            "revenue": 494700,
            "common_shares": 830422,
            "book_valuer_per_share": 21.01,
            "book_valuer_per_share_4q_avg": 20.77,
            "equity": 1744837,
            "current_ratio": 467.57,
            "debt_ratio": 20.56,
            "inventory_turnover_ratio": 0.87,
            "account_receivable_turnover_ratio": null,
            "reinvestment_rate": 31,
            "research_to_sale_ratio": null,
            "price_fair": 130.99,
            "eps_avg_yearly": 3.74,
            "eps_latest_yearly": 3.6,
            "eps_growth_yearly": 372.89
        },
        "20084": {
            "year_quarter": 20084,
            "year": 2008,
            "quarter": 4,
            "eps": 0.51,
            "eps_growth_year": -65.07,
            "eps_4q": 3.34,
            "eps_4q_growth_year": -13.8,
            "roe": 2.39,
            "roe_4q": 16.22,
            "gross_profit": 113484,
            "gross_margin": 28.86,
            "gross_margin_4q_avg": 30.01,
            "net_income": 42629,
            "revenue": 393246,
            "common_shares": 830422,
            "book_valuer_per_share": 21.95,
            "book_valuer_per_share_4q_avg": 21,
            "equity": 1823068,
            "current_ratio": 621.46,
            "debt_ratio": 18.06,
            "inventory_turnover_ratio": 0.69,
            "account_receivable_turnover_ratio": 1.52,
            "reinvestment_rate": 18.86,
            "research_to_sale_ratio": null,
            "price_fair": 126.44,
            "eps_avg_yearly": 3.61,
            "eps_latest_yearly": 2.04,
            "eps_growth_yearly": 369.66
        },
        "20091": {
            "year_quarter": 20091,
            "year": 2009,
            "quarter": 1,
            "eps": 0.34,
            "eps_growth_year": -60,
            "eps_4q": 2.88,
            "eps_4q_growth_year": -25.94,
            "roe": 1.51,
            "roe_4q": 13.719999999999999,
            "gross_profit": 82301,
            "gross_margin": 27.97,
            "gross_margin_4q_avg": 29.37,
            "net_income": 27870,
            "revenue": 294257,
            "common_shares": 830422,
            "book_valuer_per_share": 22.46,
            "book_valuer_per_share_4q_avg": 21.24,
            "equity": 1865011,
            "current_ratio": 736.79,
            "debt_ratio": 16.99,
            "inventory_turnover_ratio": 0.55,
            "account_receivable_turnover_ratio": 0.64,
            "reinvestment_rate": 24.67,
            "research_to_sale_ratio": null,
            "price_fair": 121.71,
            "eps_avg_yearly": 3.48,
            "eps_latest_yearly": 1.36,
            "eps_growth_yearly": 364.97
        },
        "20092": {
            "year_quarter": 20092,
            "year": 2009,
            "quarter": 2,
            "eps": 0.66,
            "eps_growth_year": -40.54,
            "eps_4q": 2.4,
            "eps_4q_growth_year": -43.72,
            "roe": 3.1,
            "roe_4q": 11.440000000000001,
            "gross_profit": 119027,
            "gross_margin": 34.78,
            "gross_margin_4q_avg": 30.41,
            "net_income": 55000,
            "revenue": 342210,
            "common_shares": 831613,
            "book_valuer_per_share": 20.25,
            "book_valuer_per_share_4q_avg": 21.42,
            "equity": 1683749,
            "current_ratio": 326.52,
            "debt_ratio": 27.21,
            "inventory_turnover_ratio": 0.59,
            "account_receivable_turnover_ratio": 0.83,
            "reinvestment_rate": 19.06,
            "research_to_sale_ratio": null,
            "price_fair": 126.96,
            "eps_avg_yearly": 3.63,
            "eps_latest_yearly": 2.64,
            "eps_growth_yearly": 411.79
        },
        "20093": {
            "year_quarter": 20093,
            "year": 2009,
            "quarter": 3,
            "eps": 0.59,
            "eps_growth_year": -34.44,
            "eps_4q": 2.11,
            "eps_4q_growth_year": -50.88,
            "roe": 2.86,
            "roe_4q": 9.86,
            "gross_profit": 120216,
            "gross_margin": 32.44,
            "gross_margin_4q_avg": 31.01,
            "net_income": 48729,
            "revenue": 370602,
            "common_shares": 831613,
            "book_valuer_per_share": 20.75,
            "book_valuer_per_share_4q_avg": 21.35,
            "equity": 1725478,
            "current_ratio": 654.62,
            "debt_ratio": 18,
            "inventory_turnover_ratio": 0.67,
            "account_receivable_turnover_ratio": 0.85,
            "reinvestment_rate": 12.61,
            "research_to_sale_ratio": null,
            "price_fair": 96.84,
            "eps_avg_yearly": 3.53,
            "eps_latest_yearly": 2.36,
            "eps_growth_yearly": 17.47
        },
        "20094": {
            "year_quarter": 20094,
            "year": 2009,
            "quarter": 4,
            "eps": 1.01,
            "eps_growth_year": 98.04,
            "eps_4q": 2.59,
            "eps_4q_growth_year": -22.38,
            "roe": 4.75,
            "roe_4q": 12.219999999999999,
            "gross_profit": 149507,
            "gross_margin": 35.39,
            "gross_margin_4q_avg": 32.65,
            "net_income": 83798,
            "revenue": 422444,
            "common_shares": 831613,
            "book_valuer_per_share": 21.7,
            "book_valuer_per_share_4q_avg": 21.29,
            "equity": 1804606,
            "current_ratio": 588.36,
            "debt_ratio": 18.82,
            "inventory_turnover_ratio": 0.73,
            "account_receivable_turnover_ratio": 1.64,
            "reinvestment_rate": -0.17,
            "research_to_sale_ratio": null,
            "price_fair": 126,
            "eps_avg_yearly": 3.6,
            "eps_latest_yearly": 4.04,
            "eps_growth_yearly": 42.52
        },
        "20101": {
            "year_quarter": 20101,
            "year": 2010,
            "quarter": 1,
            "eps": 0.82,
            "eps_growth_year": 141.18,
            "eps_4q": 3.08,
            "eps_4q_growth_year": 6.6,
            "roe": 3.71,
            "roe_4q": 14.42,
            "gross_profit": 164359,
            "gross_margin": 35.95,
            "gross_margin_4q_avg": 34.64,
            "net_income": 68200,
            "revenue": 457246,
            "common_shares": 831613,
            "book_valuer_per_share": 22.49,
            "book_valuer_per_share_4q_avg": 21.3,
            "equity": 1870425,
            "current_ratio": 578.04,
            "debt_ratio": 19.18,
            "inventory_turnover_ratio": 0.76,
            "account_receivable_turnover_ratio": 0.84,
            "reinvestment_rate": 7.58,
            "research_to_sale_ratio": 1.33,
            "price_fair": 124.78,
            "eps_avg_yearly": 3.57,
            "eps_latest_yearly": 3.28,
            "eps_growth_yearly": 29.01
        },
        "20102": {
            "year_quarter": 20102,
            "year": 2010,
            "quarter": 2,
            "eps": 1.32,
            "eps_growth_year": 99.33,
            "eps_4q": 3.73,
            "eps_4q_growth_year": 55.27,
            "roe": 6.04,
            "roe_4q": 17.36,
            "gross_profit": 204406,
            "gross_margin": 35.67,
            "gross_margin_4q_avg": 34.86,
            "net_income": 109406,
            "revenue": 573014,
            "common_shares": 831613,
            "book_valuer_per_share": 21.1,
            "book_valuer_per_share_4q_avg": 21.51,
            "equity": 1754372,
            "current_ratio": 300.02,
            "debt_ratio": 31.44,
            "inventory_turnover_ratio": 0.9,
            "account_receivable_turnover_ratio": 0.9,
            "reinvestment_rate": 10.46,
            "research_to_sale_ratio": 1.05,
            "price_fair": 126.79,
            "eps_avg_yearly": 3.62,
            "eps_latest_yearly": 5.28,
            "eps_growth_yearly": 40.87
        },
        "20103": {
            "year_quarter": 20103,
            "year": 2010,
            "quarter": 3,
            "eps": 1.53,
            "eps_growth_year": 158.94,
            "eps_4q": 4.67,
            "eps_4q_growth_year": 121.43,
            "roe": 7.06,
            "roe_4q": 21.56,
            "gross_profit": 224090,
            "gross_margin": 36.77,
            "gross_margin_4q_avg": 35.95,
            "net_income": 127809,
            "revenue": 609377,
            "common_shares": 831613,
            "book_valuer_per_share": 22.46,
            "book_valuer_per_share_4q_avg": 21.94,
            "equity": 1867304,
            "current_ratio": 454.53,
            "debt_ratio": 23.84,
            "inventory_turnover_ratio": 0.87,
            "account_receivable_turnover_ratio": 0.84,
            "reinvestment_rate": 8.16,
            "research_to_sale_ratio": 1.11,
            "price_fair": 131.86,
            "eps_avg_yearly": 3.77,
            "eps_latest_yearly": 6.12,
            "eps_growth_yearly": 48.06
        },
        "20104": {
            "year_quarter": 20104,
            "year": 2010,
            "quarter": 4,
            "eps": 1.86,
            "eps_growth_year": 84.03,
            "eps_4q": 5.52,
            "eps_4q_growth_year": 113.2,
            "roe": 8.01,
            "roe_4q": 24.82,
            "gross_profit": 220305,
            "gross_margin": 36.04,
            "gross_margin_4q_avg": 36.11,
            "net_income": 154178,
            "revenue": 611322,
            "common_shares": 831613,
            "book_valuer_per_share": 23.87,
            "book_valuer_per_share_4q_avg": 22.48,
            "equity": 1984615,
            "current_ratio": 431.64,
            "debt_ratio": 26.95,
            "inventory_turnover_ratio": 0.83,
            "account_receivable_turnover_ratio": 0.84,
            "reinvestment_rate": -10.58,
            "research_to_sale_ratio": 1.14,
            "price_fair": 135.1,
            "eps_avg_yearly": 3.86,
            "eps_latest_yearly": 7.44,
            "eps_growth_yearly": 39.24
        },
        "20111": {
            "year_quarter": 20111,
            "year": 2011,
            "quarter": 1,
            "eps": 1.13,
            "eps_growth_year": 37.8,
            "eps_4q": 5.83,
            "eps_4q_growth_year": 89.64,
            "roe": 4.63,
            "roe_4q": 25.74,
            "gross_profit": 179446,
            "gross_margin": 31.84,
            "gross_margin_4q_avg": 35.08,
            "net_income": 94125,
            "revenue": 563637,
            "common_shares": 831613,
            "book_valuer_per_share": 25.03,
            "book_valuer_per_share_4q_avg": 23.12,
            "equity": 2081312,
            "current_ratio": 450.7,
            "debt_ratio": 25.94,
            "inventory_turnover_ratio": 0.78,
            "account_receivable_turnover_ratio": 0.78,
            "reinvestment_rate": 0.41,
            "research_to_sale_ratio": 1.26,
            "price_fair": 137.46,
            "eps_avg_yearly": 3.93,
            "eps_latest_yearly": 4.52,
            "eps_growth_yearly": 40
        },
        "20112": {
            "year_quarter": 20112,
            "year": 2011,
            "quarter": 2,
            "eps": 1.06,
            "eps_growth_year": -19.15,
            "eps_4q": 5.58,
            "eps_4q_growth_year": 49.61,
            "roe": 4.46,
            "roe_4q": 24.16,
            "gross_profit": 210069,
            "gross_margin": 31.31,
            "gross_margin_4q_avg": 33.99,
            "net_income": 88743,
            "revenue": 670896,
            "common_shares": 831613,
            "book_valuer_per_share": 22.78,
            "book_valuer_per_share_4q_avg": 23.54,
            "equity": 1894493,
            "current_ratio": 283.29,
            "debt_ratio": 35.08,
            "inventory_turnover_ratio": 0.91,
            "account_receivable_turnover_ratio": 0.85,
            "reinvestment_rate": 1.38,
            "research_to_sale_ratio": 1.18,
            "price_fair": 140,
            "eps_avg_yearly": 4,
            "eps_latest_yearly": 4.24,
            "eps_growth_yearly": 41.07
        },
        "20113": {
            "year_quarter": 20113,
            "year": 2011,
            "quarter": 3,
            "eps": 1.44,
            "eps_growth_year": -5.83,
            "eps_4q": 5.49,
            "eps_4q_growth_year": 17.54,
            "roe": 6.03,
            "roe_4q": 23.130000000000003,
            "gross_profit": 207730,
            "gross_margin": 31.71,
            "gross_margin_4q_avg": 32.73,
            "net_income": 119611,
            "revenue": 655129,
            "common_shares": 831613,
            "book_valuer_per_share": 24.95,
            "book_valuer_per_share_4q_avg": 24.16,
            "equity": 2074199,
            "current_ratio": 459.72,
            "debt_ratio": 26.57,
            "inventory_turnover_ratio": 0.86,
            "account_receivable_turnover_ratio": 0.75,
            "reinvestment_rate": 1.51,
            "research_to_sale_ratio": 1.26,
            "price_fair": 145.16,
            "eps_avg_yearly": 4.15,
            "eps_latest_yearly": 5.76,
            "eps_growth_yearly": 47.43
        },
        "20114": {
            "year_quarter": 20114,
            "year": 2011,
            "quarter": 4,
            "eps": 1.28,
            "eps_growth_year": -31.07,
            "eps_4q": 4.91,
            "eps_4q_growth_year": -11.03,
            "roe": 4.98,
            "roe_4q": 20.1,
            "gross_profit": 215695,
            "gross_margin": 35.81,
            "gross_margin_4q_avg": 32.67,
            "net_income": 106077,
            "revenue": 602400,
            "common_shares": 831613,
            "book_valuer_per_share": 26.24,
            "book_valuer_per_share_4q_avg": 24.75,
            "equity": 2182284,
            "current_ratio": 456.18,
            "debt_ratio": 25.33,
            "inventory_turnover_ratio": 0.67,
            "account_receivable_turnover_ratio": 0.67,
            "reinvestment_rate": -9.8,
            "research_to_sale_ratio": 1.1,
            "price_fair": 143.59,
            "eps_avg_yearly": 4.1,
            "eps_latest_yearly": 5.12,
            "eps_growth_yearly": 26.71
        },
        "20121": {
            "year_quarter": 20121,
            "year": 2012,
            "quarter": 1,
            "eps": 0.82,
            "eps_growth_year": -27.43,
            "eps_4q": 4.61,
            "eps_4q_growth_year": -20.98,
            "roe": 3.11,
            "roe_4q": 18.580000000000002,
            "gross_profit": 198126,
            "gross_margin": 33.95,
            "gross_margin_4q_avg": 33.2,
            "net_income": 68599,
            "revenue": 583551,
            "common_shares": 831613,
            "book_valuer_per_share": 26.87,
            "book_valuer_per_share_4q_avg": 25.21,
            "equity": 2234224,
            "current_ratio": 483.94,
            "debt_ratio": 27.1,
            "inventory_turnover_ratio": 0.65,
            "account_receivable_turnover_ratio": 0.67,
            "reinvestment_rate": -7.54,
            "research_to_sale_ratio": 1.31,
            "price_fair": 143.33,
            "eps_avg_yearly": 4.1,
            "eps_latest_yearly": 3.28,
            "eps_growth_yearly": 28.18
        },
        "20122": {
            "year_quarter": 20122,
            "year": 2012,
            "quarter": 2,
            "eps": 1.28,
            "eps_growth_year": 20.14,
            "eps_4q": 4.82,
            "eps_4q_growth_year": -13.57,
            "roe": 4.82,
            "roe_4q": 18.94,
            "gross_profit": 228555,
            "gross_margin": 36.6,
            "gross_margin_4q_avg": 34.52,
            "net_income": 103920,
            "revenue": 624534,
            "common_shares": 831613,
            "book_valuer_per_share": 24.98,
            "book_valuer_per_share_4q_avg": 25.76,
            "equity": 2075519,
            "current_ratio": 317.64,
            "debt_ratio": 34.08,
            "inventory_turnover_ratio": 0.71,
            "account_receivable_turnover_ratio": 0.72,
            "reinvestment_rate": -4.03,
            "research_to_sale_ratio": 1.31,
            "price_fair": 144.81,
            "eps_avg_yearly": 4.14,
            "eps_latest_yearly": 5.12,
            "eps_growth_yearly": 34.55
        },
        "20123": {
            "year_quarter": 20123,
            "year": 2012,
            "quarter": 3,
            "eps": 1.08,
            "eps_growth_year": -25.01,
            "eps_4q": 4.46,
            "eps_4q_growth_year": -18.72,
            "roe": 4.23,
            "roe_4q": 17.14,
            "gross_profit": 189472,
            "gross_margin": 34.31,
            "gross_margin_4q_avg": 35.17,
            "net_income": 89439,
            "revenue": 552275,
            "common_shares": 831613,
            "book_valuer_per_share": 25.94,
            "book_valuer_per_share_4q_avg": 26.01,
            "equity": 2155331,
            "current_ratio": 502.17,
            "debt_ratio": 25.69,
            "inventory_turnover_ratio": 0.64,
            "account_receivable_turnover_ratio": 0.65,
            "reinvestment_rate": 0.41,
            "research_to_sale_ratio": 1.45,
            "price_fair": 146.39,
            "eps_avg_yearly": 4.18,
            "eps_latest_yearly": 4.32,
            "eps_growth_yearly": 35.38
        },
        "20124": {
            "year_quarter": 20124,
            "year": 2012,
            "quarter": 4,
            "eps": 1.14,
            "eps_growth_year": -10.77,
            "eps_4q": 4.32,
            "eps_4q_growth_year": -11.98,
            "roe": 4.34,
            "roe_4q": 16.5,
            "gross_profit": 199234,
            "gross_margin": 33.28,
            "gross_margin_4q_avg": 34.54,
            "net_income": 95429,
            "revenue": 598592,
            "common_shares": 831613,
            "book_valuer_per_share": 26.93,
            "book_valuer_per_share_4q_avg": 26.18,
            "equity": 2237685,
            "current_ratio": 496.62,
            "debt_ratio": 25.59,
            "inventory_turnover_ratio": 0.71,
            "account_receivable_turnover_ratio": 0.72,
            "reinvestment_rate": -0.36,
            "research_to_sale_ratio": 1.42,
            "price_fair": 151.9,
            "eps_avg_yearly": 4.34,
            "eps_latest_yearly": 4.56,
            "eps_growth_yearly": 47.6
        },
        "20131": {
            "year_quarter": 20131,
            "year": 2013,
            "quarter": 1,
            "eps": 1.3,
            "eps_growth_year": 58.54,
            "eps_4q": 4.8,
            "eps_4q_growth_year": 4.27,
            "roe": 4.72,
            "roe_4q": 18.11,
            "gross_profit": 205544,
            "gross_margin": 36.62,
            "gross_margin_4q_avg": 35.2,
            "net_income": 108156,
            "revenue": 561304,
            "common_shares": 831613,
            "book_valuer_per_share": 28.19,
            "book_valuer_per_share_4q_avg": 26.51,
            "equity": 2342349,
            "current_ratio": 549.38,
            "debt_ratio": 26.59,
            "inventory_turnover_ratio": 0.65,
            "account_receivable_turnover_ratio": 0.68,
            "reinvestment_rate": 1.28,
            "research_to_sale_ratio": 1.49,
            "price_fair": 160.3,
            "eps_avg_yearly": 4.58,
            "eps_latest_yearly": 5.2,
            "eps_growth_yearly": 59.44
        },
        "20132": {
            "year_quarter": 20132,
            "year": 2013,
            "quarter": 2,
            "eps": 1.55,
            "eps_growth_year": 21.3,
            "eps_4q": 5.08,
            "eps_4q_growth_year": 5.33,
            "roe": 5.65,
            "roe_4q": 18.94,
            "gross_profit": 252081,
            "gross_margin": 37.62,
            "gross_margin_4q_avg": 35.46,
            "net_income": 128876,
            "revenue": 669987,
            "common_shares": 831613,
            "book_valuer_per_share": 26.72,
            "book_valuer_per_share_4q_avg": 26.95,
            "equity": 2220136,
            "current_ratio": 325.53,
            "debt_ratio": 34.52,
            "inventory_turnover_ratio": 0.76,
            "account_receivable_turnover_ratio": 0.78,
            "reinvestment_rate": 5.57,
            "research_to_sale_ratio": 1.27,
            "price_fair": 168.09,
            "eps_avg_yearly": 4.8,
            "eps_latest_yearly": 6.2,
            "eps_growth_yearly": 40.72
        },
        "20133": {
            "year_quarter": 20133,
            "year": 2013,
            "quarter": 3,
            "eps": 1.53,
            "eps_growth_year": 41.82,
            "eps_4q": 5.53,
            "eps_4q_growth_year": 23.96,
            "roe": 5.58,
            "roe_4q": 20.29,
            "gross_profit": 237573,
            "gross_margin": 36.79,
            "gross_margin_4q_avg": 36.08,
            "net_income": 127288,
            "revenue": 645770,
            "common_shares": 831613,
            "book_valuer_per_share": 28.14,
            "book_valuer_per_share_4q_avg": 27.5,
            "equity": 2338301,
            "current_ratio": 489.78,
            "debt_ratio": 27.46,
            "inventory_turnover_ratio": 0.7,
            "account_receivable_turnover_ratio": 0.72,
            "reinvestment_rate": 9.05,
            "research_to_sale_ratio": 1.38,
            "price_fair": 176.31,
            "eps_avg_yearly": 5.04,
            "eps_latest_yearly": 6.12,
            "eps_growth_yearly": 43.05
        },
        "20134": {
            "year_quarter": 20134,
            "year": 2013,
            "quarter": 4,
            "eps": 1.68,
            "eps_growth_year": 46.54,
            "eps_4q": 6.06,
            "eps_4q_growth_year": 40.22,
            "roe": 5.76,
            "roe_4q": 21.71,
            "gross_profit": 240367,
            "gross_margin": 36.47,
            "gross_margin_4q_avg": 36.88,
            "net_income": 139235,
            "revenue": 659058,
            "common_shares": 831613,
            "book_valuer_per_share": 30.03,
            "book_valuer_per_share_4q_avg": 28.27,
            "equity": 2495127,
            "current_ratio": 433.91,
            "debt_ratio": 28.2,
            "inventory_turnover_ratio": 0.66,
            "account_receivable_turnover_ratio": 0.72,
            "reinvestment_rate": 17.11,
            "research_to_sale_ratio": 1.47,
            "price_fair": 182.18,
            "eps_avg_yearly": 5.21,
            "eps_latest_yearly": 6.72,
            "eps_growth_yearly": 27.7
        },
        "20141": {
            "year_quarter": 20141,
            "year": 2014,
            "quarter": 1,
            "eps": 1.73,
            "eps_growth_year": 33.08,
            "eps_4q": 6.49,
            "eps_4q_growth_year": 35.15,
            "roe": 5.62,
            "roe_4q": 22.61,
            "gross_profit": 260065,
            "gross_margin": 36.61,
            "gross_margin_4q_avg": 36.87,
            "net_income": 144323,
            "revenue": 710276,
            "common_shares": 831613,
            "book_valuer_per_share": 31.74,
            "book_valuer_per_share_4q_avg": 29.16,
            "equity": 2637398,
            "current_ratio": 504.71,
            "debt_ratio": 26.04,
            "inventory_turnover_ratio": 0.68,
            "account_receivable_turnover_ratio": 0.74,
            "reinvestment_rate": 16.62,
            "research_to_sale_ratio": 1.15,
            "price_fair": 190.14,
            "eps_avg_yearly": 5.43,
            "eps_latest_yearly": 6.92,
            "eps_growth_yearly": 33.15
        },
        "20142": {
            "year_quarter": 20142,
            "year": 2014,
            "quarter": 2,
            "eps": 1.65,
            "eps_growth_year": 6.45,
            "eps_4q": 6.6,
            "eps_4q_growth_year": 29.84,
            "roe": 5.53,
            "roe_4q": 22.490000000000002,
            "gross_profit": 292111,
            "gross_margin": 38.22,
            "gross_margin_4q_avg": 37.02,
            "net_income": 137632,
            "revenue": 764382,
            "common_shares": 831613,
            "book_valuer_per_share": 28.14,
            "book_valuer_per_share_4q_avg": 29.51,
            "equity": 2337774,
            "current_ratio": 274.93,
            "debt_ratio": 36.86,
            "inventory_turnover_ratio": 0.71,
            "account_receivable_turnover_ratio": 0.76,
            "reinvestment_rate": 15.07,
            "research_to_sale_ratio": 1.14,
            "price_fair": 147.52,
            "eps_avg_yearly": 5.52,
            "eps_latest_yearly": 6.6,
            "eps_growth_yearly": 16.75
        },
        "20143": {
            "year_quarter": 20143,
            "year": 2014,
            "quarter": 3,
            "eps": 1.63,
            "eps_growth_year": 6.54,
            "eps_4q": 6.69,
            "eps_4q_growth_year": 21.03,
            "roe": 5.6,
            "roe_4q": 22.509999999999998,
            "gross_profit": 263632,
            "gross_margin": 36.85,
            "gross_margin_4q_avg": 37.04,
            "net_income": 135515,
            "revenue": 715471,
            "common_shares": 831613,
            "book_valuer_per_share": 30.14,
            "book_valuer_per_share_4q_avg": 30.01,
            "equity": 2504333,
            "current_ratio": 474.36,
            "debt_ratio": 27.31,
            "inventory_turnover_ratio": 0.66,
            "account_receivable_turnover_ratio": 0.69,
            "reinvestment_rate": 16.68,
            "research_to_sale_ratio": 1.34,
            "price_fair": 124.48,
            "eps_avg_yearly": 5.54,
            "eps_latest_yearly": 6.52,
            "eps_growth_yearly": 12.47
        },
        "20144": {
            "year_quarter": 20144,
            "year": 2014,
            "quarter": 4,
            "eps": 1.3,
            "eps_growth_year": -22.61,
            "eps_4q": 6.32,
            "eps_4q_growth_year": 4.16,
            "roe": 4.19,
            "roe_4q": 20.94,
            "gross_profit": 257908,
            "gross_margin": 36.13,
            "gross_margin_4q_avg": 36.95,
            "net_income": 107492,
            "revenue": 713737,
            "common_shares": 831613,
            "book_valuer_per_share": 31.68,
            "book_valuer_per_share_4q_avg": 30.43,
            "equity": 2632187,
            "current_ratio": 411.92,
            "debt_ratio": 31.26,
            "inventory_turnover_ratio": 0.6,
            "account_receivable_turnover_ratio": 0.67,
            "reinvestment_rate": 32.89,
            "research_to_sale_ratio": 1.42,
            "price_fair": 64.88,
            "eps_avg_yearly": 5.4,
            "eps_latest_yearly": 5.2,
            "eps_growth_yearly": 2.02
        },
        "20151": {
            "year_quarter": 20151,
            "year": 2015,
            "quarter": 1,
            "eps": 1.22,
            "eps_growth_year": -29.48,
            "eps_4q": 5.8,
            "eps_4q_growth_year": -10.74,
            "roe": 3.73,
            "roe_4q": 19.05,
            "gross_profit": 250440,
            "gross_margin": 35.92,
            "gross_margin_4q_avg": 36.78,
            "net_income": 99930,
            "revenue": 697281,
            "common_shares": 831613,
            "book_valuer_per_share": 32.84,
            "book_valuer_per_share_4q_avg": 30.7,
            "equity": 2730279,
            "current_ratio": 447.22,
            "debt_ratio": 29.77,
            "inventory_turnover_ratio": 0.55,
            "account_receivable_turnover_ratio": 0.66,
            "reinvestment_rate": 33.1,
            "research_to_sale_ratio": 1.26,
            "price_fair": 110.01,
            "eps_avg_yearly": 5.42,
            "eps_latest_yearly": 4.88,
            "eps_growth_yearly": 10.29
        },
        "20152": {
            "year_quarter": 20152,
            "year": 2015,
            "quarter": 2,
            "eps": 1.23,
            "eps_growth_year": -25.45,
            "eps_4q": 5.38,
            "eps_4q_growth_year": -18.49,
            "roe": 3.93,
            "roe_4q": 17.450000000000003,
            "gross_profit": 251511,
            "gross_margin": 34.73,
            "gross_margin_4q_avg": 35.91,
            "net_income": 102423,
            "revenue": 724162,
            "common_shares": 831613,
            "book_valuer_per_share": 29.79,
            "book_valuer_per_share_4q_avg": 31.11,
            "equity": 2476430,
            "current_ratio": 292.39,
            "debt_ratio": 36.95,
            "inventory_turnover_ratio": 0.55,
            "account_receivable_turnover_ratio": 0.7,
            "reinvestment_rate": 33.47,
            "research_to_sale_ratio": 1.35,
            "price_fair": 120.46,
            "eps_avg_yearly": 5.47,
            "eps_latest_yearly": 4.92,
            "eps_growth_yearly": 12.04
        },
        "20153": {
            "year_quarter": 20153,
            "year": 2015,
            "quarter": 3,
            "eps": 1.56,
            "eps_growth_year": -4.29,
            "eps_4q": 5.31,
            "eps_4q_growth_year": -20.71,
            "roe": 5.03,
            "roe_4q": 16.880000000000003,
            "gross_profit": 223512,
            "gross_margin": 33.11,
            "gross_margin_4q_avg": 34.97,
            "net_income": 129234,
            "revenue": 675101,
            "common_shares": 831613,
            "book_valuer_per_share": 31.97,
            "book_valuer_per_share_4q_avg": 31.57,
            "equity": 2657553,
            "current_ratio": 441.98,
            "debt_ratio": 30.38,
            "inventory_turnover_ratio": 0.51,
            "account_receivable_turnover_ratio": 0.64,
            "reinvestment_rate": 33.64,
            "research_to_sale_ratio": 1.48,
            "price_fair": 108.73,
            "eps_avg_yearly": 5.5,
            "eps_latest_yearly": 6.24,
            "eps_growth_yearly": 9.79
        },
        "20154": {
            "year_quarter": 20154,
            "year": 2015,
            "quarter": 4,
            "eps": 1.08,
            "eps_growth_year": -16.77,
            "eps_4q": 5.09,
            "eps_4q_growth_year": -19.39,
            "roe": 3.37,
            "roe_4q": 16.06,
            "gross_profit": 230496,
            "gross_margin": 33.17,
            "gross_margin_4q_avg": 34.23,
            "net_income": 90703,
            "revenue": 694973,
            "common_shares": 831613,
            "book_valuer_per_share": 32.73,
            "book_valuer_per_share_4q_avg": 31.83,
            "equity": 2723016,
            "current_ratio": 424.52,
            "debt_ratio": 28.85,
            "inventory_turnover_ratio": 0.53,
            "account_receivable_turnover_ratio": 0.66,
            "reinvestment_rate": 32.71,
            "research_to_sale_ratio": 1.62,
            "price_fair": 80.98,
            "eps_avg_yearly": 5.45,
            "eps_latest_yearly": 4.32,
            "eps_growth_yearly": 4.87
        },
        "20161": {
            "year_quarter": 20161,
            "year": 2016,
            "quarter": 1,
            "eps": 1.29,
            "eps_growth_year": 5.74,
            "eps_4q": 5.16,
            "eps_4q_growth_year": -10.9,
            "roe": 3.88,
            "roe_4q": 16.21,
            "gross_profit": 235230,
            "gross_margin": 33.77,
            "gross_margin_4q_avg": 33.7,
            "net_income": 107247,
            "revenue": 696561,
            "common_shares": 831613,
            "book_valuer_per_share": 33.77,
            "book_valuer_per_share_4q_avg": 32.07,
            "equity": 2810223,
            "current_ratio": 481.33,
            "debt_ratio": 25.41,
            "inventory_turnover_ratio": 0.56,
            "account_receivable_turnover_ratio": 0.69,
            "reinvestment_rate": 30.93,
            "research_to_sale_ratio": 1.41,
            "price_fair": 159.74,
            "eps_avg_yearly": 5.56,
            "eps_latest_yearly": 5.16,
            "eps_growth_yearly": 18.72
        },
        "20162": {
            "year_quarter": 20162,
            "year": 2016,
            "quarter": 2,
            "eps": 1.63,
            "eps_growth_year": 32.52,
            "eps_4q": 5.56,
            "eps_4q_growth_year": 3.44,
            "roe": 5.02,
            "roe_4q": 17.3,
            "gross_profit": 289433,
            "gross_margin": 37.44,
            "gross_margin_4q_avg": 34.37,
            "net_income": 135364,
            "revenue": 773003,
            "common_shares": 831613,
            "book_valuer_per_share": 31.03,
            "book_valuer_per_share_4q_avg": 32.38,
            "equity": 2581603,
            "current_ratio": 290.41,
            "debt_ratio": 33.43,
            "inventory_turnover_ratio": 0.62,
            "account_receivable_turnover_ratio": 0.76,
            "reinvestment_rate": 26.45,
            "research_to_sale_ratio": 1.49,
            "price_fair": 120.25,
            "eps_avg_yearly": 5.65,
            "eps_latest_yearly": 6.52,
            "eps_growth_yearly": 11.28
        },
        "20163": {
            "year_quarter": 20163,
            "year": 2016,
            "quarter": 3,
            "eps": 1.37,
            "eps_growth_year": -12.18,
            "eps_4q": 5.36,
            "eps_4q_growth_year": 1.03,
            "roe": 4.34,
            "roe_4q": 16.61,
            "gross_profit": 268972,
            "gross_margin": 36.93,
            "gross_margin_4q_avg": 35.33,
            "net_income": 113850,
            "revenue": 728327,
            "common_shares": 831613,
            "book_valuer_per_share": 31.99,
            "book_valuer_per_share_4q_avg": 32.38,
            "equity": 2661721,
            "current_ratio": 410.1,
            "debt_ratio": 27.21,
            "inventory_turnover_ratio": 0.6,
            "account_receivable_turnover_ratio": 0.7,
            "reinvestment_rate": 21.71,
            "research_to_sale_ratio": 1.58,
            "price_fair": 121.32,
            "eps_avg_yearly": 5.72,
            "eps_latest_yearly": 5.48,
            "eps_growth_yearly": 11.2
        },
        "20164": {
            "year_quarter": 20164,
            "year": 2016,
            "quarter": 4,
            "eps": 1.58,
            "eps_growth_year": 46.11,
            "eps_4q": 5.86,
            "eps_4q_growth_year": 15.11,
            "roe": 4.83,
            "roe_4q": 18.07,
            "gross_profit": 278110,
            "gross_margin": 36.22,
            "gross_margin_4q_avg": 36.09,
            "net_income": 131123,
            "revenue": 767823,
            "common_shares": 831613,
            "book_valuer_per_share": 33.24,
            "book_valuer_per_share_4q_avg": 32.51,
            "equity": 2765767,
            "current_ratio": 381.85,
            "debt_ratio": 25.92,
            "inventory_turnover_ratio": 0.63,
            "account_receivable_turnover_ratio": 0.72,
            "reinvestment_rate": 21.69,
            "research_to_sale_ratio": 1.56,
            "price_fair": 137.91,
            "eps_avg_yearly": 5.83,
            "eps_latest_yearly": 6.32,
            "eps_growth_yearly": 13.64
        },
        "20171": {
            "year_quarter": 20171,
            "year": 2017,
            "quarter": 1,
            "eps": 1.12,
            "eps_growth_year": -13.18,
            "eps_4q": 5.7,
            "eps_4q_growth_year": 10.3,
            "roe": 3.36,
            "roe_4q": 17.549999999999997,
            "gross_profit": 256960,
            "gross_margin": 35.72,
            "gross_margin_4q_avg": 36.58,
            "net_income": 93596,
            "revenue": 719346,
            "common_shares": 831613,
            "book_valuer_per_share": 33.62,
            "book_valuer_per_share_4q_avg": 32.47,
            "equity": 2797621,
            "current_ratio": 379.82,
            "debt_ratio": 25.73,
            "inventory_turnover_ratio": 0.6,
            "account_receivable_turnover_ratio": 0.69,
            "reinvestment_rate": 22.83,
            "research_to_sale_ratio": 1.47,
            "price_fair": 74.41,
            "eps_avg_yearly": 5.79,
            "eps_latest_yearly": 4.48,
            "eps_growth_yearly": 2.86
        },
        "20172": {
            "year_quarter": 20172,
            "year": 2017,
            "quarter": 2,
            "eps": 1.76,
            "eps_growth_year": 7.98,
            "eps_4q": 5.83,
            "eps_4q_growth_year": 4.76,
            "roe": 5.39,
            "roe_4q": 17.92,
            "gross_profit": 284300,
            "gross_margin": 35.16,
            "gross_margin_4q_avg": 36.01,
            "net_income": 146564,
            "revenue": 808623,
            "common_shares": 831613,
            "book_valuer_per_share": 31.67,
            "book_valuer_per_share_4q_avg": 32.63,
            "equity": 2635806,
            "current_ratio": 263.79,
            "debt_ratio": 33.24,
            "inventory_turnover_ratio": 0.67,
            "account_receivable_turnover_ratio": 0.78,
            "reinvestment_rate": 21.37,
            "research_to_sale_ratio": 1.37,
            "price_fair": 130.44,
            "eps_avg_yearly": 5.84,
            "eps_latest_yearly": 7.04,
            "eps_growth_yearly": 12.34
        },
        "20173": {
            "year_quarter": 20173,
            "year": 2017,
            "quarter": 3,
            "eps": 1.92,
            "eps_growth_year": 40.15,
            "eps_4q": 6.38,
            "eps_4q_growth_year": 18.87,
            "roe": 5.87,
            "roe_4q": 19.45,
            "gross_profit": 285609,
            "gross_margin": 35.34,
            "gross_margin_4q_avg": 35.61,
            "net_income": 160015,
            "revenue": 808141,
            "common_shares": 831613,
            "book_valuer_per_share": 33.8,
            "book_valuer_per_share_4q_avg": 33.08,
            "equity": 2813253,
            "current_ratio": 361.56,
            "debt_ratio": 27.51,
            "inventory_turnover_ratio": 0.64,
            "account_receivable_turnover_ratio": 0.75,
            "reinvestment_rate": 20.64,
            "research_to_sale_ratio": 1.51,
            "price_fair": 148.03,
            "eps_avg_yearly": 5.94,
            "eps_latest_yearly": 7.68,
            "eps_growth_yearly": 14.93
        },
        "20174": {
            "year_quarter": 20174,
            "year": 2017,
            "quarter": 4,
            "eps": 1.53,
            "eps_growth_year": -2.9,
            "eps_4q": 6.33,
            "eps_4q_growth_year": 8,
            "roe": 4.44,
            "roe_4q": 19.06,
            "gross_profit": 289430,
            "gross_margin": 34.02,
            "gross_margin_4q_avg": 35.06,
            "net_income": 127457,
            "revenue": 850782,
            "common_shares": 831613,
            "book_valuer_per_share": 35.18,
            "book_valuer_per_share_4q_avg": 33.57,
            "equity": 2928899,
            "current_ratio": 361.87,
            "debt_ratio": 26.54,
            "inventory_turnover_ratio": 0.67,
            "account_receivable_turnover_ratio": 0.78,
            "reinvestment_rate": 14.36,
            "research_to_sale_ratio": 1.77,
            "price_fair": 102.67,
            "eps_avg_yearly": 5.9,
            "eps_latest_yearly": 6.12,
            "eps_growth_yearly": 7.4
        },
        "20181": {
            "year_quarter": 20181,
            "year": 2018,
            "quarter": 1,
            "eps": 0.94,
            "eps_growth_year": -16.07,
            "eps_4q": 6.15,
            "eps_4q_growth_year": 7.88,
            "roe": 2.64,
            "roe_4q": 18.34,
            "gross_profit": 270541,
            "gross_margin": 34.34,
            "gross_margin_4q_avg": 34.72,
            "net_income": 78401,
            "revenue": 787848,
            "common_shares": 831613,
            "book_valuer_per_share": 36.25,
            "book_valuer_per_share_4q_avg": 34.23,
            "equity": 3018329,
            "current_ratio": 397.92,
            "debt_ratio": 25.23,
            "inventory_turnover_ratio": 0.6,
            "account_receivable_turnover_ratio": 0.73,
            "reinvestment_rate": 18.94,
            "research_to_sale_ratio": 1.47,
            "price_fair": 17.11,
            "eps_avg_yearly": 5.7,
            "eps_latest_yearly": 3.76,
            "eps_growth_yearly": -2.98
        },
        "20182": {
            "year_quarter": 20182,
            "year": 2018,
            "quarter": 2,
            "eps": 1.57,
            "eps_growth_year": -10.8,
            "eps_4q": 5.96,
            "eps_4q_growth_year": 2.27,
            "roe": 4.53,
            "roe_4q": 17.48,
            "gross_profit": 294184,
            "gross_margin": 34.6,
            "gross_margin_4q_avg": 34.58,
            "net_income": 131380,
            "revenue": 850299,
            "common_shares": 831613,
            "book_valuer_per_share": 33.47,
            "book_valuer_per_share_4q_avg": 34.68,
            "equity": 2788067,
            "current_ratio": 270.46,
            "debt_ratio": 32.51,
            "inventory_turnover_ratio": 0.63,
            "account_receivable_turnover_ratio": 0.8,
            "reinvestment_rate": 20.4,
            "research_to_sale_ratio": 1.54,
            "price_fair": 141.66,
            "eps_avg_yearly": 5.68,
            "eps_latest_yearly": 6.28,
            "eps_growth_yearly": 14.93
        },
        "20183": {
            "year_quarter": 20183,
            "year": 2018,
            "quarter": 3,
            "eps": 1.52,
            "eps_growth_year": -20.83,
            "eps_4q": 5.56,
            "eps_4q_growth_year": -12.73,
            "roe": 4.51,
            "roe_4q": 16.12,
            "gross_profit": 277303,
            "gross_margin": 34.4,
            "gross_margin_4q_avg": 34.34,
            "net_income": 127335,
            "revenue": 806030,
            "common_shares": 831613,
            "book_valuer_per_share": 34.38,
            "book_valuer_per_share_4q_avg": 34.82,
            "equity": 2864152,
            "current_ratio": 369.93,
            "debt_ratio": 26.56,
            "inventory_turnover_ratio": 0.6,
            "account_receivable_turnover_ratio": 0.76,
            "reinvestment_rate": 19.09,
            "research_to_sale_ratio": 1.87,
            "price_fair": 138.18,
            "eps_avg_yearly": 5.66,
            "eps_latest_yearly": 6.08,
            "eps_growth_yearly": 14.44
        },
        "20184": {
            "year_quarter": 20184,
            "year": 2018,
            "quarter": 4,
            "eps": 1.25,
            "eps_growth_year": -18.57,
            "eps_4q": 5.28,
            "eps_4q_growth_year": -16.59,
            "roe": 3.55,
            "roe_4q": 15.23,
            "gross_profit": 251840,
            "gross_margin": 32.81,
            "gross_margin_4q_avg": 34.04,
            "net_income": 103806,
            "revenue": 767585,
            "common_shares": 831613,
            "book_valuer_per_share": 35.82,
            "book_valuer_per_share_4q_avg": 34.98,
            "equity": 2983850,
            "current_ratio": 444.47,
            "debt_ratio": 25.17,
            "inventory_turnover_ratio": 0.59,
            "account_receivable_turnover_ratio": 0.76,
            "reinvestment_rate": 12.34,
            "research_to_sale_ratio": 2.17,
            "price_fair": 141.38,
            "eps_avg_yearly": 5.64,
            "eps_latest_yearly": 5,
            "eps_growth_yearly": 15.06
        },
        "20191": {
            "year_quarter": 20191,
            "year": 2019,
            "quarter": 1,
            "eps": 1.16,
            "eps_growth_year": 23.4,
            "eps_4q": 5.5,
            "eps_4q_growth_year": -10.46,
            "roe": 3.18,
            "roe_4q": 15.77,
            "gross_profit": 244926,
            "gross_margin": 33.83,
            "gross_margin_4q_avg": 33.91,
            "net_income": 96933,
            "revenue": 724048,
            "common_shares": 831613,
            "book_valuer_per_share": 37.3,
            "book_valuer_per_share_4q_avg": 35.24,
            "equity": 3107217,
            "current_ratio": 423.05,
            "debt_ratio": 28.35,
            "inventory_turnover_ratio": 0.55,
            "account_receivable_turnover_ratio": 0.75,
            "reinvestment_rate": 28.44,
            "research_to_sale_ratio": 2.05,
            "price_fair": 139.53,
            "eps_avg_yearly": 5.63,
            "eps_latest_yearly": 4.64,
            "eps_growth_yearly": 14.79
        },
        "20192": {
            "year_quarter": 20192,
            "year": 2019,
            "quarter": 2,
            "eps": 1.55,
            "eps_growth_year": -1.27,
            "eps_4q": 5.48,
            "eps_4q_growth_year": -8.01,
            "roe": 4.33,
            "roe_4q": 15.569999999999999,
            "gross_profit": 279258,
            "gross_margin": 35.69,
            "gross_margin_4q_avg": 34.18,
            "net_income": 129471,
            "revenue": 782518,
            "common_shares": 831613,
            "book_valuer_per_share": 34.44,
            "book_valuer_per_share_4q_avg": 35.49,
            "equity": 2870484,
            "current_ratio": 275.84,
            "debt_ratio": 34.81,
            "inventory_turnover_ratio": 0.59,
            "account_receivable_turnover_ratio": 0.82,
            "reinvestment_rate": 28.44,
            "research_to_sale_ratio": 1.99,
            "price_fair": 188.32,
            "eps_avg_yearly": 5.71,
            "eps_latest_yearly": 6.2,
            "eps_growth_yearly": 22.99
        },
        "20193": {
            "year_quarter": 20193,
            "year": 2019,
            "quarter": 3,
            "eps": 1.15,
            "eps_growth_year": -24.34,
            "eps_4q": 5.1,
            "eps_4q_growth_year": -8.27,
            "roe": 3.32,
            "roe_4q": 14.379999999999999,
            "gross_profit": 243061,
            "gross_margin": 32.58,
            "gross_margin_4q_avg": 33.73,
            "net_income": 96038,
            "revenue": 745982,
            "common_shares": 831613,
            "book_valuer_per_share": 35.06,
            "book_valuer_per_share_4q_avg": 35.66,
            "equity": 2922541,
            "current_ratio": 304.19,
            "debt_ratio": 33.1,
            "inventory_turnover_ratio": 0.59,
            "account_receivable_turnover_ratio": 0.81,
            "reinvestment_rate": 27.77,
            "research_to_sale_ratio": 2.21,
            "price_fair": 111.18,
            "eps_avg_yearly": 5.61,
            "eps_latest_yearly": 4.6,
            "eps_growth_yearly": 9.84
        },
        "20194": {
            "year_quarter": 20194,
            "year": 2019,
            "quarter": 4,
            "eps": 1.06,
            "eps_growth_year": -14.7,
            "eps_4q": 4.92,
            "eps_4q_growth_year": -6.81,
            "roe": 3,
            "roe_4q": 13.83,
            "gross_profit": 244492,
            "gross_margin": 31.99,
            "gross_margin_4q_avg": 33.52,
            "net_income": 88843,
            "revenue": 764187,
            "common_shares": 831613,
            "book_valuer_per_share": 35.97,
            "book_valuer_per_share_4q_avg": 35.69,
            "equity": 2998558,
            "current_ratio": 369.85,
            "debt_ratio": 29.05,
            "inventory_turnover_ratio": 0.62,
            "account_receivable_turnover_ratio": 0.85,
            "reinvestment_rate": 15.64,
            "research_to_sale_ratio": 2.31,
            "price_fair": 143.2,
            "eps_avg_yearly": 5.6,
            "eps_latest_yearly": 4.24,
            "eps_growth_yearly": 15.57
        },
        "20201": {
            "year_quarter": 20201,
            "year": 2020,
            "quarter": 1,
            "eps": 0.61,
            "eps_growth_year": -47.41,
            "eps_4q": 4.37,
            "eps_4q_growth_year": -20.67,
            "roe": 1.67,
            "roe_4q": 12.32,
            "gross_profit": 168382,
            "gross_margin": 27.78,
            "gross_margin_4q_avg": 32.01,
            "net_income": 50326,
            "revenue": 606232,
            "common_shares": 831613,
            "book_valuer_per_share": 36.4,
            "book_valuer_per_share_4q_avg": 35.47,
            "equity": 3033690,
            "current_ratio": 441.53,
            "debt_ratio": 26.88,
            "inventory_turnover_ratio": 0.54,
            "account_receivable_turnover_ratio": 0.7,
            "reinvestment_rate": 16.48,
            "research_to_sale_ratio": 2.74,
            "price_fair": 54.3,
            "eps_avg_yearly": 5.43,
            "eps_latest_yearly": 2.44,
            "eps_growth_yearly": 0.1
        },
        "20202": {
            "year_quarter": 20202,
            "year": 2020,
            "quarter": 2,
            "eps": 1.39,
            "eps_growth_year": -10.32,
            "eps_4q": 4.21,
            "eps_4q_growth_year": -23.24,
            "roe": 4.01,
            "roe_4q": 12,
            "gross_profit": 239191,
            "gross_margin": 33.42,
            "gross_margin_4q_avg": 31.44,
            "net_income": 116600,
            "revenue": 715741,
            "common_shares": 831613,
            "book_valuer_per_share": 33.41,
            "book_valuer_per_share_4q_avg": 35.21,
            "equity": 2786296,
            "current_ratio": 280.77,
            "debt_ratio": 33.73,
            "inventory_turnover_ratio": 0.59,
            "account_receivable_turnover_ratio": 0.84,
            "reinvestment_rate": 19.09,
            "research_to_sale_ratio": 2.22,
            "price_fair": 187.95,
            "eps_avg_yearly": 5.37,
            "eps_latest_yearly": 5.56,
            "eps_growth_yearly": 25.48
        },
        "20203": {
            "year_quarter": 20203,
            "year": 2020,
            "quarter": 3,
            "eps": 1.29,
            "eps_growth_year": 12.17,
            "eps_4q": 4.35,
            "eps_4q_growth_year": -14.7,
            "roe": 3.81,
            "roe_4q": 12.49,
            "gross_profit": 253292,
            "gross_margin": 34.74,
            "gross_margin_4q_avg": 31.98,
            "net_income": 108498,
            "revenue": 729077,
            "common_shares": 831613,
            "book_valuer_per_share": 34.92,
            "book_valuer_per_share_4q_avg": 35.18,
            "equity": 2912891,
            "current_ratio": 318.98,
            "debt_ratio": 31.85,
            "inventory_turnover_ratio": 0.59,
            "account_receivable_turnover_ratio": 0.81,
            "reinvestment_rate": 18.69,
            "research_to_sale_ratio": 2.45,
            "price_fair": 187.25,
            "eps_avg_yearly": 5.35,
            "eps_latest_yearly": 5.16,
            "eps_growth_yearly": 27.66
        },
        "20204": {
            "year_quarter": 20204,
            "year": 2020,
            "quarter": 4,
            "eps": 1.35,
            "eps_growth_year": 26.94,
            "eps_4q": 4.64,
            "eps_4q_growth_year": -5.7,
            "roe": 3.81,
            "roe_4q": 13.299999999999999,
            "gross_profit": 286782,
            "gross_margin": 34.83,
            "gross_margin_4q_avg": 32.69,
            "net_income": 113486,
            "revenue": 823464,
            "common_shares": 831613,
            "book_valuer_per_share": 36.4,
            "book_valuer_per_share_4q_avg": 35.28,
            "equity": 3037248,
            "current_ratio": 338.97,
            "debt_ratio": 30.76,
            "inventory_turnover_ratio": 0.66,
            "account_receivable_turnover_ratio": 0.84,
            "reinvestment_rate": 17.48,
            "research_to_sale_ratio": 2.07,
            "price_fair": 185.21,
            "eps_avg_yearly": 5.29,
            "eps_latest_yearly": 5.4,
            "eps_growth_yearly": 24.99
        },
        "20211": {
            "year_quarter": 20211,
            "year": 2021,
            "quarter": 1,
            "eps": 1.5,
            "eps_growth_year": 145.9,
            "eps_4q": 5.53,
            "eps_4q_growth_year": 26.73,
            "roe": 4.06,
            "roe_4q": 15.69,
            "gross_profit": 310555,
            "gross_margin": 35.65,
            "gross_margin_4q_avg": 34.66,
            "net_income": 125716,
            "revenue": 871128,
            "common_shares": 831613,
            "book_valuer_per_share": 37.82,
            "book_valuer_per_share_4q_avg": 35.64,
            "equity": 3156355,
            "current_ratio": 383.57,
            "debt_ratio": 29.1,
            "inventory_turnover_ratio": 0.69,
            "account_receivable_turnover_ratio": 0.81,
            "reinvestment_rate": 14.36,
            "research_to_sale_ratio": 1.81,
            "price_fair": 188.56,
            "eps_avg_yearly": 5.39,
            "eps_latest_yearly": 6,
            "eps_growth_yearly": 35.05
        },
        "20212": {
            "year_quarter": 20212,
            "year": 2021,
            "quarter": 2,
            "eps": 1.91,
            "eps_growth_year": 37.41,
            "eps_4q": 6.05,
            "eps_4q_growth_year": 43.86,
            "roe": 4.94,
            "roe_4q": 16.62,
            "gross_profit": 365595,
            "gross_margin": 37.4,
            "gross_margin_4q_avg": 35.66,
            "net_income": 159683,
            "revenue": 977531,
            "common_shares": 831613,
            "book_valuer_per_share": 39.56,
            "book_valuer_per_share_4q_avg": 37.18,
            "equity": 3302159,
            "current_ratio": 395.67,
            "debt_ratio": 28.78,
            "inventory_turnover_ratio": 0.74,
            "account_receivable_turnover_ratio": 0.85,
            "reinvestment_rate": 13.56,
            "research_to_sale_ratio": 1.63,
            "price_fair": 189.88,
            "eps_avg_yearly": 5.43,
            "eps_latest_yearly": 7.64,
            "eps_growth_yearly": 27.6
        },
        "20213": {
            "year_quarter": 20213,
            "year": 2021,
            "quarter": 3,
            "eps": 1.77,
            "eps_growth_year": 37.21,
            "eps_4q": 6.53,
            "eps_4q_growth_year": 50.07,
            "roe": 4.66,
            "roe_4q": 17.47,
            "gross_profit": 347176,
            "gross_margin": 35.86,
            "gross_margin_4q_avg": 35.94,
            "net_income": 149084,
            "revenue": 968083,
            "common_shares": 831613,
            "book_valuer_per_share": 37.06,
            "book_valuer_per_share_4q_avg": 37.71,
            "equity": 3095812,
            "current_ratio": 297.38,
            "debt_ratio": 33.45,
            "inventory_turnover_ratio": 0.7,
            "account_receivable_turnover_ratio": 0.8,
            "reinvestment_rate": 12.32,
            "research_to_sale_ratio": 1.62,
            "price_fair": 180.45,
            "eps_avg_yearly": 5.39,
            "eps_latest_yearly": 7.08,
            "eps_growth_yearly": 23.49
        },
        "20214": {
            "year_quarter": 20214,
            "year": 2021,
            "quarter": 4,
            "eps": 1.31,
            "eps_growth_year": -3.07,
            "eps_4q": 6.49,
            "eps_4q_growth_year": 39.91,
            "roe": 3.48,
            "roe_4q": 17.14,
            "gross_profit": 345036,
            "gross_margin": 33.09,
            "gross_margin_4q_avg": 35.5,
            "net_income": 109954,
            "revenue": 1042864,
            "common_shares": 831613,
            "book_valuer_per_share": 38.66,
            "book_valuer_per_share_4q_avg": 38.28,
            "equity": 3230182,
            "current_ratio": 246.88,
            "debt_ratio": 33.68,
            "inventory_turnover_ratio": 0.73,
            "account_receivable_turnover_ratio": 0.84,
            "reinvestment_rate": 10.03,
            "research_to_sale_ratio": 1.49,
            "price_fair": 171.04,
            "eps_avg_yearly": 5.33,
            "eps_latest_yearly": 5.24,
            "eps_growth_yearly": 22.07
        },
        "20221": {
            "year_quarter": 20221,
            "year": 2022,
            "quarter": 1,
            "eps": 1.68,
            "eps_growth_year": 12,
            "eps_4q": 6.66,
            "eps_4q_growth_year": 20.46,
            "roe": 4.21,
            "roe_4q": 17.29,
            "gross_profit": 311262,
            "gross_margin": 32.98,
            "gross_margin_4q_avg": 34.83,
            "net_income": 139887,
            "revenue": 943670,
            "common_shares": 831613,
            "book_valuer_per_share": 40.91,
            "book_valuer_per_share_4q_avg": 39.05,
            "equity": 3418188,
            "current_ratio": 308.3,
            "debt_ratio": 28.61,
            "inventory_turnover_ratio": 0.63,
            "account_receivable_turnover_ratio": 0.74,
            "reinvestment_rate": 7.54,
            "research_to_sale_ratio": 1.62,
            "price_fair": 193.11,
            "eps_avg_yearly": 5.52,
            "eps_latest_yearly": 6.72,
            "eps_growth_yearly": 38.78
        },
        "20222": {
            "year_quarter": 20222,
            "year": 2022,
            "quarter": 2,
            "eps": 1.49,
            "eps_growth_year": -21.99,
            "eps_4q": 6.25,
            "eps_4q_growth_year": 3.28,
            "roe": 3.84,
            "roe_4q": 16.19,
            "gross_profit": 315584,
            "gross_margin": 32.84,
            "gross_margin_4q_avg": 33.69,
            "net_income": 125394,
            "revenue": 960920,
            "common_shares": 831613,
            "book_valuer_per_share": 37.19,
            "book_valuer_per_share_4q_avg": 38.46,
            "equity": 3109474,
            "current_ratio": 223.18,
            "debt_ratio": 36.21,
            "inventory_turnover_ratio": 0.6,
            "account_receivable_turnover_ratio": 0.77,
            "reinvestment_rate": 6.95,
            "research_to_sale_ratio": 1.66,
            "price_fair": 160.49,
            "eps_avg_yearly": 5.5,
            "eps_latest_yearly": 5.96,
            "eps_growth_yearly": 19.19
        },
        "20223": {
            "year_quarter": 20223,
            "year": 2022,
            "quarter": 3,
            "eps": 2.5,
            "eps_growth_year": 41.24,
            "eps_4q": 6.98,
            "eps_4q_growth_year": 6.86,
            "roe": 6.46,
            "roe_4q": 17.990000000000002,
            "gross_profit": 401171,
            "gross_margin": 36.91,
            "gross_margin_4q_avg": 33.96,
            "net_income": 208014,
            "revenue": 1086746,
            "common_shares": 831613,
            "book_valuer_per_share": 39.82,
            "book_valuer_per_share_4q_avg": 39.15,
            "equity": 3328073,
            "current_ratio": 252.31,
            "debt_ratio": 33.63,
            "inventory_turnover_ratio": 0.6,
            "account_receivable_turnover_ratio": 0.82,
            "reinvestment_rate": 7.67,
            "research_to_sale_ratio": 1.61,
            "price_fair": 200.99,
            "eps_avg_yearly": 5.74,
            "eps_latest_yearly": 10,
            "eps_growth_yearly": 36.94
        },
        "20224": {
            "year_quarter": 20224,
            "year": 2022,
            "quarter": 4,
            "eps": 2.15,
            "eps_growth_year": 64.03,
            "eps_4q": 7.82,
            "eps_4q_growth_year": 20.45,
            "roe": 5.24,
            "roe_4q": 19.75,
            "gross_profit": 425975,
            "gross_margin": 36.38,
            "gross_margin_4q_avg": 34.78,
            "net_income": 178479,
            "revenue": 1170900,
            "common_shares": 831613,
            "book_valuer_per_share": 41.69,
            "book_valuer_per_share_4q_avg": 39.9,
            "equity": 3483697,
            "current_ratio": 247.7,
            "debt_ratio": 33.58,
            "inventory_turnover_ratio": 0.61,
            "account_receivable_turnover_ratio": 0.83,
            "reinvestment_rate": 2.73,
            "research_to_sale_ratio": 1.47,
            "price_fair": 208.86,
            "eps_avg_yearly": 5.97,
            "eps_latest_yearly": 8.6,
            "eps_growth_yearly": 37.88
        },
        "20231": {
            "year_quarter": 20231,
            "year": 2023,
            "quarter": 1,
            "eps": 2.54,
            "eps_growth_year": 51.19,
            "eps_4q": 8.69,
            "eps_4q_growth_year": 30.36,
            "roe": 5.89,
            "roe_4q": 21.43,
            "gross_profit": 448439,
            "gross_margin": 39.7,
            "gross_margin_4q_avg": 36.46,
            "net_income": 211587,
            "revenue": 1129483,
            "common_shares": 831613,
            "book_valuer_per_share": 44.29,
            "book_valuer_per_share_4q_avg": 40.75,
            "equity": 3700365,
            "current_ratio": 316.4,
            "debt_ratio": 28.33,
            "inventory_turnover_ratio": 0.55,
            "account_receivable_turnover_ratio": 0.8,
            "reinvestment_rate": 0.38,
            "research_to_sale_ratio": 1.56,
            "price_fair": 220.94,
            "eps_avg_yearly": 6.31,
            "eps_latest_yearly": 10.16,
            "eps_growth_yearly": 44.21
        }
    },
    "months": {
        "2002-01": {
            "month": "2002-01",
            "price": "47.32",
            "revenue": 82393
        },
        "2002-02": {
            "month": "2002-02",
            "price": "42.92",
            "revenue": 63892
        },
        "2002-03": {
            "month": "2002-03",
            "price": "41.51",
            "revenue": 91630
        },
        "2002-04": {
            "month": "2002-04",
            "price": "48.25",
            "revenue": 90131
        },
        "2002-05": {
            "month": "2002-05",
            "price": "47.61",
            "revenue": 82664
        },
        "2002-06": {
            "month": "2002-06",
            "price": "44.86",
            "revenue": 77370
        },
        "2002-07": {
            "month": "2002-07",
            "price": "43.34",
            "revenue": 86830
        },
        "2002-08": {
            "month": "2002-08",
            "price": "44.24",
            "revenue": 85815
        },
        "2002-09": {
            "month": "2002-09",
            "price": "43.22",
            "revenue": 88643
        },
        "2002-10": {
            "month": "2002-10",
            "price": "43.07",
            "revenue": 90095
        },
        "2002-11": {
            "month": "2002-11",
            "price": "47.52",
            "revenue": 88560
        },
        "2002-12": {
            "month": "2002-12",
            "price": "49.16",
            "revenue": 91409
        },
        "2003-01": {
            "month": "2003-01",
            "price": "49.86",
            "revenue": 90004
        },
        "2003-02": {
            "month": "2003-02",
            "price": "49.15",
            "revenue": 72609
        },
        "2003-03": {
            "month": "2003-03",
            "price": "46.80",
            "revenue": 91835
        },
        "2003-04": {
            "month": "2003-04",
            "price": "44.21",
            "revenue": 92661
        },
        "2003-05": {
            "month": "2003-05",
            "price": "39.15",
            "revenue": 93115
        },
        "2003-06": {
            "month": "2003-06",
            "price": "39.76",
            "revenue": 96107
        },
        "2003-07": {
            "month": "2003-07",
            "price": "41.23",
            "revenue": 101658
        },
        "2003-08": {
            "month": "2003-08",
            "price": "41.74",
            "revenue": 102873
        },
        "2003-09": {
            "month": "2003-09",
            "price": "38.78",
            "revenue": 103195
        },
        "2003-10": {
            "month": "2003-10",
            "price": "38.47",
            "revenue": 86019
        },
        "2003-11": {
            "month": "2003-11",
            "price": "39.46",
            "revenue": 103329
        },
        "2003-12": {
            "month": "2003-12",
            "price": "39.85",
            "revenue": 93684
        },
        "2004-01": {
            "month": "2004-01",
            "price": "40.29",
            "revenue": 81619
        },
        "2004-02": {
            "month": "2004-02",
            "price": "42.16",
            "revenue": 104351
        },
        "2004-03": {
            "month": "2004-03",
            "price": "42.97",
            "revenue": 115786
        },
        "2004-04": {
            "month": "2004-04",
            "price": "43.43",
            "revenue": 113662
        },
        "2004-05": {
            "month": "2004-05",
            "price": "40.78",
            "revenue": 100932
        },
        "2004-06": {
            "month": "2004-06",
            "price": "40.99",
            "revenue": 111048
        },
        "2004-07": {
            "month": "2004-07",
            "price": "39.76",
            "revenue": 122903
        },
        "2004-08": {
            "month": "2004-08",
            "price": "41.26",
            "revenue": 117766
        },
        "2004-09": {
            "month": "2004-09",
            "price": "40.88",
            "revenue": 127949
        },
        "2004-10": {
            "month": "2004-10",
            "price": "42.06",
            "revenue": 147483
        },
        "2004-11": {
            "month": "2004-11",
            "price": "41.51",
            "revenue": 134467
        },
        "2004-12": {
            "month": "2004-12",
            "price": "42.35",
            "revenue": 131021
        },
        "2005-01": {
            "month": "2005-01",
            "price": "42.45",
            "revenue": 122238
        },
        "2005-02": {
            "month": "2005-02",
            "price": "42.32",
            "revenue": 84840
        },
        "2005-03": {
            "month": "2005-03",
            "price": "42.43",
            "revenue": 120601
        },
        "2005-04": {
            "month": "2005-04",
            "price": "40.21",
            "revenue": 114806
        },
        "2005-05": {
            "month": "2005-05",
            "price": "39.16",
            "revenue": 112027
        },
        "2005-06": {
            "month": "2005-06",
            "price": "39.38",
            "revenue": 115962
        },
        "2005-07": {
            "month": "2005-07",
            "price": "39.00",
            "revenue": 110355
        },
        "2005-08": {
            "month": "2005-08",
            "price": "32.93",
            "revenue": 111547
        },
        "2005-09": {
            "month": "2005-09",
            "price": "30.02",
            "revenue": 102742
        },
        "2005-10": {
            "month": "2005-10",
            "price": "28.28",
            "revenue": 81535
        },
        "2005-11": {
            "month": "2005-11",
            "price": "27.77",
            "revenue": 95213
        },
        "2005-12": {
            "month": "2005-12",
            "price": "30.92",
            "revenue": 125060
        },
        "2006-01": {
            "month": "2006-01",
            "price": "31.07",
            "revenue": 111468
        },
        "2006-02": {
            "month": "2006-02",
            "price": "28.83",
            "revenue": 95603
        },
        "2006-03": {
            "month": "2006-03",
            "price": "28.84",
            "revenue": 126373
        },
        "2006-04": {
            "month": "2006-04",
            "price": "32.23",
            "revenue": 126745
        },
        "2006-05": {
            "month": "2006-05",
            "price": "34.33",
            "revenue": 121421
        },
        "2006-06": {
            "month": "2006-06",
            "price": "33.26",
            "revenue": 126856
        },
        "2006-07": {
            "month": "2006-07",
            "price": "33.27",
            "revenue": 123325
        },
        "2006-08": {
            "month": "2006-08",
            "price": "33.03",
            "revenue": 128405
        },
        "2006-09": {
            "month": "2006-09",
            "price": "32.89",
            "revenue": 116810
        },
        "2006-10": {
            "month": "2006-10",
            "price": "34.33",
            "revenue": 111020
        },
        "2006-11": {
            "month": "2006-11",
            "price": "34.84",
            "revenue": 135869
        },
        "2006-12": {
            "month": "2006-12",
            "price": "38.70",
            "revenue": 134380
        },
        "2007-01": {
            "month": "2007-01",
            "price": "45.55",
            "revenue": 121594
        },
        "2007-02": {
            "month": "2007-02",
            "price": "51.36",
            "revenue": 90538
        },
        "2007-03": {
            "month": "2007-03",
            "price": "47.61",
            "revenue": 137831
        },
        "2007-04": {
            "month": "2007-04",
            "price": "48.62",
            "revenue": 120825
        },
        "2007-05": {
            "month": "2007-05",
            "price": "47.11",
            "revenue": 123082
        },
        "2007-06": {
            "month": "2007-06",
            "price": "45.82",
            "revenue": 122800
        },
        "2007-07": {
            "month": "2007-07",
            "price": "44.24",
            "revenue": 108266
        },
        "2007-08": {
            "month": "2007-08",
            "price": "38.95",
            "revenue": 134257
        },
        "2007-09": {
            "month": "2007-09",
            "price": "38.69",
            "revenue": 145257
        },
        "2007-10": {
            "month": "2007-10",
            "price": "39.16",
            "revenue": 152248
        },
        "2007-11": {
            "month": "2007-11",
            "price": "39.08",
            "revenue": 170071
        },
        "2007-12": {
            "month": "2007-12",
            "price": "40.05",
            "revenue": 168821
        },
        "2008-01": {
            "month": "2008-01",
            "price": "38.43",
            "revenue": 146406
        },
        "2008-02": {
            "month": "2008-02",
            "price": "36.86",
            "revenue": 110817
        },
        "2008-03": {
            "month": "2008-03",
            "price": "37.70",
            "revenue": 157923
        },
        "2008-04": {
            "month": "2008-04",
            "price": "39.97",
            "revenue": 139761
        },
        "2008-05": {
            "month": "2008-05",
            "price": "40.02",
            "revenue": 146249
        },
        "2008-06": {
            "month": "2008-06",
            "price": "37.37",
            "revenue": 147068
        },
        "2008-07": {
            "month": "2008-07",
            "price": "33.06",
            "revenue": 141520
        },
        "2008-08": {
            "month": "2008-08",
            "price": "32.87",
            "revenue": 141959
        },
        "2008-09": {
            "month": "2008-09",
            "price": "31.93",
            "revenue": 131176
        },
        "2008-10": {
            "month": "2008-10",
            "price": "28.33",
            "revenue": 118930
        },
        "2008-11": {
            "month": "2008-11",
            "price": "27.24",
            "revenue": 91847
        },
        "2008-12": {
            "month": "2008-12",
            "price": "25.64",
            "revenue": 102388
        },
        "2009-01": {
            "month": "2009-01",
            "price": "23.87",
            "revenue": 76913
        },
        "2009-02": {
            "month": "2009-02",
            "price": "22.18",
            "revenue": 64305
        },
        "2009-03": {
            "month": "2009-03",
            "price": "24.44",
            "revenue": 71812
        },
        "2009-04": {
            "month": "2009-04",
            "price": "28.22",
            "revenue": 95163
        },
        "2009-05": {
            "month": "2009-05",
            "price": "28.96",
            "revenue": 88301
        },
        "2009-06": {
            "month": "2009-06",
            "price": "29.51",
            "revenue": 88149
        },
        "2009-07": {
            "month": "2009-07",
            "price": "26.90",
            "revenue": 91283
        },
        "2009-08": {
            "month": "2009-08",
            "price": "27.16",
            "revenue": 88367
        },
        "2009-09": {
            "month": "2009-09",
            "price": "28.00",
            "revenue": 88145
        },
        "2009-10": {
            "month": "2009-10",
            "price": "29.34",
            "revenue": 91193
        },
        "2009-11": {
            "month": "2009-11",
            "price": "30.32",
            "revenue": 102387
        },
        "2009-12": {
            "month": "2009-12",
            "price": "31.95",
            "revenue": 115260
        },
        "2010-01": {
            "month": "2010-01",
            "price": "32.64",
            "revenue": 120693
        },
        "2010-02": {
            "month": "2010-02",
            "price": "32.04",
            "revenue": 83931
        },
        "2010-03": {
            "month": "2010-03",
            "price": "35.93",
            "revenue": 132602
        },
        "2010-04": {
            "month": "2010-04",
            "price": "43.59",
            "revenue": 141634
        },
        "2010-05": {
            "month": "2010-05",
            "price": "41.63",
            "revenue": 136858
        },
        "2010-06": {
            "month": "2010-06",
            "price": "39.39",
            "revenue": 144859
        },
        "2010-07": {
            "month": "2010-07",
            "price": "39.46",
            "revenue": 154292
        },
        "2010-08": {
            "month": "2010-08",
            "price": "40.49",
            "revenue": 154359
        },
        "2010-09": {
            "month": "2010-09",
            "price": "43.20",
            "revenue": 159756
        },
        "2010-10": {
            "month": "2010-10",
            "price": "45.52",
            "revenue": 164677
        },
        "2010-11": {
            "month": "2010-11",
            "price": "46.78",
            "revenue": 165723
        },
        "2010-12": {
            "month": "2010-12",
            "price": "47.94",
            "revenue": 162145
        },
        "2011-01": {
            "month": "2011-01",
            "price": "47.69",
            "revenue": 142033
        },
        "2011-02": {
            "month": "2011-02",
            "price": "47.85",
            "revenue": 106481
        },
        "2011-03": {
            "month": "2011-03",
            "price": "49.05",
            "revenue": 166877
        },
        "2011-04": {
            "month": "2011-04",
            "price": "52.21",
            "revenue": 157720
        },
        "2011-05": {
            "month": "2011-05",
            "price": "51.78",
            "revenue": 161194
        },
        "2011-06": {
            "month": "2011-06",
            "price": "53.45",
            "revenue": 170968
        },
        "2011-07": {
            "month": "2011-07",
            "price": "57.88",
            "revenue": 169395
        },
        "2011-08": {
            "month": "2011-08",
            "price": "57.30",
            "revenue": 179600
        },
        "2011-09": {
            "month": "2011-09",
            "price": "50.01",
            "revenue": 167038
        },
        "2011-10": {
            "month": "2011-10",
            "price": "48.09",
            "revenue": 161132
        },
        "2011-11": {
            "month": "2011-11",
            "price": "48.05",
            "revenue": 160985
        },
        "2011-12": {
            "month": "2011-12",
            "price": "46.40",
            "revenue": 169773
        },
        "2012-01": {
            "month": "2012-01",
            "price": "47.92",
            "revenue": 147757
        },
        "2012-02": {
            "month": "2012-02",
            "price": "52.42",
            "revenue": 138319
        },
        "2012-03": {
            "month": "2012-03",
            "price": "54.16",
            "revenue": 143389
        },
        "2012-04": {
            "month": "2012-04",
            "price": "52.65",
            "revenue": 161674
        },
        "2012-05": {
            "month": "2012-05",
            "price": "50.68",
            "revenue": 163556
        },
        "2012-06": {
            "month": "2012-06",
            "price": "50.27",
            "revenue": 153475
        },
        "2012-07": {
            "month": "2012-07",
            "price": "48.63",
            "revenue": 141910
        },
        "2012-08": {
            "month": "2012-08",
            "price": "48.14",
            "revenue": 129245
        },
        "2012-09": {
            "month": "2012-09",
            "price": "47.98",
            "revenue": 126800
        },
        "2012-10": {
            "month": "2012-10",
            "price": "47.98",
            "revenue": 131491
        },
        "2012-11": {
            "month": "2012-11",
            "price": "47.70",
            "revenue": 138546
        },
        "2012-12": {
            "month": "2012-12",
            "price": "48.37",
            "revenue": 141937
        },
        "2013-01": {
            "month": "2013-01",
            "price": "50.10",
            "revenue": 208732
        },
        "2013-02": {
            "month": "2013-02",
            "price": "51.43",
            "revenue": 140150
        },
        "2013-03": {
            "month": "2013-03",
            "price": "52.31",
            "revenue": 211044
        },
        "2013-04": {
            "month": "2013-04",
            "price": "54.59",
            "revenue": 235035
        },
        "2013-05": {
            "month": "2013-05",
            "price": "60.28",
            "revenue": 228224
        },
        "2013-06": {
            "month": "2013-06",
            "price": "61.07",
            "revenue": 207360
        },
        "2013-07": {
            "month": "2013-07",
            "price": "66.26",
            "revenue": 218710
        },
        "2013-08": {
            "month": "2013-08",
            "price": "74.45",
            "revenue": 222942
        },
        "2013-09": {
            "month": "2013-09",
            "price": "77.60",
            "revenue": 201859
        },
        "2013-10": {
            "month": "2013-10",
            "price": "74.40",
            "revenue": 207777
        },
        "2013-11": {
            "month": "2013-11",
            "price": "76.51",
            "revenue": 208334
        },
        "2013-12": {
            "month": "2013-12",
            "price": "87.41",
            "revenue": 242032
        },
        "2014-01": {
            "month": "2014-01",
            "price": "89.80",
            "revenue": 248641
        },
        "2014-02": {
            "month": "2014-02",
            "price": "103.23",
            "revenue": 197456
        },
        "2014-03": {
            "month": "2014-03",
            "price": "131.90",
            "revenue": 264376
        },
        "2014-04": {
            "month": "2014-04",
            "price": "139.21",
            "revenue": 278935
        },
        "2014-05": {
            "month": "2014-05",
            "price": "137.21",
            "revenue": 241869
        },
        "2014-06": {
            "month": "2014-06",
            "price": "135.32",
            "revenue": 247665
        },
        "2014-07": {
            "month": "2014-07",
            "price": "125.02",
            "revenue": 240267
        },
        "2014-08": {
            "month": "2014-08",
            "price": "121.88",
            "revenue": 221486
        },
        "2014-09": {
            "month": "2014-09",
            "price": "118.50",
            "revenue": 256848
        },
        "2014-10": {
            "month": "2014-10",
            "price": "113.44",
            "revenue": 233148
        },
        "2014-11": {
            "month": "2014-11",
            "price": "107.65",
            "revenue": 220941
        },
        "2014-12": {
            "month": "2014-12",
            "price": "100.92",
            "revenue": 256974
        },
        "2015-01": {
            "month": "2015-01",
            "price": "99.76",
            "revenue": 264175
        },
        "2015-02": {
            "month": "2015-02",
            "price": "100.45",
            "revenue": 150080
        },
        "2015-03": {
            "month": "2015-03",
            "price": "109.02",
            "revenue": 284197
        },
        "2015-04": {
            "month": "2015-04",
            "price": "113.42",
            "revenue": 251161
        },
        "2015-05": {
            "month": "2015-05",
            "price": "105.52",
            "revenue": 246115
        },
        "2015-06": {
            "month": "2015-06",
            "price": "95.67",
            "revenue": 222226
        },
        "2015-07": {
            "month": "2015-07",
            "price": "86.41",
            "revenue": 233850
        },
        "2015-08": {
            "month": "2015-08",
            "price": "71.60",
            "revenue": 216720
        },
        "2015-09": {
            "month": "2015-09",
            "price": "73.72",
            "revenue": 222923
        },
        "2015-10": {
            "month": "2015-10",
            "price": "75.84",
            "revenue": 213964
        },
        "2015-11": {
            "month": "2015-11",
            "price": "73.51",
            "revenue": 231533
        },
        "2015-12": {
            "month": "2015-12",
            "price": "70.79",
            "revenue": 250630
        },
        "2016-01": {
            "month": "2016-01",
            "price": "74.56",
            "revenue": 252786
        },
        "2016-02": {
            "month": "2016-02",
            "price": "87.98",
            "revenue": 180908
        },
        "2016-03": {
            "month": "2016-03",
            "price": "87.58",
            "revenue": 265890
        },
        "2016-04": {
            "month": "2016-04",
            "price": "79.44",
            "revenue": 250359
        },
        "2016-05": {
            "month": "2016-05",
            "price": "75.76",
            "revenue": 273692
        },
        "2016-06": {
            "month": "2016-06",
            "price": "79.81",
            "revenue": 249337
        },
        "2016-07": {
            "month": "2016-07",
            "price": "85.76",
            "revenue": 238939
        },
        "2016-08": {
            "month": "2016-08",
            "price": "84.52",
            "revenue": 254906
        },
        "2016-09": {
            "month": "2016-09",
            "price": "86.37",
            "revenue": 247519
        },
        "2016-10": {
            "month": "2016-10",
            "price": "84.27",
            "revenue": 237264
        },
        "2016-11": {
            "month": "2016-11",
            "price": "81.60",
            "revenue": 263212
        },
        "2016-12": {
            "month": "2016-12",
            "price": "83.45",
            "revenue": 275391
        },
        "2017-01": {
            "month": "2017-01",
            "price": "82.62",
            "revenue": 204199
        },
        "2017-02": {
            "month": "2017-02",
            "price": "80.91",
            "revenue": 209201
        },
        "2017-03": {
            "month": "2017-03",
            "price": "80.17",
            "revenue": 305895
        },
        "2017-04": {
            "month": "2017-04",
            "price": "81.79",
            "revenue": 265669
        },
        "2017-05": {
            "month": "2017-05",
            "price": "81.28",
            "revenue": 263416
        },
        "2017-06": {
            "month": "2017-06",
            "price": "81.34",
            "revenue": 281120
        },
        "2017-07": {
            "month": "2017-07",
            "price": "81.90",
            "revenue": 256026
        },
        "2017-08": {
            "month": "2017-08",
            "price": "82.25",
            "revenue": 274935
        },
        "2017-09": {
            "month": "2017-09",
            "price": "81.75",
            "revenue": 272291
        },
        "2017-10": {
            "month": "2017-10",
            "price": "84.27",
            "revenue": 277848
        },
        "2017-11": {
            "month": "2017-11",
            "price": "88.76",
            "revenue": 278968
        },
        "2017-12": {
            "month": "2017-12",
            "price": "89.44",
            "revenue": 291623
        },
        "2018-01": {
            "month": "2018-01",
            "price": "91.94",
            "revenue": 296897
        },
        "2018-02": {
            "month": "2018-02",
            "price": "91.45",
            "revenue": 197380
        },
        "2018-03": {
            "month": "2018-03",
            "price": "90.33",
            "revenue": 292008
        },
        "2018-04": {
            "month": "2018-04",
            "price": "87.32",
            "revenue": 284830
        },
        "2018-05": {
            "month": "2018-05",
            "price": "85.78",
            "revenue": 287529
        },
        "2018-06": {
            "month": "2018-06",
            "price": "86.63",
            "revenue": 277838
        },
        "2018-07": {
            "month": "2018-07",
            "price": "86.33",
            "revenue": 273542
        },
        "2018-08": {
            "month": "2018-08",
            "price": "82.83",
            "revenue": 270865
        },
        "2018-09": {
            "month": "2018-09",
            "price": "78.64",
            "revenue": 266647
        },
        "2018-10": {
            "month": "2018-10",
            "price": "74.03",
            "revenue": 258175
        },
        "2018-11": {
            "month": "2018-11",
            "price": "70.46",
            "revenue": 246929
        },
        "2018-12": {
            "month": "2018-12",
            "price": "68.51",
            "revenue": 268551
        },
        "2019-01": {
            "month": "2019-01",
            "price": "70.83",
            "revenue": 264835
        },
        "2019-02": {
            "month": "2019-02",
            "price": "71.13",
            "revenue": 190988
        },
        "2019-03": {
            "month": "2019-03",
            "price": "72.04",
            "revenue": 265779
        },
        "2019-04": {
            "month": "2019-04",
            "price": "73.32",
            "revenue": 289685
        },
        "2019-05": {
            "month": "2019-05",
            "price": "71.84",
            "revenue": 260482
        },
        "2019-06": {
            "month": "2019-06",
            "price": "72.35",
            "revenue": 234899
        },
        "2019-07": {
            "month": "2019-07",
            "price": "73.67",
            "revenue": 255884
        },
        "2019-08": {
            "month": "2019-08",
            "price": "70.28",
            "revenue": 241790
        },
        "2019-09": {
            "month": "2019-09",
            "price": "70.90",
            "revenue": 248006
        },
        "2019-10": {
            "month": "2019-10",
            "price": "70.19",
            "revenue": 239693
        },
        "2019-11": {
            "month": "2019-11",
            "price": "69.82",
            "revenue": 256140
        },
        "2019-12": {
            "month": "2019-12",
            "price": "69.63",
            "revenue": 271277
        },
        "2020-01": {
            "month": "2020-01",
            "price": "69.91",
            "revenue": 193210
        },
        "2020-02": {
            "month": "2020-02",
            "price": "67.85",
            "revenue": 157955
        },
        "2020-03": {
            "month": "2020-03",
            "price": "60.98",
            "revenue": 255403
        },
        "2020-04": {
            "month": "2020-04",
            "price": "63.69",
            "revenue": 231948
        },
        "2020-05": {
            "month": "2020-05",
            "price": "64.46",
            "revenue": 243070
        },
        "2020-06": {
            "month": "2020-06",
            "price": "66.25",
            "revenue": 238985
        },
        "2020-07": {
            "month": "2020-07",
            "price": "67.84",
            "revenue": 253754
        },
        "2020-08": {
            "month": "2020-08",
            "price": "64.20",
            "revenue": 230426
        },
        "2020-09": {
            "month": "2020-09",
            "price": "64.21",
            "revenue": 252441
        },
        "2020-10": {
            "month": "2020-10",
            "price": "64.37",
            "revenue": 249351
        },
        "2020-11": {
            "month": "2020-11",
            "price": "66.05",
            "revenue": 270475
        },
        "2020-12": {
            "month": "2020-12",
            "price": "67.97",
            "revenue": 294275
        },
        "2021-01": {
            "month": "2021-01",
            "price": "69.20",
            "revenue": 346000
        },
        "2021-02": {
            "month": "2021-02",
            "price": "81.84",
            "revenue": 192038
        },
        "2021-03": {
            "month": "2021-03",
            "price": "92.05",
            "revenue": 332934
        },
        "2021-04": {
            "month": "2021-04",
            "price": "99.36",
            "revenue": 329581
        },
        "2021-05": {
            "month": "2021-05",
            "price": "88.93",
            "revenue": 324384
        },
        "2021-06": {
            "month": "2021-06",
            "price": "93.39",
            "revenue": 325308
        },
        "2021-07": {
            "month": "2021-07",
            "price": "101.18",
            "revenue": 326411
        },
        "2021-08": {
            "month": "2021-08",
            "price": "92.62",
            "revenue": 336002
        },
        "2021-09": {
            "month": "2021-09",
            "price": "86.95",
            "revenue": 308967
        },
        "2021-10": {
            "month": "2021-10",
            "price": "86.56",
            "revenue": 334693
        },
        "2021-11": {
            "month": "2021-11",
            "price": "87.96",
            "revenue": 346803
        },
        "2021-12": {
            "month": "2021-12",
            "price": "89.89",
            "revenue": 360184
        },
        "2022-01": {
            "month": "2022-01",
            "price": "93.78",
            "revenue": 317097
        },
        "2022-02": {
            "month": "2022-02",
            "price": "91.61",
            "revenue": 261297
        },
        "2022-03": {
            "month": "2022-03",
            "price": "89.17",
            "revenue": 362739
        },
        "2022-04": {
            "month": "2022-04",
            "price": "88.50",
            "revenue": 257783
        },
        "2022-05": {
            "month": "2022-05",
            "price": "85.06",
            "revenue": 356624
        },
        "2022-06": {
            "month": "2022-06",
            "price": "85.15",
            "revenue": 343834
        },
        "2022-07": {
            "month": "2022-07",
            "price": "83.98",
            "revenue": 349111
        },
        "2022-08": {
            "month": "2022-08",
            "price": "90.87",
            "revenue": 352730
        },
        "2022-09": {
            "month": "2022-09",
            "price": "100.61",
            "revenue": 389221
        },
        "2022-10": {
            "month": "2022-10",
            "price": "102.80",
            "revenue": 382380
        },
        "2022-11": {
            "month": "2022-11",
            "price": "112.20",
            "revenue": 408247
        },
        "2022-12": {
            "month": "2022-12",
            "price": "107.57",
            "revenue": 380776
        },
        "2023-01": {
            "month": "2023-01",
            "price": "104.58",
            "revenue": 302552
        },
        "2023-02": {
            "month": "2023-02",
            "price": "117.00",
            "revenue": 378334
        },
        "2023-03": {
            "month": "2023-03",
            "price": "118.30",
            "revenue": 449678
        },
        "2023-04": {
            "month": "2023-04",
            "price": "136.29",
            "revenue": 428160
        }
    }
}
