{
    "summary": {
        "stock_name": "好樂迪",
        "stock_id": "9943",
        "category": "觀光",
        "main_business": "提供伴唱視聽供人唱歌",
        "website_url": "http://www.holiday.com.tw",
        "ceo": "鄭景文",
        "pe_ratio": 19,
        "report_year_from": 2001,
        "report_year_to": 2023,
        "age": 22,
        "eps_negative_percentage": 4,
        "eps_growth_avg": {
            "last_all": 10.54,
            "last_2y": -3.33,
            "last_4y": 1.66,
            "last_8y": 10.69,
            "last_12y": 11.32,
            "last_16y": 10.12,
            "last_20y": 10.54,
            "at_2006_last_3y": -10.26,
            "at_2007_last_3y": 6.51,
            "at_2008_last_3y": 25.56,
            "at_2009_last_3y": 4.89,
            "at_2010_last_3y": 38.54,
            "at_2011_last_3y": 53.91,
            "at_2012_last_3y": 24.61,
            "at_2013_last_3y": 12.75,
            "at_2014_last_3y": 28.32,
            "at_2015_last_3y": 17.04,
            "at_2016_last_3y": 13.69,
            "at_2017_last_3y": 21.98,
            "at_2018_last_3y": 13.15,
            "at_2019_last_3y": -2.97,
            "at_2020_last_3y": -0.21,
            "at_2021_last_3y": -22.93,
            "at_2022_last_3y": -4.89,
            "at_2023_last_3y": -4.89,
            "at_2006_last_all": -10.23,
            "at_2007_last_all": -10.23,
            "at_2008_last_all": 8.14,
            "at_2009_last_all": 9.07,
            "at_2010_last_all": 8.06,
            "at_2011_last_all": 18.27,
            "at_2012_last_all": 14.73,
            "at_2013_last_all": 10.41,
            "at_2014_last_all": 14.81,
            "at_2015_last_all": 17.89,
            "at_2016_last_all": 14.43,
            "at_2017_last_all": 13.5,
            "at_2018_last_all": 14.39,
            "at_2019_last_all": 12.98,
            "at_2020_last_all": 11.18,
            "at_2021_last_all": 5.83,
            "at_2022_last_all": 10.54,
            "at_2023_last_all": 10.54
        },
        "latest_eps": 4.44,
        "latest_price": 82.2,
        "latest_roe": 15.4,
        "latest_gross_margin": 57.6,
        "latest_equity": 3541779,
        "latest_revenue": 751498,
        "latest_gross_profit": 432868,
        "latest_net_income": 243893,
        "latest_debt_ratio": 38.68,
        "latest_current_ratio": 130.01,
        "latest_account_receivable_turnover_ratio": 29.43,
        "latest_inventory_turnover_ratio": 14.02,
        "latest_reinvestment_rate": -8.96,
        "latest_research_to_sale_ratio": null
    },
    "eps_dividends": {
        "1998": {
            "cash": 2,
            "stock": 2,
            "eps": 0
        },
        "1999": {
            "cash": 3,
            "stock": 3,
            "eps": 0
        },
        "2000": {
            "cash": 6,
            "stock": 6,
            "eps": 0
        },
        "2001": {
            "cash": 1,
            "stock": 3,
            "eps": 2.37
        },
        "2002": {
            "cash": 2,
            "stock": 0,
            "eps": 2.13
        },
        "2003": {
            "cash": 1,
            "stock": 0,
            "eps": 0.84
        },
        "2004": {
            "cash": 1,
            "stock": 0,
            "eps": 1.2
        },
        "2005": {
            "cash": 1,
            "stock": 0,
            "eps": 2.12
        },
        "2006": {
            "cash": 1,
            "stock": 0,
            "eps": -0.82
        },
        "2007": {
            "cash": 1,
            "stock": 0,
            "eps": 0.54
        },
        "2008": {
            "cash": 1,
            "stock": 0,
            "eps": 1.84
        },
        "2009": {
            "cash": 1,
            "stock": 0,
            "eps": 2.11
        },
        "2010": {
            "cash": 0,
            "stock": 0,
            "eps": 2.13
        },
        "2011": {
            "cash": 5,
            "stock": 0,
            "eps": 4.83
        },
        "2012": {
            "cash": 0,
            "stock": 0,
            "eps": 4
        },
        "2013": {
            "cash": 3,
            "stock": 0,
            "eps": 2.69
        },
        "2014": {
            "cash": 4,
            "stock": 0,
            "eps": 4.39
        },
        "2015": {
            "cash": 4,
            "stock": 0,
            "eps": 6.8
        },
        "2016": {
            "cash": 4,
            "stock": 0,
            "eps": 4.72
        },
        "2017": {
            "cash": 4,
            "stock": 0,
            "eps": 4.74
        },
        "2018": {
            "cash": 4,
            "stock": 0,
            "eps": 6.06
        },
        "2019": {
            "cash": 5,
            "stock": 0,
            "eps": 5.48
        },
        "2020": {
            "cash": 5,
            "stock": 0,
            "eps": 4.41
        },
        "2021": {
            "cash": 4,
            "stock": 0,
            "eps": 0.42
        },
        "2022": {
            "cash": 1,
            "stock": 0,
            "eps": 3.52
        },
        "2023": {
            "cash": 3,
            "stock": 0,
            "eps": 2.87
        }
    },
    "dividends": {
        "1998-04-15": {
            "cash": 2.1,
            "stock": 2.1
        },
        "1999-04-30": {
            "cash": 3,
            "stock": 3
        },
        "2000-06-09": {
            "cash": 6,
            "stock": 6
        },
        "2001-05-18": {
            "cash": 0.5,
            "stock": 2.5
        },
        "2002-06-14": {
            "cash": 2,
            "stock": 0
        },
        "2003-04-08": {
            "cash": 1.2,
            "stock": 0
        },
        "2004-06-15": {
            "cash": 1,
            "stock": 0
        },
        "2005-02-24": {
            "cash": 0.5,
            "stock": 0
        },
        "2006-02-22": {
            "cash": 0.5,
            "stock": 0
        },
        "2007-04-26": {
            "cash": 0.5,
            "stock": 0
        },
        "2008-04-21": {
            "cash": 0.5,
            "stock": 0
        },
        "2009-04-22": {
            "cash": 1,
            "stock": 0
        },
        "2011-01-01": {
            "cash": 3,
            "stock": 0
        },
        "2011-04-22": {
            "cash": 1.5,
            "stock": 0
        },
        "2013-03-26": {
            "cash": 3,
            "stock": 0
        },
        "2014-06-11": {
            "cash": 4,
            "stock": 0
        },
        "2015-07-22": {
            "cash": 4,
            "stock": 0
        },
        "2016-07-20": {
            "cash": 4,
            "stock": 0
        },
        "2017-07-18": {
            "cash": 4,
            "stock": 0
        },
        "2018-07-24": {
            "cash": 4,
            "stock": 0
        },
        "2019-10-01": {
            "cash": 5.4,
            "stock": 0
        },
        "2020-07-27": {
            "cash": 4.9,
            "stock": 0
        },
        "2021-10-12": {
            "cash": 4,
            "stock": 0
        },
        "2022-07-25": {
            "cash": 0.5,
            "stock": 0
        },
        "2023-03-14": {
            "cash": 3.3,
            "stock": 0
        }
    },
    "prices": {
        "200101": "無",
        "200102": "無",
        "200103": "無",
        "200104": "無",
        "200105": "無",
        "200106": "無",
        "200107": "無",
        "200108": "無",
        "200109": "無",
        "200110": "無",
        "200111": "無",
        "200112": "無",
        "200201": "無",
        "200202": "無",
        "200203": "無",
        "200204": "無",
        "200205": "無",
        "200206": "無",
        "200207": "無",
        "200208": "26.54",
        "200209": "23.54",
        "200210": "20.72",
        "200211": "21.93",
        "200212": "22.40",
        "200301": "24.77",
        "200302": "24.52",
        "200303": "21.28",
        "200304": "20.60",
        "200305": "18.34",
        "200306": "21.52",
        "200307": "23.59",
        "200308": "23.75",
        "200309": "22.85",
        "200310": "25.20",
        "200311": "24.17",
        "200312": "24.69",
        "200401": "25.88",
        "200402": "27.76",
        "200403": "27.03",
        "200404": "25.59",
        "200405": "19.84",
        "200406": "18.33",
        "200407": "18.19",
        "200408": "16.40",
        "200409": "17.65",
        "200410": "18.02",
        "200411": "17.15",
        "200412": "20.19",
        "200501": "21.74",
        "200502": "21.38",
        "200503": "20.42",
        "200504": "19.90",
        "200505": "22.76",
        "200506": "25.16",
        "200507": "24.59",
        "200508": "23.11",
        "200509": "22.65",
        "200510": "21.09",
        "200511": "19.58",
        "200512": "21.10",
        "200601": "21.30",
        "200602": "20.08",
        "200603": "20.69",
        "200604": "21.43",
        "200605": "22.70",
        "200606": "21.60",
        "200607": "21.00",
        "200608": "21.12",
        "200609": "19.16",
        "200610": "18.93",
        "200611": "18.91",
        "200612": "20.25",
        "200701": "21.15",
        "200702": "20.86",
        "200703": "19.25",
        "200704": "19.60",
        "200705": "18.86",
        "200706": "19.17",
        "200707": "21.97",
        "200708": "21.56",
        "200709": "20.47",
        "200710": "20.31",
        "200711": "22.00",
        "200712": "20.60",
        "200801": "19.91",
        "200802": "19.79",
        "200803": "21.39",
        "200804": "22.09",
        "200805": "23.49",
        "200806": "21.74",
        "200807": "20.66",
        "200808": "20.20",
        "200809": "18.72",
        "200810": "15.40",
        "200811": "11.67",
        "200812": "12.34",
        "200901": "12.29",
        "200902": "13.61",
        "200903": "16.32",
        "200904": "18.93",
        "200905": "24.06",
        "200906": "24.46",
        "200907": "25.44",
        "200908": "23.96",
        "200909": "22.70",
        "200910": "23.17",
        "200911": "24.79",
        "200912": "29.86",
        "201001": "29.66",
        "201002": "26.20",
        "201003": "27.03",
        "201004": "26.04",
        "201005": "24.75",
        "201006": "25.74",
        "201007": "25.10",
        "201008": "27.92",
        "201009": "25.98",
        "201010": "28.68",
        "201011": "27.59",
        "201012": "27.87",
        "201101": "28.85",
        "201102": "28.60",
        "201103": "28.93",
        "201104": "31.03",
        "201105": "34.64",
        "201106": "36.54",
        "201107": "41.51",
        "201108": "47.64",
        "201109": "44.72",
        "201110": "38.51",
        "201111": "42.59",
        "201112": "42.03",
        "201201": "42.81",
        "201202": "47.65",
        "201203": "48.18",
        "201204": "45.47",
        "201205": "51.20",
        "201206": "49.25",
        "201207": "51.37",
        "201208": "52.58",
        "201209": "47.49",
        "201210": "42.85",
        "201211": "39.33",
        "201212": "40.01",
        "201301": "40.50",
        "201302": "39.50",
        "201303": "39.18",
        "201304": "42.08",
        "201305": "43.53",
        "201306": "44.94",
        "201307": "41.26",
        "201308": "37.91",
        "201309": "36.30",
        "201310": "36.08",
        "201311": "35.37",
        "201312": "36.34",
        "201401": "37.33",
        "201402": "36.11",
        "201403": "36.95",
        "201404": "38.46",
        "201405": "40.73",
        "201406": "43.99",
        "201407": "39.51",
        "201408": "38.98",
        "201409": "37.49",
        "201410": "34.91",
        "201411": "36.23",
        "201412": "38.17",
        "201501": "38.88",
        "201502": "39.11",
        "201503": "42.15",
        "201504": "48.84",
        "201505": "59.68",
        "201506": "59.53",
        "201507": "60.82",
        "201508": "60.98",
        "201509": "57.15",
        "201510": "55.67",
        "201511": "55.48",
        "201512": "53.31",
        "201601": "50.76",
        "201602": "53.76",
        "201603": "57.09",
        "201604": "53.44",
        "201605": "51.70",
        "201606": "52.79",
        "201607": "50.16",
        "201608": "49.86",
        "201609": "49.36",
        "201610": "48.94",
        "201611": "49.38",
        "201612": "50.98",
        "201701": "50.82",
        "201702": "51.78",
        "201703": "53.26",
        "201704": "53.02",
        "201705": "53.49",
        "201706": "54.70",
        "201707": "50.59",
        "201708": "49.86",
        "201709": "50.28",
        "201710": "50.30",
        "201711": "51.72",
        "201712": "52.41",
        "201801": "53.70",
        "201802": "53.05",
        "201803": "53.63",
        "201804": "54.86",
        "201805": "57.74",
        "201806": "58.83",
        "201807": "55.93",
        "201808": "58.13",
        "201809": "58.06",
        "201810": "57.40",
        "201811": "57.80",
        "201812": "57.95",
        "201901": "61.24",
        "201902": "65.12",
        "201903": "63.99",
        "201904": "65.00",
        "201905": "65.98",
        "201906": "66.75",
        "201907": "66.74",
        "201908": "67.15",
        "201909": "67.84",
        "201910": "67.55",
        "201911": "68.52",
        "201912": "70.38",
        "202001": "70.59",
        "202002": "67.46",
        "202003": "57.54",
        "202004": "58.94",
        "202005": "64.00",
        "202006": "68.70",
        "202007": "67.18",
        "202008": "64.55",
        "202009": "62.88",
        "202010": "61.53",
        "202011": "62.66",
        "202012": "63.20",
        "202101": "62.04",
        "202102": "62.75",
        "202103": "65.42",
        "202104": "66.77",
        "202105": "62.99",
        "202106": "63.46",
        "202107": "64.93",
        "202108": "61.82",
        "202109": "60.73",
        "202110": "61.61",
        "202111": "61.76",
        "202112": "60.45",
        "202201": "59.48",
        "202202": "60.59",
        "202203": "59.34",
        "202204": "55.98",
        "202205": "54.44",
        "202206": "55.67",
        "202207": "54.54",
        "202208": "54.73",
        "202209": "56.25",
        "202210": "57.57",
        "202211": "59.89",
        "202212": "62.63",
        "202301": "62.22",
        "202302": "66.66",
        "202303": "67.65",
        "202304": "67.57",
        "202305": "73.57"
    },
    "quarters": {
        "20011": {
            "year_quarter": 20011,
            "year": 2001,
            "quarter": 1,
            "eps": 0.96,
            "eps_growth_year": -56.76,
            "eps_4q": 3.62,
            "eps_4q_growth_year": null,
            "roe": 6.29,
            "roe_4q": 6.29,
            "gross_profit": 688678,
            "gross_margin": 68.58,
            "gross_margin_4q_avg": 68.58,
            "net_income": 140353,
            "revenue": 1004146,
            "common_shares": 1456000,
            "book_valuer_per_share": 15.73,
            "book_valuer_per_share_4q_avg": 15.73,
            "equity": 2289803,
            "current_ratio": 119.92,
            "debt_ratio": 19.59,
            "inventory_turnover_ratio": 7.77,
            "account_receivable_turnover_ratio": null,
            "reinvestment_rate": null,
            "research_to_sale_ratio": null,
            "price_fair": 0,
            "eps_avg_yearly": 0,
            "eps_latest_yearly": 0,
            "eps_growth_yearly": 0
        },
        "20012": {
            "year_quarter": 20012,
            "year": 2001,
            "quarter": 2,
            "eps": 0.58,
            "eps_growth_year": -65.88,
            "eps_4q": 3.17,
            "eps_4q_growth_year": null,
            "roe": 3.58,
            "roe_4q": 9.870000000000001,
            "gross_profit": 590318,
            "gross_margin": 66.88,
            "gross_margin_4q_avg": 67.73,
            "net_income": 83840,
            "revenue": 882588,
            "common_shares": 1456000,
            "book_valuer_per_share": 16.45,
            "book_valuer_per_share_4q_avg": 16.09,
            "equity": 2394723,
            "current_ratio": 138.45,
            "debt_ratio": 20.55,
            "inventory_turnover_ratio": 14.48,
            "account_receivable_turnover_ratio": null,
            "reinvestment_rate": null,
            "research_to_sale_ratio": null,
            "price_fair": 0,
            "eps_avg_yearly": 0,
            "eps_latest_yearly": 0,
            "eps_growth_yearly": 0
        },
        "20013": {
            "year_quarter": 20013,
            "year": 2001,
            "quarter": 3,
            "eps": 0.77,
            "eps_growth_year": -15.38,
            "eps_4q": 2.55,
            "eps_4q_growth_year": null,
            "roe": 5.73,
            "roe_4q": 15.600000000000001,
            "gross_profit": 641882,
            "gross_margin": 64.98,
            "gross_margin_4q_avg": 66.81,
            "net_income": 141274,
            "revenue": 987779,
            "common_shares": 1841470,
            "book_valuer_per_share": 13.78,
            "book_valuer_per_share_4q_avg": 15.32,
            "equity": 2538282,
            "current_ratio": 152.45,
            "debt_ratio": 15.72,
            "inventory_turnover_ratio": 18.24,
            "account_receivable_turnover_ratio": null,
            "reinvestment_rate": null,
            "research_to_sale_ratio": null,
            "price_fair": 0,
            "eps_avg_yearly": 0,
            "eps_latest_yearly": 0,
            "eps_growth_yearly": 0
        },
        "20014": {
            "year_quarter": 20014,
            "year": 2001,
            "quarter": 4,
            "eps": 0.06,
            "eps_growth_year": -91.43,
            "eps_4q": 2.09,
            "eps_4q_growth_year": -48.62,
            "roe": 0.43,
            "roe_4q": 16.03,
            "gross_profit": 520988,
            "gross_margin": 56.62,
            "gross_margin_4q_avg": 64.27,
            "net_income": 10796,
            "revenue": 920195,
            "common_shares": 1841470,
            "book_valuer_per_share": 13.34,
            "book_valuer_per_share_4q_avg": 14.83,
            "equity": 2458001,
            "current_ratio": 81.02,
            "debt_ratio": 27.85,
            "inventory_turnover_ratio": 8.74,
            "account_receivable_turnover_ratio": null,
            "reinvestment_rate": null,
            "research_to_sale_ratio": null,
            "price_fair": 0,
            "eps_avg_yearly": 0,
            "eps_latest_yearly": 0,
            "eps_growth_yearly": 0
        },
        "20021": {
            "year_quarter": 20021,
            "year": 2002,
            "quarter": 1,
            "eps": 1.12,
            "eps_growth_year": 16.67,
            "eps_4q": 2.4,
            "eps_4q_growth_year": -33.51,
            "roe": 8.04,
            "roe_4q": 17.78,
            "gross_profit": 630619,
            "gross_margin": 63.85,
            "gross_margin_4q_avg": 63.08,
            "net_income": 205707,
            "revenue": 987718,
            "common_shares": 1841470,
            "book_valuer_per_share": 14.46,
            "book_valuer_per_share_4q_avg": 14.51,
            "equity": 2662139,
            "current_ratio": 103.96,
            "debt_ratio": 22.71,
            "inventory_turnover_ratio": 7.65,
            "account_receivable_turnover_ratio": null,
            "reinvestment_rate": null,
            "research_to_sale_ratio": null,
            "price_fair": 156.8,
            "eps_avg_yearly": 4.48,
            "eps_latest_yearly": 4.48,
            "eps_growth_yearly": 7066.67
        },
        "20022": {
            "year_quarter": 20022,
            "year": 2002,
            "quarter": 2,
            "eps": 0.43,
            "eps_growth_year": -25.86,
            "eps_4q": 2.37,
            "eps_4q_growth_year": -25.27,
            "roe": 3.18,
            "roe_4q": 17.38,
            "gross_profit": 559651,
            "gross_margin": 63.86,
            "gross_margin_4q_avg": 62.33,
            "net_income": 79463,
            "revenue": 876397,
            "common_shares": 1841470,
            "book_valuer_per_share": 12.65,
            "book_valuer_per_share_4q_avg": 13.56,
            "equity": 2330017,
            "current_ratio": 81.01,
            "debt_ratio": 31.62,
            "inventory_turnover_ratio": 17.1,
            "account_receivable_turnover_ratio": null,
            "reinvestment_rate": null,
            "research_to_sale_ratio": null,
            "price_fair": 108.5,
            "eps_avg_yearly": 3.1,
            "eps_latest_yearly": 1.72,
            "eps_growth_yearly": 3410.12
        },
        "20023": {
            "year_quarter": 20023,
            "year": 2002,
            "quarter": 3,
            "eps": 0.52,
            "eps_growth_year": -32.47,
            "eps_4q": 2.13,
            "eps_4q_growth_year": -16.16,
            "roe": 4.01,
            "roe_4q": 15.659999999999998,
            "gross_profit": 540199,
            "gross_margin": 59.97,
            "gross_margin_4q_avg": 61.08,
            "net_income": 95367,
            "revenue": 900784,
            "common_shares": 1841470,
            "book_valuer_per_share": 13.17,
            "book_valuer_per_share_4q_avg": 13.41,
            "equity": 2425384,
            "current_ratio": 110.78,
            "debt_ratio": 18.97,
            "inventory_turnover_ratio": 20.96,
            "account_receivable_turnover_ratio": null,
            "reinvestment_rate": null,
            "research_to_sale_ratio": null,
            "price_fair": 96.6,
            "eps_avg_yearly": 2.76,
            "eps_latest_yearly": 2.08,
            "eps_growth_yearly": 2301.32
        },
        "20024": {
            "year_quarter": 20024,
            "year": 2002,
            "quarter": 4,
            "eps": 0.06,
            "eps_growth_year": 0,
            "eps_4q": 2.07,
            "eps_4q_growth_year": -1.03,
            "roe": 0.47,
            "roe_4q": 15.7,
            "gross_profit": 379375,
            "gross_margin": 51.7,
            "gross_margin_4q_avg": 59.85,
            "net_income": 11362,
            "revenue": 733840,
            "common_shares": 1841470,
            "book_valuer_per_share": 13.23,
            "book_valuer_per_share_4q_avg": 13.38,
            "equity": 2456117,
            "current_ratio": 77.22,
            "debt_ratio": 34.75,
            "inventory_turnover_ratio": 9.94,
            "account_receivable_turnover_ratio": null,
            "reinvestment_rate": null,
            "research_to_sale_ratio": null,
            "price_fair": 74.55,
            "eps_avg_yearly": 2.13,
            "eps_latest_yearly": 0.24,
            "eps_growth_yearly": 1637.53
        },
        "20031": {
            "year_quarter": 20031,
            "year": 2003,
            "quarter": 1,
            "eps": 0.54,
            "eps_growth_year": -51.79,
            "eps_4q": 1.54,
            "eps_4q_growth_year": -35.78,
            "roe": 4.01,
            "roe_4q": 11.669999999999998,
            "gross_profit": 472968,
            "gross_margin": 60.4,
            "gross_margin_4q_avg": 58.98,
            "net_income": 100122,
            "revenue": 783016,
            "common_shares": 1841470,
            "book_valuer_per_share": 13.78,
            "book_valuer_per_share_4q_avg": 13.21,
            "equity": 2536953,
            "current_ratio": 101.9,
            "debt_ratio": 23.19,
            "inventory_turnover_ratio": 8.39,
            "account_receivable_turnover_ratio": null,
            "reinvestment_rate": null,
            "research_to_sale_ratio": null,
            "price_fair": 74.76,
            "eps_avg_yearly": 2.14,
            "eps_latest_yearly": 2.16,
            "eps_growth_yearly": 1950.02
        },
        "20032": {
            "year_quarter": 20032,
            "year": 2003,
            "quarter": 2,
            "eps": -0.12,
            "eps_growth_year": -127.91,
            "eps_4q": 1,
            "eps_4q_growth_year": -57.54,
            "roe": -0.91,
            "roe_4q": 7.579999999999999,
            "gross_profit": 416582,
            "gross_margin": 59.92,
            "gross_margin_4q_avg": 58,
            "net_income": -21867,
            "revenue": 695274,
            "common_shares": 1841470,
            "book_valuer_per_share": 12.34,
            "book_valuer_per_share_4q_avg": 13.13,
            "equity": 2272462,
            "current_ratio": 93.23,
            "debt_ratio": 45.64,
            "inventory_turnover_ratio": 13.65,
            "account_receivable_turnover_ratio": null,
            "reinvestment_rate": null,
            "research_to_sale_ratio": null,
            "price_fair": 74.76,
            "eps_avg_yearly": 2.14,
            "eps_latest_yearly": 2.16,
            "eps_growth_yearly": 1950.02
        },
        "20033": {
            "year_quarter": 20033,
            "year": 2003,
            "quarter": 3,
            "eps": 0.6,
            "eps_growth_year": 15.38,
            "eps_4q": 1.09,
            "eps_4q_growth_year": -49.13,
            "roe": 4.76,
            "roe_4q": 8.33,
            "gross_profit": 594640,
            "gross_margin": 61,
            "gross_margin_4q_avg": 58.26,
            "net_income": 110748,
            "revenue": 974829,
            "common_shares": 1841470,
            "book_valuer_per_share": 12.94,
            "book_valuer_per_share_4q_avg": 13.07,
            "equity": 2382619,
            "current_ratio": 102.2,
            "debt_ratio": 29.46,
            "inventory_turnover_ratio": 18.09,
            "account_receivable_turnover_ratio": null,
            "reinvestment_rate": null,
            "research_to_sale_ratio": null,
            "price_fair": 74.76,
            "eps_avg_yearly": 2.14,
            "eps_latest_yearly": 2.16,
            "eps_growth_yearly": 1950.02
        },
        "20034": {
            "year_quarter": 20034,
            "year": 2003,
            "quarter": 4,
            "eps": -0.18,
            "eps_growth_year": -400,
            "eps_4q": 0.84,
            "eps_4q_growth_year": -59.39,
            "roe": -1.41,
            "roe_4q": 6.449999999999999,
            "gross_profit": 461260,
            "gross_margin": 53.67,
            "gross_margin_4q_avg": 58.75,
            "net_income": -33473,
            "revenue": 859436,
            "common_shares": 1841470,
            "book_valuer_per_share": 12.76,
            "book_valuer_per_share_4q_avg": 12.96,
            "equity": 2349231,
            "current_ratio": 113.61,
            "debt_ratio": 38.31,
            "inventory_turnover_ratio": 8.99,
            "account_receivable_turnover_ratio": null,
            "reinvestment_rate": -13.13,
            "research_to_sale_ratio": null,
            "price_fair": 74.76,
            "eps_avg_yearly": 2.14,
            "eps_latest_yearly": 2.16,
            "eps_growth_yearly": 1950.02
        },
        "20041": {
            "year_quarter": 20041,
            "year": 2004,
            "quarter": 1,
            "eps": 0.06,
            "eps_growth_year": -88.89,
            "eps_4q": 0.38,
            "eps_4q_growth_year": -75.36,
            "roe": 0.44,
            "roe_4q": 2.88,
            "gross_profit": 525786,
            "gross_margin": 52.46,
            "gross_margin_4q_avg": 56.76,
            "net_income": 10372,
            "revenue": 1002278,
            "common_shares": 1841470,
            "book_valuer_per_share": 12.81,
            "book_valuer_per_share_4q_avg": 12.71,
            "equity": 2358875,
            "current_ratio": 125.36,
            "debt_ratio": 35.79,
            "inventory_turnover_ratio": 10.96,
            "account_receivable_turnover_ratio": null,
            "reinvestment_rate": -22.27,
            "research_to_sale_ratio": null,
            "price_fair": 74.76,
            "eps_avg_yearly": 2.14,
            "eps_latest_yearly": 2.16,
            "eps_growth_yearly": 1950.02
        },
        "20042": {
            "year_quarter": 20042,
            "year": 2004,
            "quarter": 2,
            "eps": 0,
            "eps_growth_year": null,
            "eps_4q": 0.47,
            "eps_4q_growth_year": -52.82,
            "roe": -0.02,
            "roe_4q": 3.7699999999999996,
            "gross_profit": 475042,
            "gross_margin": 53.09,
            "gross_margin_4q_avg": 55.06,
            "net_income": -363,
            "revenue": 894727,
            "common_shares": 1841470,
            "book_valuer_per_share": 11.74,
            "book_valuer_per_share_4q_avg": 12.56,
            "equity": 2161453,
            "current_ratio": 89.58,
            "debt_ratio": 35.72,
            "inventory_turnover_ratio": 22.79,
            "account_receivable_turnover_ratio": null,
            "reinvestment_rate": -26.19,
            "research_to_sale_ratio": null,
            "price_fair": 74.76,
            "eps_avg_yearly": 2.14,
            "eps_latest_yearly": 2.16,
            "eps_growth_yearly": 1950.02
        },
        "20043": {
            "year_quarter": 20043,
            "year": 2004,
            "quarter": 3,
            "eps": 0.93,
            "eps_growth_year": 55,
            "eps_4q": 0.8,
            "eps_4q_growth_year": -26.04,
            "roe": 7.64,
            "roe_4q": 6.65,
            "gross_profit": 581994,
            "gross_margin": 60.27,
            "gross_margin_4q_avg": 54.87,
            "net_income": 171626,
            "revenue": 965685,
            "common_shares": 1841470,
            "book_valuer_per_share": 12.67,
            "book_valuer_per_share_4q_avg": 12.5,
            "equity": 2333387,
            "current_ratio": 89.96,
            "debt_ratio": 28.84,
            "inventory_turnover_ratio": 20.7,
            "account_receivable_turnover_ratio": null,
            "reinvestment_rate": -27.44,
            "research_to_sale_ratio": null,
            "price_fair": 74.76,
            "eps_avg_yearly": 2.14,
            "eps_latest_yearly": 2.16,
            "eps_growth_yearly": 1950.02
        },
        "20044": {
            "year_quarter": 20044,
            "year": 2004,
            "quarter": 4,
            "eps": 0.21,
            "eps_growth_year": null,
            "eps_4q": 1.17,
            "eps_4q_growth_year": 39.7,
            "roe": 1.68,
            "roe_4q": 9.74,
            "gross_profit": 471786,
            "gross_margin": 55.82,
            "gross_margin_4q_avg": 55.41,
            "net_income": 39570,
            "revenue": 845164,
            "common_shares": 1841470,
            "book_valuer_per_share": 12.87,
            "book_valuer_per_share_4q_avg": 12.52,
            "equity": 2370412,
            "current_ratio": 129.02,
            "debt_ratio": 29.94,
            "inventory_turnover_ratio": 10.17,
            "account_receivable_turnover_ratio": null,
            "reinvestment_rate": -80.07,
            "research_to_sale_ratio": null,
            "price_fair": 67.2,
            "eps_avg_yearly": 1.92,
            "eps_latest_yearly": 0.84,
            "eps_growth_yearly": 1573.41
        },
        "20051": {
            "year_quarter": 20051,
            "year": 2005,
            "quarter": 1,
            "eps": 0.84,
            "eps_growth_year": 1300,
            "eps_4q": 1.99,
            "eps_4q_growth_year": 422.9,
            "roe": 6.29,
            "roe_4q": 15.59,
            "gross_profit": 619534,
            "gross_margin": 62.88,
            "gross_margin_4q_avg": 58.02,
            "net_income": 154030,
            "revenue": 985279,
            "common_shares": 1841470,
            "book_valuer_per_share": 13.71,
            "book_valuer_per_share_4q_avg": 12.75,
            "equity": 2524245,
            "current_ratio": 114.82,
            "debt_ratio": 21,
            "inventory_turnover_ratio": 10.35,
            "account_receivable_turnover_ratio": null,
            "reinvestment_rate": -31.33,
            "research_to_sale_ratio": null,
            "price_fair": 74.4,
            "eps_avg_yearly": 2.13,
            "eps_latest_yearly": 3.36,
            "eps_growth_yearly": 1520.06
        },
        "20052": {
            "year_quarter": 20052,
            "year": 2005,
            "quarter": 2,
            "eps": 0.44,
            "eps_growth_year": null,
            "eps_4q": 2.42,
            "eps_4q_growth_year": 410.74,
            "roe": 3.23,
            "roe_4q": 18.84,
            "gross_profit": 518153,
            "gross_margin": 60.54,
            "gross_margin_4q_avg": 59.88,
            "net_income": 81126,
            "revenue": 855919,
            "common_shares": 1841470,
            "book_valuer_per_share": 13.58,
            "book_valuer_per_share_4q_avg": 13.21,
            "equity": 2501057,
            "current_ratio": 113.16,
            "debt_ratio": 20.08,
            "inventory_turnover_ratio": 19.2,
            "account_receivable_turnover_ratio": null,
            "reinvestment_rate": -32.91,
            "research_to_sale_ratio": null,
            "price_fair": 72.8,
            "eps_avg_yearly": 2.08,
            "eps_latest_yearly": 1.76,
            "eps_growth_yearly": 1306.24
        },
        "20053": {
            "year_quarter": 20053,
            "year": 2005,
            "quarter": 3,
            "eps": 0.43,
            "eps_growth_year": -53.76,
            "eps_4q": 1.91,
            "eps_4q_growth_year": 137.7,
            "roe": 3.14,
            "roe_4q": 14.34,
            "gross_profit": 534898,
            "gross_margin": 57.49,
            "gross_margin_4q_avg": 59.18,
            "net_income": 79905,
            "revenue": 930376,
            "common_shares": 1841470,
            "book_valuer_per_share": 14.03,
            "book_valuer_per_share_4q_avg": 13.55,
            "equity": 2584243,
            "current_ratio": 92.5,
            "debt_ratio": 15.9,
            "inventory_turnover_ratio": 21.01,
            "account_receivable_turnover_ratio": null,
            "reinvestment_rate": -0.21,
            "research_to_sale_ratio": null,
            "price_fair": 71.4,
            "eps_avg_yearly": 2.04,
            "eps_latest_yearly": 1.72,
            "eps_growth_yearly": 1160.1
        },
        "20054": {
            "year_quarter": 20054,
            "year": 2005,
            "quarter": 4,
            "eps": 0.41,
            "eps_growth_year": 95.24,
            "eps_4q": 2.13,
            "eps_4q_growth_year": 81.63,
            "roe": 2.86,
            "roe_4q": 15.52,
            "gross_profit": 463375,
            "gross_margin": 58.48,
            "gross_margin_4q_avg": 59.85,
            "net_income": 75006,
            "revenue": 792411,
            "common_shares": 1841470,
            "book_valuer_per_share": 14.44,
            "book_valuer_per_share_4q_avg": 13.94,
            "equity": 2658729,
            "current_ratio": 116.3,
            "debt_ratio": 31.49,
            "inventory_turnover_ratio": 15.68,
            "account_receivable_turnover_ratio": null,
            "reinvestment_rate": 28.86,
            "research_to_sale_ratio": null,
            "price_fair": 70,
            "eps_avg_yearly": 2,
            "eps_latest_yearly": 1.64,
            "eps_growth_yearly": 1042.23
        },
        "20061": {
            "year_quarter": 20061,
            "year": 2006,
            "quarter": 1,
            "eps": 0.43,
            "eps_growth_year": -48.81,
            "eps_4q": 1.71,
            "eps_4q_growth_year": -14.01,
            "roe": 2.94,
            "roe_4q": 12.17,
            "gross_profit": 515565,
            "gross_margin": 60.46,
            "gross_margin_4q_avg": 59.24,
            "net_income": 79233,
            "revenue": 852723,
            "common_shares": 1841470,
            "book_valuer_per_share": 14.86,
            "book_valuer_per_share_4q_avg": 14.23,
            "equity": 2737067,
            "current_ratio": 111.17,
            "debt_ratio": 24.63,
            "inventory_turnover_ratio": 16.57,
            "account_receivable_turnover_ratio": null,
            "reinvestment_rate": 30.63,
            "research_to_sale_ratio": null,
            "price_fair": 60.34,
            "eps_avg_yearly": 1.72,
            "eps_latest_yearly": 1.72,
            "eps_growth_yearly": 337.51
        },
        "20062": {
            "year_quarter": 20062,
            "year": 2006,
            "quarter": 2,
            "eps": -0.25,
            "eps_growth_year": -156.82,
            "eps_4q": 1.02,
            "eps_4q_growth_year": -57.71,
            "roe": -1.72,
            "roe_4q": 7.220000000000001,
            "gross_profit": 372996,
            "gross_margin": 52.87,
            "gross_margin_4q_avg": 57.33,
            "net_income": -45614,
            "revenue": 705471,
            "common_shares": 1841470,
            "book_valuer_per_share": 14.01,
            "book_valuer_per_share_4q_avg": 14.34,
            "equity": 2580293,
            "current_ratio": 102.31,
            "debt_ratio": 29.18,
            "inventory_turnover_ratio": 20.5,
            "account_receivable_turnover_ratio": null,
            "reinvestment_rate": 42.49,
            "research_to_sale_ratio": null,
            "price_fair": 60.36,
            "eps_avg_yearly": 1.72,
            "eps_latest_yearly": 1.72,
            "eps_growth_yearly": 402.39
        },
        "20063": {
            "year_quarter": 20063,
            "year": 2006,
            "quarter": 3,
            "eps": 0,
            "eps_growth_year": -100,
            "eps_4q": 0.59,
            "eps_4q_growth_year": -69.22,
            "roe": -0.02,
            "roe_4q": 4.06,
            "gross_profit": 444588,
            "gross_margin": 55.32,
            "gross_margin_4q_avg": 56.78,
            "net_income": -463,
            "revenue": 803630,
            "common_shares": 1841470,
            "book_valuer_per_share": 14.07,
            "book_valuer_per_share_4q_avg": 14.35,
            "equity": 2590240,
            "current_ratio": 121.83,
            "debt_ratio": 31.45,
            "inventory_turnover_ratio": 24.77,
            "account_receivable_turnover_ratio": null,
            "reinvestment_rate": 48.94,
            "research_to_sale_ratio": null,
            "price_fair": 58.8,
            "eps_avg_yearly": 1.68,
            "eps_latest_yearly": 1.72,
            "eps_growth_yearly": 442.23
        },
        "20064": {
            "year_quarter": 20064,
            "year": 2006,
            "quarter": 4,
            "eps": -1,
            "eps_growth_year": -343.9,
            "eps_4q": -0.82,
            "eps_4q_growth_year": -138.46,
            "roe": -7.36,
            "roe_4q": -6.16,
            "gross_profit": 400932,
            "gross_margin": 55.39,
            "gross_margin_4q_avg": 56.01,
            "net_income": -183585,
            "revenue": 723878,
            "common_shares": 1841470,
            "book_valuer_per_share": 13.01,
            "book_valuer_per_share_4q_avg": 13.99,
            "equity": 2395595,
            "current_ratio": 114.15,
            "debt_ratio": 43.01,
            "inventory_turnover_ratio": 18.46,
            "account_receivable_turnover_ratio": null,
            "reinvestment_rate": 83.14,
            "research_to_sale_ratio": null,
            "price_fair": 66,
            "eps_avg_yearly": 1.89,
            "eps_latest_yearly": 1.72,
            "eps_growth_yearly": 555.95
        },
        "20071": {
            "year_quarter": 20071,
            "year": 2007,
            "quarter": 1,
            "eps": -0.04,
            "eps_growth_year": -109.3,
            "eps_4q": -1.38,
            "eps_4q_growth_year": -180.42,
            "roe": -0.29,
            "roe_4q": -9.39,
            "gross_profit": 452585,
            "gross_margin": 56.42,
            "gross_margin_4q_avg": 55,
            "net_income": -6876,
            "revenue": 802192,
            "common_shares": 1841470,
            "book_valuer_per_share": 13.02,
            "book_valuer_per_share_4q_avg": 13.53,
            "equity": 2397982,
            "current_ratio": 127.11,
            "debt_ratio": 37.12,
            "inventory_turnover_ratio": 20.44,
            "account_receivable_turnover_ratio": null,
            "reinvestment_rate": 91.88,
            "research_to_sale_ratio": null,
            "price_fair": 64.4,
            "eps_avg_yearly": 1.84,
            "eps_latest_yearly": 1.72,
            "eps_growth_yearly": 115.28
        },
        "20072": {
            "year_quarter": 20072,
            "year": 2007,
            "quarter": 2,
            "eps": -0.35,
            "eps_growth_year": null,
            "eps_4q": -1.38,
            "eps_4q_growth_year": -235.12,
            "roe": -2.75,
            "roe_4q": -10.42,
            "gross_profit": 367829,
            "gross_margin": 50.55,
            "gross_margin_4q_avg": 54.42,
            "net_income": -63811,
            "revenue": 727602,
            "common_shares": 1841470,
            "book_valuer_per_share": 12.15,
            "book_valuer_per_share_4q_avg": 13.06,
            "equity": 2237315,
            "current_ratio": 158.23,
            "debt_ratio": 41.89,
            "inventory_turnover_ratio": 23.34,
            "account_receivable_turnover_ratio": null,
            "reinvestment_rate": -34.88,
            "research_to_sale_ratio": null,
            "price_fair": 64.4,
            "eps_avg_yearly": 1.84,
            "eps_latest_yearly": 1.72,
            "eps_growth_yearly": 115.28
        },
        "20073": {
            "year_quarter": 20073,
            "year": 2007,
            "quarter": 3,
            "eps": 1.67,
            "eps_growth_year": null,
            "eps_4q": 0.29,
            "eps_4q_growth_year": -50.79,
            "roe": 12.88,
            "roe_4q": 2.4800000000000013,
            "gross_profit": 482089,
            "gross_margin": 53.87,
            "gross_margin_4q_avg": 54.06,
            "net_income": 307497,
            "revenue": 894874,
            "common_shares": 1841470,
            "book_valuer_per_share": 13.78,
            "book_valuer_per_share_4q_avg": 12.99,
            "equity": 2537847,
            "current_ratio": 125.64,
            "debt_ratio": 29.3,
            "inventory_turnover_ratio": 26.01,
            "account_receivable_turnover_ratio": null,
            "reinvestment_rate": -32.01,
            "research_to_sale_ratio": null,
            "price_fair": 64.4,
            "eps_avg_yearly": 1.84,
            "eps_latest_yearly": 1.72,
            "eps_growth_yearly": 115.28
        },
        "20074": {
            "year_quarter": 20074,
            "year": 2007,
            "quarter": 4,
            "eps": -0.74,
            "eps_growth_year": null,
            "eps_4q": 0.54,
            "eps_4q_growth_year": null,
            "roe": -5.5,
            "roe_4q": 4.340000000000001,
            "gross_profit": 409098,
            "gross_margin": 53.52,
            "gross_margin_4q_avg": 53.59,
            "net_income": -136890,
            "revenue": 764409,
            "common_shares": 1841470,
            "book_valuer_per_share": 13.23,
            "book_valuer_per_share_4q_avg": 13.05,
            "equity": 2435489,
            "current_ratio": 128.7,
            "debt_ratio": 34.52,
            "inventory_turnover_ratio": 21.42,
            "account_receivable_turnover_ratio": null,
            "reinvestment_rate": 16.26,
            "research_to_sale_ratio": null,
            "price_fair": 64.4,
            "eps_avg_yearly": 1.84,
            "eps_latest_yearly": 1.72,
            "eps_growth_yearly": 115.28
        },
        "20081": {
            "year_quarter": 20081,
            "year": 2008,
            "quarter": 1,
            "eps": 0.59,
            "eps_growth_year": null,
            "eps_4q": 1.17,
            "eps_4q_growth_year": null,
            "roe": 4.39,
            "roe_4q": 9.02,
            "gross_profit": 640990,
            "gross_margin": 57.24,
            "gross_margin_4q_avg": 53.8,
            "net_income": 107744,
            "revenue": 1119751,
            "common_shares": 1841470,
            "book_valuer_per_share": 13.42,
            "book_valuer_per_share_4q_avg": 13.15,
            "equity": 2471364,
            "current_ratio": 127.58,
            "debt_ratio": 33.06,
            "inventory_turnover_ratio": 27.83,
            "account_receivable_turnover_ratio": null,
            "reinvestment_rate": 23.84,
            "research_to_sale_ratio": null,
            "price_fair": 64.4,
            "eps_avg_yearly": 1.84,
            "eps_latest_yearly": 1.72,
            "eps_growth_yearly": 115.28
        },
        "20082": {
            "year_quarter": 20082,
            "year": 2008,
            "quarter": 2,
            "eps": 0.6,
            "eps_growth_year": null,
            "eps_4q": 2.12,
            "eps_4q_growth_year": null,
            "roe": 4.41,
            "roe_4q": 16.18,
            "gross_profit": 620130,
            "gross_margin": 61.82,
            "gross_margin_4q_avg": 56.61,
            "net_income": 109885,
            "revenue": 1003055,
            "common_shares": 1841470,
            "book_valuer_per_share": 13.63,
            "book_valuer_per_share_4q_avg": 13.52,
            "equity": 2510435,
            "current_ratio": 156.3,
            "debt_ratio": 36.09,
            "inventory_turnover_ratio": 24.79,
            "account_receivable_turnover_ratio": null,
            "reinvestment_rate": 11.94,
            "research_to_sale_ratio": null,
            "price_fair": 67.2,
            "eps_avg_yearly": 1.92,
            "eps_latest_yearly": 2.4,
            "eps_growth_yearly": 99.78
        },
        "20083": {
            "year_quarter": 20083,
            "year": 2008,
            "quarter": 3,
            "eps": 0.19,
            "eps_growth_year": -88.62,
            "eps_4q": 0.63,
            "eps_4q_growth_year": 116.68,
            "roe": 1.37,
            "roe_4q": 4.67,
            "gross_profit": 575552,
            "gross_margin": 53.56,
            "gross_margin_4q_avg": 56.54,
            "net_income": 35158,
            "revenue": 1074686,
            "common_shares": 1841470,
            "book_valuer_per_share": 14.25,
            "book_valuer_per_share_4q_avg": 13.63,
            "equity": 2624648,
            "current_ratio": 118.48,
            "debt_ratio": 34.36,
            "inventory_turnover_ratio": 34.25,
            "account_receivable_turnover_ratio": null,
            "reinvestment_rate": 7.03,
            "research_to_sale_ratio": null,
            "price_fair": 62.13,
            "eps_avg_yearly": 1.78,
            "eps_latest_yearly": 0.76,
            "eps_growth_yearly": 53.14
        },
        "20084": {
            "year_quarter": 20084,
            "year": 2008,
            "quarter": 4,
            "eps": 0.46,
            "eps_growth_year": null,
            "eps_4q": 1.82,
            "eps_4q_growth_year": 236.87,
            "roe": 3.19,
            "roe_4q": 13.36,
            "gross_profit": 552083,
            "gross_margin": 54.29,
            "gross_margin_4q_avg": 56.73,
            "net_income": 85557,
            "revenue": 1016962,
            "common_shares": 1841470,
            "book_valuer_per_share": 14.9,
            "book_valuer_per_share_4q_avg": 14.05,
            "equity": 2743828,
            "current_ratio": 135.64,
            "debt_ratio": 33.94,
            "inventory_turnover_ratio": 30.13,
            "account_receivable_turnover_ratio": 67.06,
            "reinvestment_rate": 20.84,
            "research_to_sale_ratio": null,
            "price_fair": 66.5,
            "eps_avg_yearly": 1.9,
            "eps_latest_yearly": 1.84,
            "eps_growth_yearly": 162.9
        },
        "20091": {
            "year_quarter": 20091,
            "year": 2009,
            "quarter": 1,
            "eps": 1.23,
            "eps_growth_year": 108.47,
            "eps_4q": 2.48,
            "eps_4q_growth_year": 111.5,
            "roe": 7.85,
            "roe_4q": 16.82,
            "gross_profit": 631535,
            "gross_margin": 60.42,
            "gross_margin_4q_avg": 57.52,
            "net_income": 226050,
            "revenue": 1045275,
            "common_shares": 1841470,
            "book_valuer_per_share": 16.39,
            "book_valuer_per_share_4q_avg": 14.79,
            "equity": 3019037,
            "current_ratio": 177.68,
            "debt_ratio": 30.76,
            "inventory_turnover_ratio": 26.32,
            "account_receivable_turnover_ratio": 34.27,
            "reinvestment_rate": 21.27,
            "research_to_sale_ratio": null,
            "price_fair": 73.33,
            "eps_avg_yearly": 2.1,
            "eps_latest_yearly": 4.92,
            "eps_growth_yearly": 96.6
        },
        "20092": {
            "year_quarter": 20092,
            "year": 2009,
            "quarter": 2,
            "eps": 0.32,
            "eps_growth_year": -46.67,
            "eps_4q": 2.18,
            "eps_4q_growth_year": 3.03,
            "roe": 2.03,
            "roe_4q": 14.439999999999998,
            "gross_profit": 494339,
            "gross_margin": 55.18,
            "gross_margin_4q_avg": 55.86,
            "net_income": 59528,
            "revenue": 895918,
            "common_shares": 1841470,
            "book_valuer_per_share": 15.44,
            "book_valuer_per_share_4q_avg": 15.25,
            "equity": 2843424,
            "current_ratio": 117.48,
            "debt_ratio": 34.88,
            "inventory_turnover_ratio": 30.01,
            "account_receivable_turnover_ratio": 44.76,
            "reinvestment_rate": 21.06,
            "research_to_sale_ratio": null,
            "price_fair": 71.23,
            "eps_avg_yearly": 2.04,
            "eps_latest_yearly": 1.28,
            "eps_growth_yearly": 83.41
        },
        "20093": {
            "year_quarter": 20093,
            "year": 2009,
            "quarter": 3,
            "eps": 0.46,
            "eps_growth_year": 142.11,
            "eps_4q": 2.46,
            "eps_4q_growth_year": 293.5,
            "roe": 2.97,
            "roe_4q": 16.04,
            "gross_profit": 503983,
            "gross_margin": 55.58,
            "gross_margin_4q_avg": 56.37,
            "net_income": 85166,
            "revenue": 906713,
            "common_shares": 1841470,
            "book_valuer_per_share": 15.74,
            "book_valuer_per_share_4q_avg": 15.62,
            "equity": 2898810,
            "current_ratio": 146.77,
            "debt_ratio": 26.84,
            "inventory_turnover_ratio": 35.35,
            "account_receivable_turnover_ratio": 94.51,
            "reinvestment_rate": -75.66,
            "research_to_sale_ratio": null,
            "price_fair": 71.75,
            "eps_avg_yearly": 2.05,
            "eps_latest_yearly": 1.84,
            "eps_growth_yearly": 106.43
        },
        "20094": {
            "year_quarter": 20094,
            "year": 2009,
            "quarter": 4,
            "eps": 0.1,
            "eps_growth_year": -78.26,
            "eps_4q": 2.12,
            "eps_4q_growth_year": 16.31,
            "roe": 0.65,
            "roe_4q": 13.5,
            "gross_profit": 468938,
            "gross_margin": 55.54,
            "gross_margin_4q_avg": 56.68,
            "net_income": 18887,
            "revenue": 844250,
            "common_shares": 1841470,
            "book_valuer_per_share": 15.8,
            "book_valuer_per_share_4q_avg": 15.84,
            "equity": 2910168,
            "current_ratio": 149.44,
            "debt_ratio": 26.38,
            "inventory_turnover_ratio": 27.41,
            "account_receivable_turnover_ratio": 19.52,
            "reinvestment_rate": 137.71,
            "research_to_sale_ratio": null,
            "price_fair": 66.33,
            "eps_avg_yearly": 1.9,
            "eps_latest_yearly": 0.4,
            "eps_growth_yearly": 69.62
        },
        "20101": {
            "year_quarter": 20101,
            "year": 2010,
            "quarter": 1,
            "eps": 0.87,
            "eps_growth_year": -29.27,
            "eps_4q": 1.76,
            "eps_4q_growth_year": -29.05,
            "roe": 5.39,
            "roe_4q": 11.04,
            "gross_profit": 560587,
            "gross_margin": 59.55,
            "gross_margin_4q_avg": 56.46,
            "net_income": 161070,
            "revenue": 941368,
            "common_shares": 1841470,
            "book_valuer_per_share": 16.63,
            "book_valuer_per_share_4q_avg": 15.9,
            "equity": 3062378,
            "current_ratio": 156.23,
            "debt_ratio": 22.18,
            "inventory_turnover_ratio": 26.52,
            "account_receivable_turnover_ratio": 16.33,
            "reinvestment_rate": 164.29,
            "research_to_sale_ratio": null,
            "price_fair": 74.03,
            "eps_avg_yearly": 2.12,
            "eps_latest_yearly": 3.48,
            "eps_growth_yearly": 452.18
        },
        "20102": {
            "year_quarter": 20102,
            "year": 2010,
            "quarter": 2,
            "eps": 0.12,
            "eps_growth_year": -63.12,
            "eps_4q": 1.56,
            "eps_4q_growth_year": -28.68,
            "roe": 0.7,
            "roe_4q": 9.71,
            "gross_profit": 417252,
            "gross_margin": 49.9,
            "gross_margin_4q_avg": 55.14,
            "net_income": 21735,
            "revenue": 836143,
            "common_shares": 1841470,
            "book_valuer_per_share": 16.86,
            "book_valuer_per_share_4q_avg": 16.26,
            "equity": 3105129,
            "current_ratio": 209.1,
            "debt_ratio": 23.59,
            "inventory_turnover_ratio": 35.01,
            "account_receivable_turnover_ratio": 33.78,
            "reinvestment_rate": 140.89,
            "research_to_sale_ratio": null,
            "price_fair": 67.67,
            "eps_avg_yearly": 1.93,
            "eps_latest_yearly": 0.48,
            "eps_growth_yearly": 363.63
        },
        "20103": {
            "year_quarter": 20103,
            "year": 2010,
            "quarter": 3,
            "eps": 0.56,
            "eps_growth_year": 21.62,
            "eps_4q": 1.93,
            "eps_4q_growth_year": -21.75,
            "roe": 2.8,
            "roe_4q": 9.540000000000001,
            "gross_profit": 474683,
            "gross_margin": 52.75,
            "gross_margin_4q_avg": 54.44,
            "net_income": 82419,
            "revenue": 899860,
            "common_shares": 1473176,
            "book_valuer_per_share": 18.86,
            "book_valuer_per_share_4q_avg": 17.04,
            "equity": 2778730,
            "current_ratio": 163.82,
            "debt_ratio": 26.92,
            "inventory_turnover_ratio": 33.05,
            "account_receivable_turnover_ratio": 54.44,
            "reinvestment_rate": 117.05,
            "research_to_sale_ratio": null,
            "price_fair": 68.74,
            "eps_avg_yearly": 1.96,
            "eps_latest_yearly": 2.24,
            "eps_growth_yearly": 473.93
        },
        "20104": {
            "year_quarter": 20104,
            "year": 2010,
            "quarter": 4,
            "eps": 0.58,
            "eps_growth_year": 476.14,
            "eps_4q": 2.38,
            "eps_4q_growth_year": 12.32,
            "roe": 3.05,
            "roe_4q": 11.94,
            "gross_profit": 432332,
            "gross_margin": 52.5,
            "gross_margin_4q_avg": 53.68,
            "net_income": 84875,
            "revenue": 823494,
            "common_shares": 1473176,
            "book_valuer_per_share": 18.92,
            "book_valuer_per_share_4q_avg": 17.82,
            "equity": 2787813,
            "current_ratio": 195.95,
            "debt_ratio": 27.61,
            "inventory_turnover_ratio": 26.23,
            "account_receivable_turnover_ratio": 84.84,
            "reinvestment_rate": 46.12,
            "research_to_sale_ratio": null,
            "price_fair": 69.87,
            "eps_avg_yearly": 2,
            "eps_latest_yearly": 2.32,
            "eps_growth_yearly": 432.14
        },
        "20111": {
            "year_quarter": 20111,
            "year": 2011,
            "quarter": 1,
            "eps": 1.26,
            "eps_growth_year": 44.83,
            "eps_4q": 2.54,
            "eps_4q_growth_year": 44.18,
            "roe": 6.4,
            "roe_4q": 12.95,
            "gross_profit": 533050,
            "gross_margin": 57.21,
            "gross_margin_4q_avg": 53.09,
            "net_income": 185430,
            "revenue": 931807,
            "common_shares": 1473176,
            "book_valuer_per_share": 20.44,
            "book_valuer_per_share_4q_avg": 18.77,
            "equity": 3011134,
            "current_ratio": 234.09,
            "debt_ratio": 30.91,
            "inventory_turnover_ratio": 24.39,
            "account_receivable_turnover_ratio": 88.85,
            "reinvestment_rate": 97.89,
            "research_to_sale_ratio": null,
            "price_fair": 78.75,
            "eps_avg_yearly": 2.25,
            "eps_latest_yearly": 5.04,
            "eps_growth_yearly": 435.21
        },
        "20112": {
            "year_quarter": 20112,
            "year": 2011,
            "quarter": 2,
            "eps": 1.46,
            "eps_growth_year": 1134.45,
            "eps_4q": 3.85,
            "eps_4q_growth_year": 147.23,
            "roe": 7.15,
            "roe_4q": 19.400000000000002,
            "gross_profit": 522675,
            "gross_margin": 57.43,
            "gross_margin_4q_avg": 54.97,
            "net_income": 214646,
            "revenue": 910036,
            "common_shares": 1473176,
            "book_valuer_per_share": 20.29,
            "book_valuer_per_share_4q_avg": 19.63,
            "equity": 2989640,
            "current_ratio": 222.9,
            "debt_ratio": 32.13,
            "inventory_turnover_ratio": 20.97,
            "account_receivable_turnover_ratio": 52.28,
            "reinvestment_rate": 93.62,
            "research_to_sale_ratio": null,
            "price_fair": 88.42,
            "eps_avg_yearly": 2.53,
            "eps_latest_yearly": 5.84,
            "eps_growth_yearly": 406.62
        },
        "20113": {
            "year_quarter": 20113,
            "year": 2011,
            "quarter": 3,
            "eps": 1.54,
            "eps_growth_year": 174.37,
            "eps_4q": 4.83,
            "eps_4q_growth_year": 150.29,
            "roe": 7.22,
            "roe_4q": 23.820000000000004,
            "gross_profit": 517372,
            "gross_margin": 55.17,
            "gross_margin_4q_avg": 55.58,
            "net_income": 226137,
            "revenue": 937830,
            "common_shares": 1473176,
            "book_valuer_per_share": 22.2,
            "book_valuer_per_share_4q_avg": 20.46,
            "equity": 3270544,
            "current_ratio": 287.99,
            "debt_ratio": 21.88,
            "inventory_turnover_ratio": 21.87,
            "account_receivable_turnover_ratio": 43.93,
            "reinvestment_rate": 98.92,
            "research_to_sale_ratio": null,
            "price_fair": 97.5,
            "eps_avg_yearly": 2.79,
            "eps_latest_yearly": 6.16,
            "eps_growth_yearly": 379.14
        },
        "20114": {
            "year_quarter": 20114,
            "year": 2011,
            "quarter": 4,
            "eps": 0.57,
            "eps_growth_year": -0.32,
            "eps_4q": 4.83,
            "eps_4q_growth_year": 103.03,
            "roe": 2.54,
            "roe_4q": 23.310000000000002,
            "gross_profit": 477911,
            "gross_margin": 55.04,
            "gross_margin_4q_avg": 56.21,
            "net_income": 84602,
            "revenue": 868264,
            "common_shares": 1473176,
            "book_valuer_per_share": 23.06,
            "book_valuer_per_share_4q_avg": 21.5,
            "equity": 3396929,
            "current_ratio": 269.04,
            "debt_ratio": 22.43,
            "inventory_turnover_ratio": 18.67,
            "account_receivable_turnover_ratio": 29.55,
            "reinvestment_rate": 74.54,
            "research_to_sale_ratio": null,
            "price_fair": 96.32,
            "eps_avg_yearly": 2.75,
            "eps_latest_yearly": 2.28,
            "eps_growth_yearly": 337.07
        },
        "20121": {
            "year_quarter": 20121,
            "year": 2012,
            "quarter": 1,
            "eps": 1.75,
            "eps_growth_year": 38.89,
            "eps_4q": 5.32,
            "eps_4q_growth_year": 109.26,
            "roe": 7.33,
            "roe_4q": 24.240000000000002,
            "gross_profit": 555357,
            "gross_margin": 59.11,
            "gross_margin_4q_avg": 56.69,
            "net_income": 258192,
            "revenue": 939459,
            "common_shares": 1473176,
            "book_valuer_per_share": 24.78,
            "book_valuer_per_share_4q_avg": 22.58,
            "equity": 3650056,
            "current_ratio": 324.83,
            "debt_ratio": 20.3,
            "inventory_turnover_ratio": 17.8,
            "account_receivable_turnover_ratio": 34.63,
            "reinvestment_rate": 72.29,
            "research_to_sale_ratio": null,
            "price_fair": 105.61,
            "eps_avg_yearly": 3.02,
            "eps_latest_yearly": 7,
            "eps_growth_yearly": 367.75
        },
        "20122": {
            "year_quarter": 20122,
            "year": 2012,
            "quarter": 2,
            "eps": 0.64,
            "eps_growth_year": -56.28,
            "eps_4q": 4.5,
            "eps_4q_growth_year": 16.82,
            "roe": 2.71,
            "roe_4q": 19.799999999999997,
            "gross_profit": 472995,
            "gross_margin": 56.43,
            "gross_margin_4q_avg": 56.44,
            "net_income": 93850,
            "revenue": 838204,
            "common_shares": 1473176,
            "book_valuer_per_share": 22.31,
            "book_valuer_per_share_4q_avg": 23.09,
            "equity": 3286747,
            "current_ratio": 181.71,
            "debt_ratio": 29.97,
            "inventory_turnover_ratio": 18.51,
            "account_receivable_turnover_ratio": 41.21,
            "reinvestment_rate": 71.92,
            "research_to_sale_ratio": null,
            "price_fair": 105.96,
            "eps_avg_yearly": 3.03,
            "eps_latest_yearly": 2.56,
            "eps_growth_yearly": 351.47
        },
        "20123": {
            "year_quarter": 20123,
            "year": 2012,
            "quarter": 3,
            "eps": 0.63,
            "eps_growth_year": -59.14,
            "eps_4q": 3.59,
            "eps_4q_growth_year": -25.6,
            "roe": 2.77,
            "roe_4q": 15.350000000000001,
            "gross_profit": 474170,
            "gross_margin": 55.3,
            "gross_margin_4q_avg": 56.47,
            "net_income": 92408,
            "revenue": 857390,
            "common_shares": 1473176,
            "book_valuer_per_share": 22.94,
            "book_valuer_per_share_4q_avg": 23.27,
            "equity": 3379145,
            "current_ratio": 281.05,
            "debt_ratio": 21.64,
            "inventory_turnover_ratio": 20.23,
            "account_receivable_turnover_ratio": 38.86,
            "reinvestment_rate": 72.53,
            "research_to_sale_ratio": null,
            "price_fair": 109.81,
            "eps_avg_yearly": 3.14,
            "eps_latest_yearly": 2.52,
            "eps_growth_yearly": 368.17
        },
        "20124": {
            "year_quarter": 20124,
            "year": 2012,
            "quarter": 4,
            "eps": 0.98,
            "eps_growth_year": 70.52,
            "eps_4q": 4,
            "eps_4q_growth_year": -17.18,
            "roe": 4.2,
            "roe_4q": 17.009999999999998,
            "gross_profit": 446095,
            "gross_margin": 56.14,
            "gross_margin_4q_avg": 56.75,
            "net_income": 144262,
            "revenue": 794569,
            "common_shares": 1473176,
            "book_valuer_per_share": 23.71,
            "book_valuer_per_share_4q_avg": 23.44,
            "equity": 3493474,
            "current_ratio": 294.68,
            "debt_ratio": 20.36,
            "inventory_turnover_ratio": 17.61,
            "account_receivable_turnover_ratio": 25.86,
            "reinvestment_rate": 66.7,
            "research_to_sale_ratio": null,
            "price_fair": 114.36,
            "eps_avg_yearly": 3.27,
            "eps_latest_yearly": 3.92,
            "eps_growth_yearly": 346.53
        },
        "20131": {
            "year_quarter": 20131,
            "year": 2013,
            "quarter": 1,
            "eps": 1.27,
            "eps_growth_year": -27.43,
            "eps_4q": 3.51,
            "eps_4q_growth_year": -33.96,
            "roe": 5.39,
            "roe_4q": 15.07,
            "gross_profit": 515865,
            "gross_margin": 58.77,
            "gross_margin_4q_avg": 56.66,
            "net_income": 186971,
            "revenue": 877797,
            "common_shares": 1473176,
            "book_valuer_per_share": 23.34,
            "book_valuer_per_share_4q_avg": 23.08,
            "equity": 3439090,
            "current_ratio": 316.72,
            "debt_ratio": 20.81,
            "inventory_turnover_ratio": 18.03,
            "account_receivable_turnover_ratio": 26.59,
            "reinvestment_rate": 59.23,
            "research_to_sale_ratio": null,
            "price_fair": 114.71,
            "eps_avg_yearly": 3.28,
            "eps_latest_yearly": 5.08,
            "eps_growth_yearly": 312.08
        },
        "20132": {
            "year_quarter": 20132,
            "year": 2013,
            "quarter": 2,
            "eps": 0.41,
            "eps_growth_year": -35.64,
            "eps_4q": 3.29,
            "eps_4q_growth_year": -26.98,
            "roe": 1.88,
            "roe_4q": 14.239999999999998,
            "gross_profit": 442605,
            "gross_margin": 55.1,
            "gross_margin_4q_avg": 56.33,
            "net_income": 60299,
            "revenue": 803340,
            "common_shares": 1473176,
            "book_valuer_per_share": 20.25,
            "book_valuer_per_share_4q_avg": 22.56,
            "equity": 2983734,
            "current_ratio": 174.84,
            "debt_ratio": 30.88,
            "inventory_turnover_ratio": 18.92,
            "account_receivable_turnover_ratio": 30.96,
            "reinvestment_rate": 58.29,
            "research_to_sale_ratio": null,
            "price_fair": 115.5,
            "eps_avg_yearly": 3.3,
            "eps_latest_yearly": 1.64,
            "eps_growth_yearly": 313.65
        },
        "20133": {
            "year_quarter": 20133,
            "year": 2013,
            "quarter": 3,
            "eps": 0.65,
            "eps_growth_year": 3.62,
            "eps_4q": 3.31,
            "eps_4q_growth_year": -7.89,
            "roe": 3.16,
            "roe_4q": 14.629999999999999,
            "gross_profit": 473603,
            "gross_margin": 55.74,
            "gross_margin_4q_avg": 56.44,
            "net_income": 95752,
            "revenue": 849737,
            "common_shares": 1473176,
            "book_valuer_per_share": 20.88,
            "book_valuer_per_share_4q_avg": 22.05,
            "equity": 3075541,
            "current_ratio": 274.54,
            "debt_ratio": 22.7,
            "inventory_turnover_ratio": 18.73,
            "account_receivable_turnover_ratio": 41.68,
            "reinvestment_rate": 65.08,
            "research_to_sale_ratio": null,
            "price_fair": 117.16,
            "eps_avg_yearly": 3.35,
            "eps_latest_yearly": 2.6,
            "eps_growth_yearly": 317.34
        },
        "20134": {
            "year_quarter": 20134,
            "year": 2013,
            "quarter": 4,
            "eps": 0.36,
            "eps_growth_year": -63.2,
            "eps_4q": 2.69,
            "eps_4q_growth_year": -32.72,
            "roe": 1.7,
            "roe_4q": 12.129999999999999,
            "gross_profit": 413206,
            "gross_margin": 55.29,
            "gross_margin_4q_avg": 56.23,
            "net_income": 53093,
            "revenue": 747396,
            "common_shares": 1473176,
            "book_valuer_per_share": 21.43,
            "book_valuer_per_share_4q_avg": 21.48,
            "equity": 3157480,
            "current_ratio": 275.1,
            "debt_ratio": 20.9,
            "inventory_turnover_ratio": 15.98,
            "account_receivable_turnover_ratio": 52.09,
            "reinvestment_rate": -23.05,
            "research_to_sale_ratio": null,
            "price_fair": 119.44,
            "eps_avg_yearly": 3.41,
            "eps_latest_yearly": 1.44,
            "eps_growth_yearly": 325.75
        },
        "20141": {
            "year_quarter": 20141,
            "year": 2014,
            "quarter": 1,
            "eps": 1.47,
            "eps_growth_year": 15.75,
            "eps_4q": 2.89,
            "eps_4q_growth_year": -17.6,
            "roe": 6.63,
            "roe_4q": 13.370000000000001,
            "gross_profit": 503406,
            "gross_margin": 58.54,
            "gross_margin_4q_avg": 56.17,
            "net_income": 217252,
            "revenue": 859905,
            "common_shares": 1473176,
            "book_valuer_per_share": 23.03,
            "book_valuer_per_share_4q_avg": 21.4,
            "equity": 3392535,
            "current_ratio": 308.37,
            "debt_ratio": 19.37,
            "inventory_turnover_ratio": 18.39,
            "account_receivable_turnover_ratio": 53.34,
            "reinvestment_rate": -18.1,
            "research_to_sale_ratio": null,
            "price_fair": 124.69,
            "eps_avg_yearly": 3.56,
            "eps_latest_yearly": 5.88,
            "eps_growth_yearly": 210.34
        },
        "20142": {
            "year_quarter": 20142,
            "year": 2014,
            "quarter": 2,
            "eps": 0.53,
            "eps_growth_year": 29.27,
            "eps_4q": 3.02,
            "eps_4q_growth_year": -8.09,
            "roe": 2.51,
            "roe_4q": 14,
            "gross_profit": 435098,
            "gross_margin": 55.83,
            "gross_margin_4q_avg": 56.35,
            "net_income": 78695,
            "revenue": 779265,
            "common_shares": 1473176,
            "book_valuer_per_share": 19.55,
            "book_valuer_per_share_4q_avg": 21.22,
            "equity": 2880788,
            "current_ratio": 151.29,
            "debt_ratio": 32.9,
            "inventory_turnover_ratio": 20.34,
            "account_receivable_turnover_ratio": 57.75,
            "reinvestment_rate": -17.84,
            "research_to_sale_ratio": null,
            "price_fair": 128.28,
            "eps_avg_yearly": 3.67,
            "eps_latest_yearly": 2.12,
            "eps_growth_yearly": 215.9
        },
        "20143": {
            "year_quarter": 20143,
            "year": 2014,
            "quarter": 3,
            "eps": 1.21,
            "eps_growth_year": 86.15,
            "eps_4q": 3.58,
            "eps_4q_growth_year": 8.35,
            "roe": 6.03,
            "roe_4q": 16.869999999999997,
            "gross_profit": 459827,
            "gross_margin": 56.7,
            "gross_margin_4q_avg": 56.59,
            "net_income": 178925,
            "revenue": 811014,
            "common_shares": 1473176,
            "book_valuer_per_share": 20.7,
            "book_valuer_per_share_4q_avg": 21.18,
            "equity": 3049568,
            "current_ratio": 236.61,
            "debt_ratio": 20,
            "inventory_turnover_ratio": 22.12,
            "account_receivable_turnover_ratio": 143.09,
            "reinvestment_rate": -11.13,
            "research_to_sale_ratio": null,
            "price_fair": 133.96,
            "eps_avg_yearly": 3.83,
            "eps_latest_yearly": 4.84,
            "eps_growth_yearly": 156.31
        },
        "20144": {
            "year_quarter": 20144,
            "year": 2014,
            "quarter": 4,
            "eps": 1.18,
            "eps_growth_year": 226.53,
            "eps_4q": 4.4,
            "eps_4q_growth_year": 63.65,
            "roe": 5.47,
            "roe_4q": 20.64,
            "gross_profit": 454718,
            "gross_margin": 58.03,
            "gross_margin_4q_avg": 57.28,
            "net_income": 173363,
            "revenue": 783636,
            "common_shares": 1473176,
            "book_valuer_per_share": 22.35,
            "book_valuer_per_share_4q_avg": 21.41,
            "equity": 3292042,
            "current_ratio": 264.18,
            "debt_ratio": 19.15,
            "inventory_turnover_ratio": 18.03,
            "account_receivable_turnover_ratio": 132.01,
            "reinvestment_rate": -4.24,
            "research_to_sale_ratio": null,
            "price_fair": 139.21,
            "eps_avg_yearly": 3.98,
            "eps_latest_yearly": 4.72,
            "eps_growth_yearly": 154.8
        },
        "20151": {
            "year_quarter": 20151,
            "year": 2015,
            "quarter": 1,
            "eps": 2.45,
            "eps_growth_year": 66.67,
            "eps_4q": 5.37,
            "eps_4q_growth_year": 85.6,
            "roe": 10.25,
            "roe_4q": 24.259999999999998,
            "gross_profit": 540279,
            "gross_margin": 61.39,
            "gross_margin_4q_avg": 57.99,
            "net_income": 360403,
            "revenue": 880080,
            "common_shares": 1473176,
            "book_valuer_per_share": 25.37,
            "book_valuer_per_share_4q_avg": 21.99,
            "equity": 3738125,
            "current_ratio": 322.68,
            "debt_ratio": 16.88,
            "inventory_turnover_ratio": 17.79,
            "account_receivable_turnover_ratio": 78.54,
            "reinvestment_rate": -18.78,
            "research_to_sale_ratio": null,
            "price_fair": 149.63,
            "eps_avg_yearly": 4.28,
            "eps_latest_yearly": 9.8,
            "eps_growth_yearly": 152.4
        },
        "20152": {
            "year_quarter": 20152,
            "year": 2015,
            "quarter": 2,
            "eps": 1.86,
            "eps_growth_year": 250.94,
            "eps_4q": 6.7,
            "eps_4q_growth_year": 121.82,
            "roe": 7.78,
            "roe_4q": 29.53,
            "gross_profit": 416396,
            "gross_margin": 56.72,
            "gross_margin_4q_avg": 58.21,
            "net_income": 273942,
            "revenue": 734152,
            "common_shares": 1473176,
            "book_valuer_per_share": 22.46,
            "book_valuer_per_share_4q_avg": 22.72,
            "equity": 3308275,
            "current_ratio": 171.95,
            "debt_ratio": 28.59,
            "inventory_turnover_ratio": 19.23,
            "account_receivable_turnover_ratio": 58.91,
            "reinvestment_rate": -8.55,
            "research_to_sale_ratio": null,
            "price_fair": 153.13,
            "eps_avg_yearly": 4.38,
            "eps_latest_yearly": 7.44,
            "eps_growth_yearly": 142.41
        },
        "20153": {
            "year_quarter": 20153,
            "year": 2015,
            "quarter": 3,
            "eps": 1.49,
            "eps_growth_year": 23.14,
            "eps_4q": 6.97,
            "eps_4q_growth_year": 94.5,
            "roe": 6.42,
            "roe_4q": 29.919999999999998,
            "gross_profit": 433777,
            "gross_margin": 56.59,
            "gross_margin_4q_avg": 58.18,
            "net_income": 219180,
            "revenue": 766498,
            "common_shares": 1473176,
            "book_valuer_per_share": 23.92,
            "book_valuer_per_share_4q_avg": 23.53,
            "equity": 3523625,
            "current_ratio": 290.34,
            "debt_ratio": 16.56,
            "inventory_turnover_ratio": 21.25,
            "account_receivable_turnover_ratio": 45.01,
            "reinvestment_rate": -4.61,
            "research_to_sale_ratio": null,
            "price_fair": 152.69,
            "eps_avg_yearly": 4.36,
            "eps_latest_yearly": 5.96,
            "eps_growth_yearly": 136.06
        },
        "20154": {
            "year_quarter": 20154,
            "year": 2015,
            "quarter": 4,
            "eps": 1,
            "eps_growth_year": -15.35,
            "eps_4q": 6.79,
            "eps_4q_growth_year": 54.31,
            "roe": 4.08,
            "roe_4q": 28.53,
            "gross_profit": 391302,
            "gross_margin": 55.88,
            "gross_margin_4q_avg": 57.65,
            "net_income": 146760,
            "revenue": 700194,
            "common_shares": 1473176,
            "book_valuer_per_share": 24.88,
            "book_valuer_per_share_4q_avg": 24.16,
            "equity": 3664952,
            "current_ratio": 259.46,
            "debt_ratio": 18.22,
            "inventory_turnover_ratio": 18.19,
            "account_receivable_turnover_ratio": 36.06,
            "reinvestment_rate": -5.91,
            "research_to_sale_ratio": null,
            "price_fair": 156.45,
            "eps_avg_yearly": 4.47,
            "eps_latest_yearly": 4,
            "eps_growth_yearly": 143.59
        },
        "20161": {
            "year_quarter": 20161,
            "year": 2016,
            "quarter": 1,
            "eps": 1.48,
            "eps_growth_year": -39.59,
            "eps_4q": 5.82,
            "eps_4q_growth_year": 8.31,
            "roe": 5.75,
            "roe_4q": 24.03,
            "gross_profit": 468937,
            "gross_margin": 61.16,
            "gross_margin_4q_avg": 57.59,
            "net_income": 217303,
            "revenue": 766764,
            "common_shares": 1473176,
            "book_valuer_per_share": 26.39,
            "book_valuer_per_share_4q_avg": 24.41,
            "equity": 3887415,
            "current_ratio": 327.18,
            "debt_ratio": 14.84,
            "inventory_turnover_ratio": 16.65,
            "account_receivable_turnover_ratio": 49.84,
            "reinvestment_rate": -5.56,
            "research_to_sale_ratio": null,
            "price_fair": 154.09,
            "eps_avg_yearly": 4.4,
            "eps_latest_yearly": 5.92,
            "eps_growth_yearly": 103.83
        },
        "20162": {
            "year_quarter": 20162,
            "year": 2016,
            "quarter": 2,
            "eps": 1.32,
            "eps_growth_year": -29.03,
            "eps_4q": 5.27,
            "eps_4q_growth_year": -21.24,
            "roe": 5.26,
            "roe_4q": 21.509999999999998,
            "gross_profit": 409892,
            "gross_margin": 57.08,
            "gross_margin_4q_avg": 57.68,
            "net_income": 194239,
            "revenue": 718055,
            "common_shares": 1473176,
            "book_valuer_per_share": 23.65,
            "book_valuer_per_share_4q_avg": 24.71,
            "equity": 3501020,
            "current_ratio": 168.71,
            "debt_ratio": 27.23,
            "inventory_turnover_ratio": 18.64,
            "account_receivable_turnover_ratio": 50.5,
            "reinvestment_rate": -3.48,
            "research_to_sale_ratio": null,
            "price_fair": 160.04,
            "eps_avg_yearly": 4.57,
            "eps_latest_yearly": 5.28,
            "eps_growth_yearly": 116.99
        },
        "20163": {
            "year_quarter": 20163,
            "year": 2016,
            "quarter": 3,
            "eps": 1.09,
            "eps_growth_year": -26.85,
            "eps_4q": 4.88,
            "eps_4q_growth_year": -29.98,
            "roe": 4.5,
            "roe_4q": 19.59,
            "gross_profit": 419405,
            "gross_margin": 56.48,
            "gross_margin_4q_avg": 57.65,
            "net_income": 161182,
            "revenue": 742516,
            "common_shares": 1473176,
            "book_valuer_per_share": 24.72,
            "book_valuer_per_share_4q_avg": 24.91,
            "equity": 3658568,
            "current_ratio": 261.46,
            "debt_ratio": 15.92,
            "inventory_turnover_ratio": 19.17,
            "account_receivable_turnover_ratio": 52.74,
            "reinvestment_rate": 0.63,
            "research_to_sale_ratio": null,
            "price_fair": 164.06,
            "eps_avg_yearly": 4.69,
            "eps_latest_yearly": 4.36,
            "eps_growth_yearly": 113.02
        },
        "20164": {
            "year_quarter": 20164,
            "year": 2016,
            "quarter": 4,
            "eps": 0.83,
            "eps_growth_year": -16.29,
            "eps_4q": 4.72,
            "eps_4q_growth_year": -30.51,
            "roe": 3.29,
            "roe_4q": 18.8,
            "gross_profit": 387807,
            "gross_margin": 54.84,
            "gross_margin_4q_avg": 57.39,
            "net_income": 122188,
            "revenue": 707147,
            "common_shares": 1473176,
            "book_valuer_per_share": 25.48,
            "book_valuer_per_share_4q_avg": 25.06,
            "equity": 3770863,
            "current_ratio": 242.51,
            "debt_ratio": 17.18,
            "inventory_turnover_ratio": 15.55,
            "account_receivable_turnover_ratio": 49.59,
            "reinvestment_rate": 5.52,
            "research_to_sale_ratio": null,
            "price_fair": 162.75,
            "eps_avg_yearly": 4.65,
            "eps_latest_yearly": 3.32,
            "eps_growth_yearly": 93.17
        },
        "20171": {
            "year_quarter": 20171,
            "year": 2017,
            "quarter": 1,
            "eps": 1.21,
            "eps_growth_year": -18.24,
            "eps_4q": 4.45,
            "eps_4q_growth_year": -23.45,
            "roe": 4.56,
            "roe_4q": 17.61,
            "gross_profit": 460749,
            "gross_margin": 59.71,
            "gross_margin_4q_avg": 57.03,
            "net_income": 176027,
            "revenue": 771594,
            "common_shares": 1473176,
            "book_valuer_per_share": 26.71,
            "book_valuer_per_share_4q_avg": 25.14,
            "equity": 3948924,
            "current_ratio": 283.92,
            "debt_ratio": 15.13,
            "inventory_turnover_ratio": 14.06,
            "account_receivable_turnover_ratio": 47.96,
            "reinvestment_rate": 16.33,
            "research_to_sale_ratio": null,
            "price_fair": 162.23,
            "eps_avg_yearly": 4.64,
            "eps_latest_yearly": 4.84,
            "eps_growth_yearly": 97.22
        },
        "20172": {
            "year_quarter": 20172,
            "year": 2017,
            "quarter": 2,
            "eps": 1.03,
            "eps_growth_year": -21.97,
            "eps_4q": 4.17,
            "eps_4q_growth_year": -20.87,
            "roe": 4.08,
            "roe_4q": 16.43,
            "gross_profit": 388862,
            "gross_margin": 55.92,
            "gross_margin_4q_avg": 56.74,
            "net_income": 152085,
            "revenue": 695413,
            "common_shares": 1473176,
            "book_valuer_per_share": 23.73,
            "book_valuer_per_share_4q_avg": 25.16,
            "equity": 3510022,
            "current_ratio": 163.02,
            "debt_ratio": 26.53,
            "inventory_turnover_ratio": 15.98,
            "account_receivable_turnover_ratio": 43.81,
            "reinvestment_rate": 12.94,
            "research_to_sale_ratio": null,
            "price_fair": 167.65,
            "eps_avg_yearly": 4.79,
            "eps_latest_yearly": 4.12,
            "eps_growth_yearly": 110.43
        },
        "20173": {
            "year_quarter": 20173,
            "year": 2017,
            "quarter": 3,
            "eps": 1.28,
            "eps_growth_year": 17.43,
            "eps_4q": 4.36,
            "eps_4q_growth_year": -10.71,
            "roe": 5.22,
            "roe_4q": 17.15,
            "gross_profit": 405934,
            "gross_margin": 56.09,
            "gross_margin_4q_avg": 56.64,
            "net_income": 188172,
            "revenue": 723675,
            "common_shares": 1473176,
            "book_valuer_per_share": 24.98,
            "book_valuer_per_share_4q_avg": 25.23,
            "equity": 3693774,
            "current_ratio": 267.92,
            "debt_ratio": 14.87,
            "inventory_turnover_ratio": 17.47,
            "account_receivable_turnover_ratio": 50.67,
            "reinvestment_rate": 16.86,
            "research_to_sale_ratio": null,
            "price_fair": 173.16,
            "eps_avg_yearly": 4.95,
            "eps_latest_yearly": 5.12,
            "eps_growth_yearly": 101.86
        },
        "20174": {
            "year_quarter": 20174,
            "year": 2017,
            "quarter": 4,
            "eps": 1.22,
            "eps_growth_year": 46.72,
            "eps_4q": 4.75,
            "eps_4q_growth_year": 0.62,
            "roe": 4.79,
            "roe_4q": 18.65,
            "gross_profit": 403231,
            "gross_margin": 56,
            "gross_margin_4q_avg": 56.93,
            "net_income": 180698,
            "revenue": 720095,
            "common_shares": 1473176,
            "book_valuer_per_share": 26.07,
            "book_valuer_per_share_4q_avg": 25.37,
            "equity": 3855085,
            "current_ratio": 253.6,
            "debt_ratio": 16.1,
            "inventory_turnover_ratio": 16.42,
            "account_receivable_turnover_ratio": 31.08,
            "reinvestment_rate": 20.82,
            "research_to_sale_ratio": null,
            "price_fair": 180.69,
            "eps_avg_yearly": 5.16,
            "eps_latest_yearly": 4.88,
            "eps_growth_yearly": 111.85
        },
        "20181": {
            "year_quarter": 20181,
            "year": 2018,
            "quarter": 1,
            "eps": 1.76,
            "eps_growth_year": 45.45,
            "eps_4q": 5.3,
            "eps_4q_growth_year": 18.91,
            "roe": 6.5,
            "roe_4q": 20.589999999999996,
            "gross_profit": 481047,
            "gross_margin": 60.63,
            "gross_margin_4q_avg": 57.16,
            "net_income": 258858,
            "revenue": 793358,
            "common_shares": 1473176,
            "book_valuer_per_share": 27.82,
            "book_valuer_per_share_4q_avg": 25.65,
            "equity": 4112071,
            "current_ratio": 291.44,
            "debt_ratio": 14.73,
            "inventory_turnover_ratio": 15.66,
            "account_receivable_turnover_ratio": 31.06,
            "reinvestment_rate": 21.04,
            "research_to_sale_ratio": null,
            "price_fair": 183.23,
            "eps_avg_yearly": 5.24,
            "eps_latest_yearly": 7.04,
            "eps_growth_yearly": 45.83
        },
        "20182": {
            "year_quarter": 20182,
            "year": 2018,
            "quarter": 2,
            "eps": 1.55,
            "eps_growth_year": 50.49,
            "eps_4q": 5.81,
            "eps_4q_growth_year": 39.31,
            "roe": 5.79,
            "roe_4q": 22.299999999999997,
            "gross_profit": 420117,
            "gross_margin": 56.81,
            "gross_margin_4q_avg": 57.38,
            "net_income": 227383,
            "revenue": 739545,
            "common_shares": 1473176,
            "book_valuer_per_share": 25.35,
            "book_valuer_per_share_4q_avg": 26.06,
            "equity": 3747133,
            "current_ratio": 166.5,
            "debt_ratio": 25.93,
            "inventory_turnover_ratio": 16.51,
            "account_receivable_turnover_ratio": 32.02,
            "reinvestment_rate": 17.35,
            "research_to_sale_ratio": null,
            "price_fair": 192.15,
            "eps_avg_yearly": 5.49,
            "eps_latest_yearly": 6.2,
            "eps_growth_yearly": 58.83
        },
        "20183": {
            "year_quarter": 20183,
            "year": 2018,
            "quarter": 3,
            "eps": 1.33,
            "eps_growth_year": 3.91,
            "eps_4q": 5.87,
            "eps_4q_growth_year": 34.58,
            "roe": 5.09,
            "roe_4q": 22.169999999999998,
            "gross_profit": 411163,
            "gross_margin": 54.93,
            "gross_margin_4q_avg": 57.09,
            "net_income": 195576,
            "revenue": 748477,
            "common_shares": 1473176,
            "book_valuer_per_share": 26.68,
            "book_valuer_per_share_4q_avg": 26.48,
            "equity": 3943018,
            "current_ratio": 263.82,
            "debt_ratio": 15.31,
            "inventory_turnover_ratio": 20.17,
            "account_receivable_turnover_ratio": 28.92,
            "reinvestment_rate": 12.78,
            "research_to_sale_ratio": null,
            "price_fair": 183.3,
            "eps_avg_yearly": 5.52,
            "eps_latest_yearly": 5.32,
            "eps_growth_yearly": 23.21
        },
        "20184": {
            "year_quarter": 20184,
            "year": 2018,
            "quarter": 4,
            "eps": 1.42,
            "eps_growth_year": 16,
            "eps_4q": 6.06,
            "eps_4q_growth_year": 27.66,
            "roe": 5.2,
            "roe_4q": 22.58,
            "gross_profit": 402883,
            "gross_margin": 55.58,
            "gross_margin_4q_avg": 56.99,
            "net_income": 209841,
            "revenue": 724868,
            "common_shares": 1473176,
            "book_valuer_per_share": 27.97,
            "book_valuer_per_share_4q_avg": 26.96,
            "equity": 4133965,
            "current_ratio": 267.41,
            "debt_ratio": 15.93,
            "inventory_turnover_ratio": 17.12,
            "account_receivable_turnover_ratio": 21.64,
            "reinvestment_rate": 13.74,
            "research_to_sale_ratio": null,
            "price_fair": 195.3,
            "eps_avg_yearly": 5.58,
            "eps_latest_yearly": 5.68,
            "eps_growth_yearly": 25.52
        },
        "20191": {
            "year_quarter": 20191,
            "year": 2019,
            "quarter": 1,
            "eps": 2.05,
            "eps_growth_year": 16.48,
            "eps_4q": 6.35,
            "eps_4q_growth_year": 19.86,
            "roe": 7,
            "roe_4q": 23.08,
            "gross_profit": 494845,
            "gross_margin": 60.24,
            "gross_margin_4q_avg": 56.89,
            "net_income": 300988,
            "revenue": 821430,
            "common_shares": 1473176,
            "book_valuer_per_share": 30.25,
            "book_valuer_per_share_4q_avg": 27.56,
            "equity": 4468921,
            "current_ratio": 232.21,
            "debt_ratio": 28.36,
            "inventory_turnover_ratio": 16.06,
            "account_receivable_turnover_ratio": 24.16,
            "reinvestment_rate": 12.55,
            "research_to_sale_ratio": null,
            "price_fair": 107.97,
            "eps_avg_yearly": 5.48,
            "eps_latest_yearly": 8.2,
            "eps_growth_yearly": 9.7
        },
        "20192": {
            "year_quarter": 20192,
            "year": 2019,
            "quarter": 2,
            "eps": 1.22,
            "eps_growth_year": -21.29,
            "eps_4q": 6.01,
            "eps_4q_growth_year": 3.42,
            "roe": 4.3,
            "roe_4q": 21.59,
            "gross_profit": 389605,
            "gross_margin": 54.68,
            "gross_margin_4q_avg": 56.36,
            "net_income": 179265,
            "revenue": 712549,
            "common_shares": 1473176,
            "book_valuer_per_share": 26.23,
            "book_valuer_per_share_4q_avg": 27.78,
            "equity": 3876268,
            "current_ratio": 138.43,
            "debt_ratio": 39.29,
            "inventory_turnover_ratio": 19.09,
            "account_receivable_turnover_ratio": 24.3,
            "reinvestment_rate": 10.8,
            "research_to_sale_ratio": null,
            "price_fair": 83,
            "eps_avg_yearly": 5.32,
            "eps_latest_yearly": 4.88,
            "eps_growth_yearly": 5.6
        },
        "20193": {
            "year_quarter": 20193,
            "year": 2019,
            "quarter": 3,
            "eps": 1.18,
            "eps_growth_year": -11.28,
            "eps_4q": 5.86,
            "eps_4q_growth_year": -0.03,
            "roe": 4.39,
            "roe_4q": 20.89,
            "gross_profit": 413219,
            "gross_margin": 54.92,
            "gross_margin_4q_avg": 56.36,
            "net_income": 173894,
            "revenue": 752355,
            "common_shares": 1473176,
            "book_valuer_per_share": 27.37,
            "book_valuer_per_share_4q_avg": 27.96,
            "equity": 4044807,
            "current_ratio": 193.55,
            "debt_ratio": 31.36,
            "inventory_turnover_ratio": 22.46,
            "account_receivable_turnover_ratio": 23.25,
            "reinvestment_rate": 10.82,
            "research_to_sale_ratio": null,
            "price_fair": 103.57,
            "eps_avg_yearly": 5.24,
            "eps_latest_yearly": 4.72,
            "eps_growth_yearly": 9.76
        },
        "20194": {
            "year_quarter": 20194,
            "year": 2019,
            "quarter": 4,
            "eps": 1.03,
            "eps_growth_year": -27.35,
            "eps_4q": 5.48,
            "eps_4q_growth_year": -9.67,
            "roe": 3.71,
            "roe_4q": 19.4,
            "gross_profit": 366082,
            "gross_margin": 52,
            "gross_margin_4q_avg": 55.46,
            "net_income": 152511,
            "revenue": 703977,
            "common_shares": 1473176,
            "book_valuer_per_share": 28.29,
            "book_valuer_per_share_4q_avg": 28.04,
            "equity": 4180773,
            "current_ratio": 201.2,
            "debt_ratio": 31.59,
            "inventory_turnover_ratio": 19.65,
            "account_receivable_turnover_ratio": 24.76,
            "reinvestment_rate": 9.41,
            "research_to_sale_ratio": null,
            "price_fair": 130.19,
            "eps_avg_yearly": 5.25,
            "eps_latest_yearly": 4.12,
            "eps_growth_yearly": 14.8
        },
        "20201": {
            "year_quarter": 20201,
            "year": 2020,
            "quarter": 1,
            "eps": 1.53,
            "eps_growth_year": -25.37,
            "eps_4q": 4.96,
            "eps_4q_growth_year": -21.89,
            "roe": 5.28,
            "roe_4q": 17.68,
            "gross_profit": 423985,
            "gross_margin": 56.84,
            "gross_margin_4q_avg": 54.61,
            "net_income": 226044,
            "revenue": 745921,
            "common_shares": 1473176,
            "book_valuer_per_share": 29.7,
            "book_valuer_per_share_4q_avg": 27.9,
            "equity": 4388025,
            "current_ratio": 237.34,
            "debt_ratio": 29.01,
            "inventory_turnover_ratio": 16.76,
            "account_receivable_turnover_ratio": 35.64,
            "reinvestment_rate": 8.8,
            "research_to_sale_ratio": null,
            "price_fair": 131.22,
            "eps_avg_yearly": 5.26,
            "eps_latest_yearly": 6.12,
            "eps_growth_yearly": 14.93
        },
        "20202": {
            "year_quarter": 20202,
            "year": 2020,
            "quarter": 2,
            "eps": 0.52,
            "eps_growth_year": -57.38,
            "eps_4q": 4.26,
            "eps_4q_growth_year": -29.13,
            "roe": 1.86,
            "roe_4q": 15.240000000000002,
            "gross_profit": 305757,
            "gross_margin": 50.32,
            "gross_margin_4q_avg": 53.52,
            "net_income": 75590,
            "revenue": 607645,
            "common_shares": 1473176,
            "book_valuer_per_share": 25.32,
            "book_valuer_per_share_4q_avg": 27.67,
            "equity": 3740937,
            "current_ratio": 139.88,
            "debt_ratio": 40.91,
            "inventory_turnover_ratio": 17.16,
            "account_receivable_turnover_ratio": 41.89,
            "reinvestment_rate": 1.97,
            "research_to_sale_ratio": null,
            "price_fair": 56.37,
            "eps_avg_yearly": 5.06,
            "eps_latest_yearly": 2.08,
            "eps_growth_yearly": 1.13
        },
        "20203": {
            "year_quarter": 20203,
            "year": 2020,
            "quarter": 3,
            "eps": 1.15,
            "eps_growth_year": -2.54,
            "eps_4q": 4.23,
            "eps_4q_growth_year": -27.89,
            "roe": 4.42,
            "roe_4q": 15.27,
            "gross_profit": 370652,
            "gross_margin": 53.27,
            "gross_margin_4q_avg": 53.11,
            "net_income": 169050,
            "revenue": 695747,
            "common_shares": 1473176,
            "book_valuer_per_share": 26.46,
            "book_valuer_per_share_4q_avg": 27.44,
            "equity": 3909755,
            "current_ratio": 184.63,
            "debt_ratio": 32.98,
            "inventory_turnover_ratio": 18.15,
            "account_receivable_turnover_ratio": 51.05,
            "reinvestment_rate": 0.72,
            "research_to_sale_ratio": null,
            "price_fair": 177.71,
            "eps_avg_yearly": 5.08,
            "eps_latest_yearly": 4.6,
            "eps_growth_yearly": 35.78
        },
        "20204": {
            "year_quarter": 20204,
            "year": 2020,
            "quarter": 4,
            "eps": 1.21,
            "eps_growth_year": 17.68,
            "eps_4q": 4.41,
            "eps_4q_growth_year": -19.45,
            "roe": 4.52,
            "roe_4q": 16.08,
            "gross_profit": 364514,
            "gross_margin": 52.12,
            "gross_margin_4q_avg": 53.14,
            "net_income": 180610,
            "revenue": 699312,
            "common_shares": 1473176,
            "book_valuer_per_share": 27.64,
            "book_valuer_per_share_4q_avg": 27.28,
            "equity": 4085045,
            "current_ratio": 194.02,
            "debt_ratio": 32.81,
            "inventory_turnover_ratio": 15.4,
            "account_receivable_turnover_ratio": 43.56,
            "reinvestment_rate": -2.09,
            "research_to_sale_ratio": null,
            "price_fair": 181.04,
            "eps_avg_yearly": 5.17,
            "eps_latest_yearly": 4.84,
            "eps_growth_yearly": 43.05
        },
        "20211": {
            "year_quarter": 20211,
            "year": 2021,
            "quarter": 1,
            "eps": 1.31,
            "eps_growth_year": -14.38,
            "eps_4q": 4.19,
            "eps_4q_growth_year": -15.48,
            "roe": 4.59,
            "roe_4q": 15.389999999999999,
            "gross_profit": 399272,
            "gross_margin": 55.2,
            "gross_margin_4q_avg": 52.73,
            "net_income": 191808,
            "revenue": 723326,
            "common_shares": 1473176,
            "book_valuer_per_share": 28.94,
            "book_valuer_per_share_4q_avg": 27.09,
            "equity": 4275354,
            "current_ratio": 212.6,
            "debt_ratio": 31.53,
            "inventory_turnover_ratio": 14.36,
            "account_receivable_turnover_ratio": 46.72,
            "reinvestment_rate": -2.9,
            "research_to_sale_ratio": null,
            "price_fair": 181.91,
            "eps_avg_yearly": 5.2,
            "eps_latest_yearly": 5.24,
            "eps_growth_yearly": 33.67
        },
        "20212": {
            "year_quarter": 20212,
            "year": 2021,
            "quarter": 2,
            "eps": -0.61,
            "eps_growth_year": -217.31,
            "eps_4q": 3.06,
            "eps_4q_growth_year": -28.17,
            "roe": -2.11,
            "roe_4q": 11.42,
            "gross_profit": 113657,
            "gross_margin": 34.47,
            "gross_margin_4q_avg": 48.77,
            "net_income": -89063,
            "revenue": 329774,
            "common_shares": 1473176,
            "book_valuer_per_share": 28.25,
            "book_valuer_per_share_4q_avg": 27.82,
            "equity": 4174711,
            "current_ratio": 274.58,
            "debt_ratio": 29.22,
            "inventory_turnover_ratio": 11.42,
            "account_receivable_turnover_ratio": 21.39,
            "reinvestment_rate": -6.68,
            "research_to_sale_ratio": null,
            "price_fair": 184.43,
            "eps_avg_yearly": 5.27,
            "eps_latest_yearly": 5.24,
            "eps_growth_yearly": 39.88
        },
        "20213": {
            "year_quarter": 20213,
            "year": 2021,
            "quarter": 3,
            "eps": -1.67,
            "eps_growth_year": -245.22,
            "eps_4q": 0.25,
            "eps_4q_growth_year": -94.16,
            "roe": -6.54,
            "roe_4q": 0.4599999999999991,
            "gross_profit": -78751,
            "gross_margin": -566.51,
            "gross_margin_4q_avg": -106.18,
            "net_income": -245714,
            "revenue": 13901,
            "common_shares": 1473176,
            "book_valuer_per_share": 22.54,
            "book_valuer_per_share_4q_avg": 26.84,
            "equity": 3333705,
            "current_ratio": 127.75,
            "debt_ratio": 40.12,
            "inventory_turnover_ratio": 5.49,
            "account_receivable_turnover_ratio": 0.8,
            "reinvestment_rate": -13.74,
            "research_to_sale_ratio": null,
            "price_fair": 184.8,
            "eps_avg_yearly": 5.28,
            "eps_latest_yearly": 5.24,
            "eps_growth_yearly": 35.79
        },
        "20214": {
            "year_quarter": 20214,
            "year": 2021,
            "quarter": 4,
            "eps": 1.39,
            "eps_growth_year": 14.77,
            "eps_4q": 0.43,
            "eps_4q_growth_year": -90.34,
            "roe": 5.97,
            "roe_4q": 1.9099999999999997,
            "gross_profit": 342132,
            "gross_margin": 55.64,
            "gross_margin_4q_avg": -105.3,
            "net_income": 205194,
            "revenue": 614904,
            "common_shares": 1473176,
            "book_valuer_per_share": 23.91,
            "book_valuer_per_share_4q_avg": 25.91,
            "equity": 3535202,
            "current_ratio": 153.05,
            "debt_ratio": 34.59,
            "inventory_turnover_ratio": 14.04,
            "account_receivable_turnover_ratio": 25.84,
            "reinvestment_rate": -8.87,
            "research_to_sale_ratio": null,
            "price_fair": 185.88,
            "eps_avg_yearly": 5.31,
            "eps_latest_yearly": 5.24,
            "eps_growth_yearly": 39.99
        },
        "20221": {
            "year_quarter": 20221,
            "year": 2022,
            "quarter": 1,
            "eps": 1.07,
            "eps_growth_year": -18.32,
            "eps_4q": 0.19,
            "eps_4q_growth_year": -95.44,
            "roe": 4.38,
            "roe_4q": 1.6999999999999997,
            "gross_profit": 347317,
            "gross_margin": 52.56,
            "gross_margin_4q_avg": -105.96,
            "net_income": 158249,
            "revenue": 660827,
            "common_shares": 1473176,
            "book_valuer_per_share": 24.97,
            "book_valuer_per_share_4q_avg": 24.92,
            "equity": 3691411,
            "current_ratio": 174.71,
            "debt_ratio": 32.55,
            "inventory_turnover_ratio": 15.08,
            "account_receivable_turnover_ratio": 31.52,
            "reinvestment_rate": -11.32,
            "research_to_sale_ratio": null,
            "price_fair": 149.31,
            "eps_avg_yearly": 5.1,
            "eps_latest_yearly": 4.28,
            "eps_growth_yearly": 19.28
        },
        "20222": {
            "year_quarter": 20222,
            "year": 2022,
            "quarter": 2,
            "eps": -0.12,
            "eps_growth_year": null,
            "eps_4q": 0.68,
            "eps_4q_growth_year": -77.68,
            "roe": -0.47,
            "roe_4q": 3.339999999999999,
            "gross_profit": 157493,
            "gross_margin": 39.94,
            "gross_margin_4q_avg": -104.59,
            "net_income": -17116,
            "revenue": 394367,
            "common_shares": 1473176,
            "book_valuer_per_share": 24.21,
            "book_valuer_per_share_4q_avg": 23.91,
            "equity": 3580379,
            "current_ratio": 183.63,
            "debt_ratio": 33.59,
            "inventory_turnover_ratio": 13.76,
            "account_receivable_turnover_ratio": 30.05,
            "reinvestment_rate": -12.21,
            "research_to_sale_ratio": null,
            "price_fair": 174.58,
            "eps_avg_yearly": 5.01,
            "eps_latest_yearly": 4.28,
            "eps_growth_yearly": 24.87
        },
        "20223": {
            "year_quarter": 20223,
            "year": 2022,
            "quarter": 3,
            "eps": 1.26,
            "eps_growth_year": null,
            "eps_4q": 4.08,
            "eps_4q_growth_year": 1554.25,
            "roe": 4.72,
            "roe_4q": 14.599999999999998,
            "gross_profit": 332114,
            "gross_margin": 53.22,
            "gross_margin_4q_avg": 50.34,
            "net_income": 168011,
            "revenue": 624070,
            "common_shares": 1252200,
            "book_valuer_per_share": 28.08,
            "book_valuer_per_share_4q_avg": 25.29,
            "equity": 3533130,
            "current_ratio": 166.38,
            "debt_ratio": 33.68,
            "inventory_turnover_ratio": 18.44,
            "account_receivable_turnover_ratio": 31.38,
            "reinvestment_rate": -5.8,
            "research_to_sale_ratio": null,
            "price_fair": 174.24,
            "eps_avg_yearly": 4.98,
            "eps_latest_yearly": 4.28,
            "eps_growth_yearly": 32.29
        },
        "20224": {
            "year_quarter": 20224,
            "year": 2022,
            "quarter": 4,
            "eps": 1.31,
            "eps_growth_year": -5.79,
            "eps_4q": 3.76,
            "eps_4q_growth_year": 781.72,
            "roe": 4.48,
            "roe_4q": 13.11,
            "gross_profit": 370864,
            "gross_margin": 53.14,
            "gross_margin_4q_avg": 49.72,
            "net_income": 162276,
            "revenue": 697900,
            "common_shares": 1252200,
            "book_valuer_per_share": 29.53,
            "book_valuer_per_share_4q_avg": 26.7,
            "equity": 3711664,
            "current_ratio": 174.42,
            "debt_ratio": 33.58,
            "inventory_turnover_ratio": 16.47,
            "account_receivable_turnover_ratio": 22.91,
            "reinvestment_rate": -7.25,
            "research_to_sale_ratio": null,
            "price_fair": 172.84,
            "eps_avg_yearly": 4.94,
            "eps_latest_yearly": 5.24,
            "eps_growth_yearly": 31.27
        },
        "20231": {
            "year_quarter": 20231,
            "year": 2023,
            "quarter": 1,
            "eps": 2.87,
            "eps_growth_year": 168.22,
            "eps_4q": 4.44,
            "eps_4q_growth_year": 2220.41,
            "roe": 6.72,
            "roe_4q": 15.449999999999998,
            "gross_profit": 432868,
            "gross_margin": 57.6,
            "gross_margin_4q_avg": 50.98,
            "net_income": 243893,
            "revenue": 751498,
            "common_shares": 1252200,
            "book_valuer_per_share": 28.16,
            "book_valuer_per_share_4q_avg": 27.5,
            "equity": 3541779,
            "current_ratio": 130.01,
            "debt_ratio": 38.68,
            "inventory_turnover_ratio": 14.02,
            "account_receivable_turnover_ratio": 29.43,
            "reinvestment_rate": -8.96,
            "research_to_sale_ratio": null,
            "price_fair": 183.27,
            "eps_avg_yearly": 5.24,
            "eps_latest_yearly": 11.48,
            "eps_growth_yearly": 58.44
        }
    },
    "months": {
        "2002-08": {
            "month": "2002-08",
            "price": "26.54",
            "revenue": 328574
        },
        "2002-09": {
            "month": "2002-09",
            "price": "23.54",
            "revenue": 284048
        },
        "2002-10": {
            "month": "2002-10",
            "price": "20.72",
            "revenue": 261240
        },
        "2002-11": {
            "month": "2002-11",
            "price": "21.93",
            "revenue": 220875
        },
        "2002-12": {
            "month": "2002-12",
            "price": "22.40",
            "revenue": 251728
        },
        "2003-01": {
            "month": "2003-01",
            "price": "24.77",
            "revenue": 269676
        },
        "2003-02": {
            "month": "2003-02",
            "price": "24.52",
            "revenue": 298349
        },
        "2003-03": {
            "month": "2003-03",
            "price": "21.28",
            "revenue": 214984
        },
        "2003-04": {
            "month": "2003-04",
            "price": "20.60",
            "revenue": 224579
        },
        "2003-05": {
            "month": "2003-05",
            "price": "18.34",
            "revenue": 191534
        },
        "2003-06": {
            "month": "2003-06",
            "price": "21.52",
            "revenue": 279152
        },
        "2003-07": {
            "month": "2003-07",
            "price": "23.59",
            "revenue": 314543
        },
        "2003-08": {
            "month": "2003-08",
            "price": "23.75",
            "revenue": 356349
        },
        "2003-09": {
            "month": "2003-09",
            "price": "22.85",
            "revenue": 303938
        },
        "2003-10": {
            "month": "2003-10",
            "price": "25.20",
            "revenue": 291799
        },
        "2003-11": {
            "month": "2003-11",
            "price": "24.17",
            "revenue": 279556
        },
        "2003-12": {
            "month": "2003-12",
            "price": "24.69",
            "revenue": 288080
        },
        "2004-01": {
            "month": "2004-01",
            "price": "25.88",
            "revenue": 450626
        },
        "2004-02": {
            "month": "2004-02",
            "price": "27.76",
            "revenue": 298066
        },
        "2004-03": {
            "month": "2004-03",
            "price": "27.03",
            "revenue": 253586
        },
        "2004-04": {
            "month": "2004-04",
            "price": "25.59",
            "revenue": 250360
        },
        "2004-05": {
            "month": "2004-05",
            "price": "19.84",
            "revenue": 315588
        },
        "2004-06": {
            "month": "2004-06",
            "price": "18.33",
            "revenue": 328778
        },
        "2004-07": {
            "month": "2004-07",
            "price": "18.19",
            "revenue": 342517
        },
        "2004-08": {
            "month": "2004-08",
            "price": "16.40",
            "revenue": 339656
        },
        "2004-09": {
            "month": "2004-09",
            "price": "17.65",
            "revenue": 283512
        },
        "2004-10": {
            "month": "2004-10",
            "price": "18.02",
            "revenue": 282993
        },
        "2004-11": {
            "month": "2004-11",
            "price": "17.15",
            "revenue": 262270
        },
        "2004-12": {
            "month": "2004-12",
            "price": "20.19",
            "revenue": 299901
        },
        "2005-01": {
            "month": "2005-01",
            "price": "21.74",
            "revenue": 344617
        },
        "2005-02": {
            "month": "2005-02",
            "price": "21.38",
            "revenue": 387570
        },
        "2005-03": {
            "month": "2005-03",
            "price": "20.42",
            "revenue": 253092
        },
        "2005-04": {
            "month": "2005-04",
            "price": "19.90",
            "revenue": 254950
        },
        "2005-05": {
            "month": "2005-05",
            "price": "22.76",
            "revenue": 296272
        },
        "2005-06": {
            "month": "2005-06",
            "price": "25.16",
            "revenue": 304697
        },
        "2005-07": {
            "month": "2005-07",
            "price": "24.59",
            "revenue": 328994
        },
        "2005-08": {
            "month": "2005-08",
            "price": "23.11",
            "revenue": 330036
        },
        "2005-09": {
            "month": "2005-09",
            "price": "22.65",
            "revenue": 271345
        },
        "2005-10": {
            "month": "2005-10",
            "price": "21.09",
            "revenue": 289263
        },
        "2005-11": {
            "month": "2005-11",
            "price": "19.58",
            "revenue": 245943
        },
        "2005-12": {
            "month": "2005-12",
            "price": "21.10",
            "revenue": 260266
        },
        "2006-01": {
            "month": "2006-01",
            "price": "21.30",
            "revenue": 352366
        },
        "2006-02": {
            "month": "2006-02",
            "price": "20.08",
            "revenue": 293902
        },
        "2006-03": {
            "month": "2006-03",
            "price": "20.69",
            "revenue": 205208
        },
        "2006-04": {
            "month": "2006-04",
            "price": "21.43",
            "revenue": 218128
        },
        "2006-05": {
            "month": "2006-05",
            "price": "22.70",
            "revenue": 230684
        },
        "2006-06": {
            "month": "2006-06",
            "price": "21.60",
            "revenue": 255996
        },
        "2006-07": {
            "month": "2006-07",
            "price": "21.00",
            "revenue": 277982
        },
        "2006-08": {
            "month": "2006-08",
            "price": "21.12",
            "revenue": 285311
        },
        "2006-09": {
            "month": "2006-09",
            "price": "19.16",
            "revenue": 239634
        },
        "2006-10": {
            "month": "2006-10",
            "price": "18.93",
            "revenue": 251260
        },
        "2006-11": {
            "month": "2006-11",
            "price": "18.91",
            "revenue": 221029
        },
        "2006-12": {
            "month": "2006-12",
            "price": "20.25",
            "revenue": 251546
        },
        "2007-01": {
            "month": "2007-01",
            "price": "21.15",
            "revenue": 247016
        },
        "2007-02": {
            "month": "2007-02",
            "price": "20.86",
            "revenue": 328073
        },
        "2007-03": {
            "month": "2007-03",
            "price": "19.25",
            "revenue": 220539
        },
        "2007-04": {
            "month": "2007-04",
            "price": "19.60",
            "revenue": 199041
        },
        "2007-05": {
            "month": "2007-05",
            "price": "18.86",
            "revenue": 222113
        },
        "2007-06": {
            "month": "2007-06",
            "price": "19.17",
            "revenue": 303230
        },
        "2007-07": {
            "month": "2007-07",
            "price": "21.97",
            "revenue": 311204
        },
        "2007-08": {
            "month": "2007-08",
            "price": "21.56",
            "revenue": 299247
        },
        "2007-09": {
            "month": "2007-09",
            "price": "20.47",
            "revenue": 277992
        },
        "2007-10": {
            "month": "2007-10",
            "price": "20.31",
            "revenue": 251353
        },
        "2007-11": {
            "month": "2007-11",
            "price": "22.00",
            "revenue": 230989
        },
        "2007-12": {
            "month": "2007-12",
            "price": "20.60",
            "revenue": 277327
        },
        "2008-01": {
            "month": "2008-01",
            "price": "19.91",
            "revenue": 289903
        },
        "2008-02": {
            "month": "2008-02",
            "price": "19.79",
            "revenue": 341255
        },
        "2008-03": {
            "month": "2008-03",
            "price": "21.39",
            "revenue": 244227
        },
        "2008-04": {
            "month": "2008-04",
            "price": "22.09",
            "revenue": 233456
        },
        "2008-05": {
            "month": "2008-05",
            "price": "23.49",
            "revenue": 265967
        },
        "2008-06": {
            "month": "2008-06",
            "price": "21.74",
            "revenue": 302819
        },
        "2008-07": {
            "month": "2008-07",
            "price": "20.66",
            "revenue": 291595
        },
        "2008-08": {
            "month": "2008-08",
            "price": "20.20",
            "revenue": 306953
        },
        "2008-09": {
            "month": "2008-09",
            "price": "18.72",
            "revenue": 261833
        },
        "2008-10": {
            "month": "2008-10",
            "price": "15.40",
            "revenue": 277714
        },
        "2008-11": {
            "month": "2008-11",
            "price": "11.67",
            "revenue": 260452
        },
        "2008-12": {
            "month": "2008-12",
            "price": "12.34",
            "revenue": 260838
        },
        "2009-01": {
            "month": "2009-01",
            "price": "12.29",
            "revenue": 362838
        },
        "2009-02": {
            "month": "2009-02",
            "price": "13.61",
            "revenue": 254223
        },
        "2009-03": {
            "month": "2009-03",
            "price": "16.32",
            "revenue": 228298
        },
        "2009-04": {
            "month": "2009-04",
            "price": "18.93",
            "revenue": 214476
        },
        "2009-05": {
            "month": "2009-05",
            "price": "24.06",
            "revenue": 259661
        },
        "2009-06": {
            "month": "2009-06",
            "price": "24.46",
            "revenue": 259544
        },
        "2009-07": {
            "month": "2009-07",
            "price": "25.44",
            "revenue": 254554
        },
        "2009-08": {
            "month": "2009-08",
            "price": "23.96",
            "revenue": 274221
        },
        "2009-09": {
            "month": "2009-09",
            "price": "22.70",
            "revenue": 227920
        },
        "2009-10": {
            "month": "2009-10",
            "price": "23.17",
            "revenue": 247608
        },
        "2009-11": {
            "month": "2009-11",
            "price": "24.79",
            "revenue": 236144
        },
        "2009-12": {
            "month": "2009-12",
            "price": "29.86",
            "revenue": 270558
        },
        "2010-01": {
            "month": "2010-01",
            "price": "29.66",
            "revenue": 282648
        },
        "2010-02": {
            "month": "2010-02",
            "price": "26.20",
            "revenue": 326690
        },
        "2010-03": {
            "month": "2010-03",
            "price": "27.03",
            "revenue": 229339
        },
        "2010-04": {
            "month": "2010-04",
            "price": "26.04",
            "revenue": 220454
        },
        "2010-05": {
            "month": "2010-05",
            "price": "24.75",
            "revenue": 248896
        },
        "2010-06": {
            "month": "2010-06",
            "price": "25.74",
            "revenue": 272257
        },
        "2010-07": {
            "month": "2010-07",
            "price": "25.10",
            "revenue": 269318
        },
        "2010-08": {
            "month": "2010-08",
            "price": "27.92",
            "revenue": 275592
        },
        "2010-09": {
            "month": "2010-09",
            "price": "25.98",
            "revenue": 245387
        },
        "2010-10": {
            "month": "2010-10",
            "price": "28.68",
            "revenue": 260667
        },
        "2010-11": {
            "month": "2010-11",
            "price": "27.59",
            "revenue": 224852
        },
        "2010-12": {
            "month": "2010-12",
            "price": "27.87",
            "revenue": 250135
        },
        "2011-01": {
            "month": "2011-01",
            "price": "28.85",
            "revenue": 289282
        },
        "2011-02": {
            "month": "2011-02",
            "price": "28.60",
            "revenue": 314528
        },
        "2011-03": {
            "month": "2011-03",
            "price": "28.93",
            "revenue": 223342
        },
        "2011-04": {
            "month": "2011-04",
            "price": "31.03",
            "revenue": 240859
        },
        "2011-05": {
            "month": "2011-05",
            "price": "34.64",
            "revenue": 277580
        },
        "2011-06": {
            "month": "2011-06",
            "price": "36.54",
            "revenue": 295378
        },
        "2011-07": {
            "month": "2011-07",
            "price": "41.51",
            "revenue": 290578
        },
        "2011-08": {
            "month": "2011-08",
            "price": "47.64",
            "revenue": 284415
        },
        "2011-09": {
            "month": "2011-09",
            "price": "44.72",
            "revenue": 253895
        },
        "2011-10": {
            "month": "2011-10",
            "price": "38.51",
            "revenue": 275407
        },
        "2011-11": {
            "month": "2011-11",
            "price": "42.59",
            "revenue": 241408
        },
        "2011-12": {
            "month": "2011-12",
            "price": "42.03",
            "revenue": 261987
        },
        "2012-01": {
            "month": "2012-01",
            "price": "42.81",
            "revenue": 365370
        },
        "2012-02": {
            "month": "2012-02",
            "price": "47.65",
            "revenue": 259771
        },
        "2012-03": {
            "month": "2012-03",
            "price": "48.18",
            "revenue": 218937
        },
        "2012-04": {
            "month": "2012-04",
            "price": "45.47",
            "revenue": 232459
        },
        "2012-05": {
            "month": "2012-05",
            "price": "51.20",
            "revenue": 239840
        },
        "2012-06": {
            "month": "2012-06",
            "price": "49.25",
            "revenue": 285766
        },
        "2012-07": {
            "month": "2012-07",
            "price": "51.37",
            "revenue": 264173
        },
        "2012-08": {
            "month": "2012-08",
            "price": "52.58",
            "revenue": 267628
        },
        "2012-09": {
            "month": "2012-09",
            "price": "47.49",
            "revenue": 241920
        },
        "2012-10": {
            "month": "2012-10",
            "price": "42.85",
            "revenue": 235307
        },
        "2012-11": {
            "month": "2012-11",
            "price": "39.33",
            "revenue": 216083
        },
        "2012-12": {
            "month": "2012-12",
            "price": "40.01",
            "revenue": 263918
        },
        "2013-01": {
            "month": "2013-01",
            "price": "40.50",
            "revenue": 286671
        },
        "2013-02": {
            "month": "2013-02",
            "price": "39.50",
            "revenue": 344812
        },
        "2013-03": {
            "month": "2013-03",
            "price": "39.18",
            "revenue": 246314
        },
        "2013-04": {
            "month": "2013-04",
            "price": "42.08",
            "revenue": 250607
        },
        "2013-05": {
            "month": "2013-05",
            "price": "43.53",
            "revenue": 253824
        },
        "2013-06": {
            "month": "2013-06",
            "price": "44.94",
            "revenue": 298909
        },
        "2013-07": {
            "month": "2013-07",
            "price": "41.26",
            "revenue": 278627
        },
        "2013-08": {
            "month": "2013-08",
            "price": "37.91",
            "revenue": 300078
        },
        "2013-09": {
            "month": "2013-09",
            "price": "36.30",
            "revenue": 271033
        },
        "2013-10": {
            "month": "2013-10",
            "price": "36.08",
            "revenue": 252443
        },
        "2013-11": {
            "month": "2013-11",
            "price": "35.37",
            "revenue": 237044
        },
        "2013-12": {
            "month": "2013-12",
            "price": "36.34",
            "revenue": 257908
        },
        "2014-01": {
            "month": "2014-01",
            "price": "37.33",
            "revenue": 319154
        },
        "2014-02": {
            "month": "2014-02",
            "price": "36.11",
            "revenue": 302632
        },
        "2014-03": {
            "month": "2014-03",
            "price": "36.95",
            "revenue": 238119
        },
        "2014-04": {
            "month": "2014-04",
            "price": "38.46",
            "revenue": 235279
        },
        "2014-05": {
            "month": "2014-05",
            "price": "40.73",
            "revenue": 261969
        },
        "2014-06": {
            "month": "2014-06",
            "price": "43.99",
            "revenue": 282017
        },
        "2014-07": {
            "month": "2014-07",
            "price": "39.51",
            "revenue": 271786
        },
        "2014-08": {
            "month": "2014-08",
            "price": "38.98",
            "revenue": 285246
        },
        "2014-09": {
            "month": "2014-09",
            "price": "37.49",
            "revenue": 253983
        },
        "2014-10": {
            "month": "2014-10",
            "price": "34.91",
            "revenue": 254924
        },
        "2014-11": {
            "month": "2014-11",
            "price": "36.23",
            "revenue": 274120
        },
        "2014-12": {
            "month": "2014-12",
            "price": "38.17",
            "revenue": 254507
        },
        "2015-01": {
            "month": "2015-01",
            "price": "38.88",
            "revenue": 286848
        },
        "2015-02": {
            "month": "2015-02",
            "price": "39.11",
            "revenue": 346797
        },
        "2015-03": {
            "month": "2015-03",
            "price": "42.15",
            "revenue": 246436
        },
        "2015-04": {
            "month": "2015-04",
            "price": "48.84",
            "revenue": 227434
        },
        "2015-05": {
            "month": "2015-05",
            "price": "59.68",
            "revenue": 254292
        },
        "2015-06": {
            "month": "2015-06",
            "price": "59.53",
            "revenue": 252426
        },
        "2015-07": {
            "month": "2015-07",
            "price": "60.82",
            "revenue": 257666
        },
        "2015-08": {
            "month": "2015-08",
            "price": "60.98",
            "revenue": 272875
        },
        "2015-09": {
            "month": "2015-09",
            "price": "57.15",
            "revenue": 235958
        },
        "2015-10": {
            "month": "2015-10",
            "price": "55.67",
            "revenue": 238860
        },
        "2015-11": {
            "month": "2015-11",
            "price": "55.48",
            "revenue": 220059
        },
        "2015-12": {
            "month": "2015-12",
            "price": "53.31",
            "revenue": 241277
        },
        "2016-01": {
            "month": "2016-01",
            "price": "50.76",
            "revenue": 273344
        },
        "2016-02": {
            "month": "2016-02",
            "price": "53.76",
            "revenue": 288774
        },
        "2016-03": {
            "month": "2016-03",
            "price": "57.09",
            "revenue": 204647
        },
        "2016-04": {
            "month": "2016-04",
            "price": "53.44",
            "revenue": 220390
        },
        "2016-05": {
            "month": "2016-05",
            "price": "51.70",
            "revenue": 230631
        },
        "2016-06": {
            "month": "2016-06",
            "price": "52.79",
            "revenue": 267034
        },
        "2016-07": {
            "month": "2016-07",
            "price": "50.16",
            "revenue": 266125
        },
        "2016-08": {
            "month": "2016-08",
            "price": "49.86",
            "revenue": 237804
        },
        "2016-09": {
            "month": "2016-09",
            "price": "49.36",
            "revenue": 238586
        },
        "2016-10": {
            "month": "2016-10",
            "price": "48.94",
            "revenue": 250021
        },
        "2016-11": {
            "month": "2016-11",
            "price": "49.38",
            "revenue": 212209
        },
        "2016-12": {
            "month": "2016-12",
            "price": "50.98",
            "revenue": 244917
        },
        "2017-01": {
            "month": "2017-01",
            "price": "50.82",
            "revenue": 333936
        },
        "2017-02": {
            "month": "2017-02",
            "price": "51.78",
            "revenue": 241877
        },
        "2017-03": {
            "month": "2017-03",
            "price": "53.26",
            "revenue": 195781
        },
        "2017-04": {
            "month": "2017-04",
            "price": "53.02",
            "revenue": 216890
        },
        "2017-05": {
            "month": "2017-05",
            "price": "53.49",
            "revenue": 232262
        },
        "2017-06": {
            "month": "2017-06",
            "price": "54.70",
            "revenue": 246261
        },
        "2017-07": {
            "month": "2017-07",
            "price": "50.59",
            "revenue": 253048
        },
        "2017-08": {
            "month": "2017-08",
            "price": "49.86",
            "revenue": 243109
        },
        "2017-09": {
            "month": "2017-09",
            "price": "50.28",
            "revenue": 227517
        },
        "2017-10": {
            "month": "2017-10",
            "price": "50.30",
            "revenue": 251580
        },
        "2017-11": {
            "month": "2017-11",
            "price": "51.72",
            "revenue": 216298
        },
        "2017-12": {
            "month": "2017-12",
            "price": "52.41",
            "revenue": 251656
        },
        "2018-01": {
            "month": "2018-01",
            "price": "53.70",
            "revenue": 250367
        },
        "2018-02": {
            "month": "2018-02",
            "price": "53.05",
            "revenue": 315714
        },
        "2018-03": {
            "month": "2018-03",
            "price": "53.63",
            "revenue": 227276
        },
        "2018-04": {
            "month": "2018-04",
            "price": "54.86",
            "revenue": 237384
        },
        "2018-05": {
            "month": "2018-05",
            "price": "57.74",
            "revenue": 230034
        },
        "2018-06": {
            "month": "2018-06",
            "price": "58.83",
            "revenue": 272126
        },
        "2018-07": {
            "month": "2018-07",
            "price": "55.93",
            "revenue": 255671
        },
        "2018-08": {
            "month": "2018-08",
            "price": "58.13",
            "revenue": 254015
        },
        "2018-09": {
            "month": "2018-09",
            "price": "58.06",
            "revenue": 238792
        },
        "2018-10": {
            "month": "2018-10",
            "price": "57.40",
            "revenue": 229341
        },
        "2018-11": {
            "month": "2018-11",
            "price": "57.80",
            "revenue": 218592
        },
        "2018-12": {
            "month": "2018-12",
            "price": "57.95",
            "revenue": 276934
        },
        "2019-01": {
            "month": "2019-01",
            "price": "61.24",
            "revenue": 283069
        },
        "2019-02": {
            "month": "2019-02",
            "price": "65.12",
            "revenue": 305121
        },
        "2019-03": {
            "month": "2019-03",
            "price": "63.99",
            "revenue": 233240
        },
        "2019-04": {
            "month": "2019-04",
            "price": "65.00",
            "revenue": 221376
        },
        "2019-05": {
            "month": "2019-05",
            "price": "65.98",
            "revenue": 224587
        },
        "2019-06": {
            "month": "2019-06",
            "price": "66.75",
            "revenue": 266586
        },
        "2019-07": {
            "month": "2019-07",
            "price": "66.74",
            "revenue": 244093
        },
        "2019-08": {
            "month": "2019-08",
            "price": "67.15",
            "revenue": 271997
        },
        "2019-09": {
            "month": "2019-09",
            "price": "67.84",
            "revenue": 236265
        },
        "2019-10": {
            "month": "2019-10",
            "price": "67.55",
            "revenue": 233957
        },
        "2019-11": {
            "month": "2019-11",
            "price": "68.52",
            "revenue": 225023
        },
        "2019-12": {
            "month": "2019-12",
            "price": "70.38",
            "revenue": 244997
        },
        "2020-01": {
            "month": "2020-01",
            "price": "70.59",
            "revenue": 336797
        },
        "2020-02": {
            "month": "2020-02",
            "price": "67.46",
            "revenue": 231235
        },
        "2020-03": {
            "month": "2020-03",
            "price": "57.54",
            "revenue": 177889
        },
        "2020-04": {
            "month": "2020-04",
            "price": "58.94",
            "revenue": 142662
        },
        "2020-05": {
            "month": "2020-05",
            "price": "64.00",
            "revenue": 220041
        },
        "2020-06": {
            "month": "2020-06",
            "price": "68.70",
            "revenue": 244943
        },
        "2020-07": {
            "month": "2020-07",
            "price": "67.18",
            "revenue": 238631
        },
        "2020-08": {
            "month": "2020-08",
            "price": "64.55",
            "revenue": 241420
        },
        "2020-09": {
            "month": "2020-09",
            "price": "62.88",
            "revenue": 215696
        },
        "2020-10": {
            "month": "2020-10",
            "price": "61.53",
            "revenue": 245611
        },
        "2020-11": {
            "month": "2020-11",
            "price": "62.66",
            "revenue": 224623
        },
        "2020-12": {
            "month": "2020-12",
            "price": "63.20",
            "revenue": 229077
        },
        "2021-01": {
            "month": "2021-01",
            "price": "62.04",
            "revenue": 234503
        },
        "2021-02": {
            "month": "2021-02",
            "price": "62.75",
            "revenue": 276281
        },
        "2021-03": {
            "month": "2021-03",
            "price": "65.42",
            "revenue": 212543
        },
        "2021-04": {
            "month": "2021-04",
            "price": "66.77",
            "revenue": 227148
        },
        "2021-05": {
            "month": "2021-05",
            "price": "62.99",
            "revenue": 93315
        },
        "2021-06": {
            "month": "2021-06",
            "price": "63.46",
            "revenue": 9311
        },
        "2021-07": {
            "month": "2021-07",
            "price": "64.93",
            "revenue": 4359
        },
        "2021-08": {
            "month": "2021-08",
            "price": "61.82",
            "revenue": 5090
        },
        "2021-09": {
            "month": "2021-09",
            "price": "60.73",
            "revenue": 4451
        },
        "2021-10": {
            "month": "2021-10",
            "price": "61.61",
            "revenue": 104169
        },
        "2021-11": {
            "month": "2021-11",
            "price": "61.76",
            "revenue": 240681
        },
        "2021-12": {
            "month": "2021-12",
            "price": "60.45",
            "revenue": 269574
        },
        "2022-01": {
            "month": "2022-01",
            "price": "59.48",
            "revenue": 239521
        },
        "2022-02": {
            "month": "2022-02",
            "price": "60.59",
            "revenue": 228997
        },
        "2022-03": {
            "month": "2022-03",
            "price": "59.34",
            "revenue": 192309
        },
        "2022-04": {
            "month": "2022-04",
            "price": "55.98",
            "revenue": 139310
        },
        "2022-05": {
            "month": "2022-05",
            "price": "54.44",
            "revenue": 95536
        },
        "2022-06": {
            "month": "2022-06",
            "price": "55.67",
            "revenue": 159521
        },
        "2022-07": {
            "month": "2022-07",
            "price": "54.54",
            "revenue": 197756
        },
        "2022-08": {
            "month": "2022-08",
            "price": "54.73",
            "revenue": 212912
        },
        "2022-09": {
            "month": "2022-09",
            "price": "56.25",
            "revenue": 213401
        },
        "2022-10": {
            "month": "2022-10",
            "price": "57.57",
            "revenue": 232261
        },
        "2022-11": {
            "month": "2022-11",
            "price": "59.89",
            "revenue": 208964
        },
        "2022-12": {
            "month": "2022-12",
            "price": "62.63",
            "revenue": 256676
        },
        "2023-01": {
            "month": "2023-01",
            "price": "62.22",
            "revenue": 340258
        },
        "2023-02": {
            "month": "2023-02",
            "price": "66.66",
            "revenue": 228857
        },
        "2023-03": {
            "month": "2023-03",
            "price": "67.65",
            "revenue": 189798
        },
        "2023-04": {
            "month": "2023-04",
            "price": "67.57",
            "revenue": 247623
        }
    }
}
