{
    "summary": {
        "stock_name": "新麗",
        "stock_id": "9944",
        "category": "其他",
        "main_business": "不織布之製造加工及買賣<br>寢具之製造加工及買賣<br>相關機械之製造加工及買賣",
        "website_url": "http://www.shinih.com.tw",
        "ceo": "簡榮富",
        "pe_ratio": 5,
        "report_year_from": 2002,
        "report_year_to": 2023,
        "age": 21,
        "eps_negative_percentage": 4,
        "eps_growth_avg": {
            "last_all": -6.11,
            "last_2y": 21.99,
            "last_4y": -38.44,
            "last_8y": -27.19,
            "last_12y": -22.01,
            "last_16y": -8.58,
            "last_20y": -6.11,
            "at_2006_last_3y": 9.21,
            "at_2007_last_3y": 32.02,
            "at_2008_last_3y": 16.41,
            "at_2009_last_3y": 31.72,
            "at_2010_last_3y": 23.11,
            "at_2011_last_3y": -17.39,
            "at_2012_last_3y": -15.14,
            "at_2013_last_3y": -11.65,
            "at_2014_last_3y": -9.43,
            "at_2015_last_3y": -5.21,
            "at_2016_last_3y": 17.64,
            "at_2017_last_3y": -15.94,
            "at_2018_last_3y": -42.28,
            "at_2019_last_3y": -56,
            "at_2020_last_3y": -77.35,
            "at_2021_last_3y": -32.58,
            "at_2022_last_3y": -18.67,
            "at_2023_last_3y": -18.67,
            "at_2006_last_all": 9.64,
            "at_2007_last_all": 24.7,
            "at_2008_last_all": 7.98,
            "at_2009_last_all": 17.74,
            "at_2010_last_all": 15.63,
            "at_2011_last_all": 7.86,
            "at_2012_last_all": -0.43,
            "at_2013_last_all": 7.94,
            "at_2014_last_all": 7.91,
            "at_2015_last_all": 4.13,
            "at_2016_last_all": 4.39,
            "at_2017_last_all": 1.97,
            "at_2018_last_all": -3.9,
            "at_2019_last_all": -9.24,
            "at_2020_last_all": -9.24,
            "at_2021_last_all": -3.49,
            "at_2022_last_all": -6.11,
            "at_2023_last_all": -6.11
        },
        "latest_eps": 4.51,
        "latest_price": 23.5,
        "latest_roe": 14.15,
        "latest_gross_margin": 28.36,
        "latest_equity": 3673577,
        "latest_revenue": 610680,
        "latest_gross_profit": 173174,
        "latest_net_income": 312350,
        "latest_debt_ratio": 41.04,
        "latest_current_ratio": 238.06,
        "latest_account_receivable_turnover_ratio": 1.75,
        "latest_inventory_turnover_ratio": 0.86,
        "latest_reinvestment_rate": 2.74,
        "latest_research_to_sale_ratio": 3.07
    },
    "eps_dividends": {
        "1999": {
            "cash": 0,
            "stock": 1.8,
            "eps": 0
        },
        "2000": {
            "cash": 0.5,
            "stock": 2.5,
            "eps": 0
        },
        "2001": {
            "cash": 0.2,
            "stock": 2.4,
            "eps": 1.85
        },
        "2002": {
            "cash": 0.5,
            "stock": 0.5,
            "eps": 2.06
        },
        "2003": {
            "cash": 0.75,
            "stock": 0.75,
            "eps": 2.24
        },
        "2004": {
            "cash": 0.6,
            "stock": 0.6,
            "eps": 1.57
        },
        "2005": {
            "cash": 0.6,
            "stock": 0.4,
            "eps": 1.96
        },
        "2006": {
            "cash": 0.5,
            "stock": 0.5,
            "eps": 2.61
        },
        "2007": {
            "cash": 0.7,
            "stock": 0.5,
            "eps": 11.24
        },
        "2008": {
            "cash": 4,
            "stock": 0,
            "eps": 0.86
        },
        "2009": {
            "cash": 0.2,
            "stock": 0,
            "eps": 1.6
        },
        "2010": {
            "cash": 0.2,
            "stock": 0.55,
            "eps": 1.58
        },
        "2011": {
            "cash": 0.7,
            "stock": 0.5,
            "eps": 0.6
        },
        "2012": {
            "cash": 0,
            "stock": 0,
            "eps": 0.1
        },
        "2013": {
            "cash": 0.2,
            "stock": 0,
            "eps": 1.05
        },
        "2014": {
            "cash": 0.4,
            "stock": 0,
            "eps": 1.13
        },
        "2015": {
            "cash": 0.4,
            "stock": 0,
            "eps": 0.62
        },
        "2016": {
            "cash": 0.3,
            "stock": 0,
            "eps": 0.67
        },
        "2017": {
            "cash": 0.3,
            "stock": 0,
            "eps": 0.44
        },
        "2018": {
            "cash": 0.3,
            "stock": 0,
            "eps": 0.01
        },
        "2019": {
            "cash": 0,
            "stock": 0,
            "eps": -0.46
        },
        "2020": {
            "cash": 0,
            "stock": 0,
            "eps": 0.69
        },
        "2021": {
            "cash": 0.4,
            "stock": 0,
            "eps": 4.82
        },
        "2022": {
            "cash": 1,
            "stock": 0,
            "eps": 2.12
        },
        "2023": {
            "cash": 1.05,
            "stock": 0,
            "eps": 2.92
        }
    },
    "dividends": {
        "1999-06-07": {
            "cash": 0,
            "stock": 1.8
        },
        "2000-06-07": {
            "cash": 0.5,
            "stock": 2.5
        },
        "2001-04-24": {
            "cash": 0.2,
            "stock": 2.4
        },
        "2002-05-17": {
            "cash": 0.5,
            "stock": 0.5
        },
        "2003-06-06": {
            "cash": 0.75,
            "stock": 0.75
        },
        "2004-05-04": {
            "cash": 0.6,
            "stock": 0.6
        },
        "2005-04-04": {
            "cash": 0.6,
            "stock": 0.4
        },
        "2006-04-24": {
            "cash": 0.5,
            "stock": 0.5
        },
        "2007-04-16": {
            "cash": 0.7,
            "stock": 0.5
        },
        "2008-03-28": {
            "cash": 4,
            "stock": 0
        },
        "2009-03-27": {
            "cash": 0.2,
            "stock": 0
        },
        "2010-03-29": {
            "cash": 0.2,
            "stock": 0.55
        },
        "2011-01-01": {
            "cash": 0.2,
            "stock": 0.5
        },
        "2011-03-24": {
            "cash": 0.5,
            "stock": 0
        },
        "2013-03-28": {
            "cash": 0.2,
            "stock": 0
        },
        "2014-10-15": {
            "cash": 0.4,
            "stock": 0
        },
        "2015-10-14": {
            "cash": 0.4,
            "stock": 0
        },
        "2016-09-09": {
            "cash": 0.3,
            "stock": 0
        },
        "2017-09-22": {
            "cash": 0.3,
            "stock": 0
        },
        "2018-09-21": {
            "cash": 0.3,
            "stock": 0
        },
        "2021-07-20": {
            "cash": 0.4,
            "stock": 0
        },
        "2022-07-18": {
            "cash": 1,
            "stock": 0
        },
        "2023-03-24": {
            "cash": 1.05,
            "stock": 0
        }
    },
    "prices": {
        "200101": "無",
        "200102": "無",
        "200103": "無",
        "200104": "無",
        "200105": "無",
        "200106": "無",
        "200107": "無",
        "200108": "無",
        "200109": "無",
        "200110": "無",
        "200111": "無",
        "200112": "無",
        "200201": "無",
        "200202": "無",
        "200203": "無",
        "200204": "無",
        "200205": "無",
        "200206": "無",
        "200207": "無",
        "200208": "35.14",
        "200209": "33.66",
        "200210": "28.75",
        "200211": "31.27",
        "200212": "31.36",
        "200301": "29.30",
        "200302": "26.84",
        "200303": "26.24",
        "200304": "27.38",
        "200305": "26.55",
        "200306": "25.75",
        "200307": "26.01",
        "200308": "26.99",
        "200309": "26.60",
        "200310": "26.30",
        "200311": "28.78",
        "200312": "27.71",
        "200401": "28.95",
        "200402": "30.85",
        "200403": "29.21",
        "200404": "27.06",
        "200405": "22.83",
        "200406": "22.91",
        "200407": "22.16",
        "200408": "22.24",
        "200409": "22.93",
        "200410": "22.13",
        "200411": "20.79",
        "200412": "20.84",
        "200501": "20.71",
        "200502": "19.15",
        "200503": "17.22",
        "200504": "16.03",
        "200505": "14.92",
        "200506": "16.58",
        "200507": "17.08",
        "200508": "17.40",
        "200509": "15.99",
        "200510": "15.80",
        "200511": "15.93",
        "200512": "15.86",
        "200601": "16.18",
        "200602": "16.52",
        "200603": "16.53",
        "200604": "21.06",
        "200605": "24.75",
        "200606": "20.67",
        "200607": "21.10",
        "200608": "22.70",
        "200609": "21.38",
        "200610": "22.41",
        "200611": "23.00",
        "200612": "28.01",
        "200701": "32.58",
        "200702": "30.24",
        "200703": "29.01",
        "200704": "31.40",
        "200705": "32.84",
        "200706": "38.13",
        "200707": "43.30",
        "200708": "41.06",
        "200709": "39.67",
        "200710": "40.21",
        "200711": "37.95",
        "200712": "33.74",
        "200801": "31.94",
        "200802": "30.15",
        "200803": "32.35",
        "200804": "36.23",
        "200805": "35.02",
        "200806": "33.09",
        "200807": "26.04",
        "200808": "19.16",
        "200809": "15.59",
        "200810": "14.18",
        "200811": "13.58",
        "200812": "13.24",
        "200901": "13.61",
        "200902": "13.80",
        "200903": "14.25",
        "200904": "17.13",
        "200905": "18.02",
        "200906": "16.43",
        "200907": "17.23",
        "200908": "20.78",
        "200909": "21.92",
        "200910": "22.11",
        "200911": "24.63",
        "200912": "25.22",
        "201001": "26.00",
        "201002": "24.54",
        "201003": "25.30",
        "201004": "25.63",
        "201005": "25.29",
        "201006": "26.14",
        "201007": "26.32",
        "201008": "27.06",
        "201009": "26.67",
        "201010": "26.50",
        "201011": "25.91",
        "201012": "26.42",
        "201101": "26.44",
        "201102": "25.11",
        "201103": "25.06",
        "201104": "24.90",
        "201105": "24.44",
        "201106": "23.30",
        "201107": "23.52",
        "201108": "23.09",
        "201109": "22.51",
        "201110": "22.13",
        "201111": "22.15",
        "201112": "21.87",
        "201201": "21.87",
        "201202": "22.38",
        "201203": "22.33",
        "201204": "21.88",
        "201205": "21.49",
        "201206": "20.62",
        "201207": "20.43",
        "201208": "19.58",
        "201209": "18.26",
        "201210": "17.74",
        "201211": "15.89",
        "201212": "16.41",
        "201301": "17.68",
        "201302": "17.77",
        "201303": "17.63",
        "201304": "18.03",
        "201305": "17.48",
        "201306": "17.61",
        "201307": "20.52",
        "201308": "22.93",
        "201309": "27.14",
        "201310": "27.67",
        "201311": "25.35",
        "201312": "23.67",
        "201401": "24.45",
        "201402": "24.88",
        "201403": "33.38",
        "201404": "38.26",
        "201405": "39.26",
        "201406": "49.34",
        "201407": "63.25",
        "201408": "64.67",
        "201409": "66.74",
        "201410": "52.07",
        "201411": "44.61",
        "201412": "48.02",
        "201501": "44.76",
        "201502": "38.80",
        "201503": "36.32",
        "201504": "36.02",
        "201505": "39.19",
        "201506": "42.72",
        "201507": "39.79",
        "201508": "34.30",
        "201509": "30.89",
        "201510": "31.22",
        "201511": "30.44",
        "201512": "27.10",
        "201601": "21.79",
        "201602": "23.47",
        "201603": "24.76",
        "201604": "23.68",
        "201605": "22.22",
        "201606": "21.05",
        "201607": "20.16",
        "201608": "21.15",
        "201609": "23.33",
        "201610": "23.08",
        "201611": "20.73",
        "201612": "21.46",
        "201701": "20.78",
        "201702": "22.25",
        "201703": "22.07",
        "201704": "21.24",
        "201705": "19.56",
        "201706": "19.59",
        "201707": "19.84",
        "201708": "18.87",
        "201709": "19.39",
        "201710": "18.37",
        "201711": "19.15",
        "201712": "19.65",
        "201801": "19.65",
        "201802": "19.60",
        "201803": "19.70",
        "201804": "19.33",
        "201805": "19.08",
        "201806": "18.87",
        "201807": "17.37",
        "201808": "16.31",
        "201809": "16.18",
        "201810": "15.96",
        "201811": "16.30",
        "201812": "16.37",
        "201901": "16.22",
        "201902": "16.21",
        "201903": "16.18",
        "201904": "16.00",
        "201905": "15.99",
        "201906": "17.84",
        "201907": "17.65",
        "201908": "17.54",
        "201909": "17.32",
        "201910": "17.20",
        "201911": "17.24",
        "201912": "17.30",
        "202001": "19.28",
        "202002": "22.44",
        "202003": "17.07",
        "202004": "17.43",
        "202005": "22.23",
        "202006": "22.66",
        "202007": "20.78",
        "202008": "22.33",
        "202009": "22.68",
        "202010": "22.68",
        "202011": "22.07",
        "202012": "22.10",
        "202101": "21.97",
        "202102": "20.75",
        "202103": "20.62",
        "202104": "20.35",
        "202105": "21.80",
        "202106": "21.82",
        "202107": "22.37",
        "202108": "21.22",
        "202109": "20.89",
        "202110": "21.30",
        "202111": "22.44",
        "202112": "23.87",
        "202201": "23.25",
        "202202": "22.09",
        "202203": "21.41",
        "202204": "21.02",
        "202205": "20.37",
        "202206": "19.97",
        "202207": "19.57",
        "202208": "20.55",
        "202209": "20.55",
        "202210": "20.19",
        "202211": "20.43",
        "202212": "20.47",
        "202301": "20.43",
        "202302": "20.47",
        "202303": "20.40",
        "202304": "20.38",
        "202305": "21.53"
    },
    "quarters": {
        "20011": {
            "year_quarter": 20011,
            "year": 2001,
            "quarter": 1,
            "eps": 0.95,
            "eps_growth_year": -18.8,
            "eps_4q": 3.03,
            "eps_4q_growth_year": null,
            "roe": 5.29,
            "roe_4q": 5.29,
            "gross_profit": 39698,
            "gross_margin": 29.03,
            "gross_margin_4q_avg": 29.03,
            "net_income": 45915,
            "revenue": 136727,
            "common_shares": 482767,
            "book_valuer_per_share": 18.43,
            "book_valuer_per_share_4q_avg": 18.43,
            "equity": 889765,
            "current_ratio": 98.44,
            "debt_ratio": 45.51,
            "inventory_turnover_ratio": 0.75,
            "account_receivable_turnover_ratio": null,
            "reinvestment_rate": null,
            "research_to_sale_ratio": null,
            "price_fair": 0,
            "eps_avg_yearly": 0,
            "eps_latest_yearly": 0,
            "eps_growth_yearly": 0
        },
        "20012": {
            "year_quarter": 20012,
            "year": 2001,
            "quarter": 2,
            "eps": 0.27,
            "eps_growth_year": -74.29,
            "eps_4q": 2.04,
            "eps_4q_growth_year": null,
            "roe": 1.8,
            "roe_4q": 7.09,
            "gross_profit": 52179,
            "gross_margin": 35.43,
            "gross_margin_4q_avg": 32.23,
            "net_income": 16159,
            "revenue": 147275,
            "common_shares": 600751,
            "book_valuer_per_share": 15.11,
            "book_valuer_per_share_4q_avg": 16.77,
            "equity": 907911,
            "current_ratio": 97.99,
            "debt_ratio": 47.76,
            "inventory_turnover_ratio": 1.18,
            "account_receivable_turnover_ratio": null,
            "reinvestment_rate": null,
            "research_to_sale_ratio": null,
            "price_fair": 0,
            "eps_avg_yearly": 0,
            "eps_latest_yearly": 0,
            "eps_growth_yearly": 0
        },
        "20013": {
            "year_quarter": 20013,
            "year": 2001,
            "quarter": 3,
            "eps": 0.21,
            "eps_growth_year": -25,
            "eps_4q": 1.94,
            "eps_4q_growth_year": null,
            "roe": 1.4,
            "roe_4q": 8.49,
            "gross_profit": 27925,
            "gross_margin": 19.48,
            "gross_margin_4q_avg": 27.98,
            "net_income": 12785,
            "revenue": 143330,
            "common_shares": 600751,
            "book_valuer_per_share": 15.34,
            "book_valuer_per_share_4q_avg": 16.29,
            "equity": 921828,
            "current_ratio": 97.97,
            "debt_ratio": 49.06,
            "inventory_turnover_ratio": 1.4,
            "account_receivable_turnover_ratio": null,
            "reinvestment_rate": null,
            "research_to_sale_ratio": null,
            "price_fair": 0,
            "eps_avg_yearly": 0,
            "eps_latest_yearly": 0,
            "eps_growth_yearly": 0
        },
        "20014": {
            "year_quarter": 20014,
            "year": 2001,
            "quarter": 4,
            "eps": 0.42,
            "eps_growth_year": -53.33,
            "eps_4q": 1.68,
            "eps_4q_growth_year": -48.76,
            "roe": 2.67,
            "roe_4q": 11.16,
            "gross_profit": 37828,
            "gross_margin": 22.4,
            "gross_margin_4q_avg": 26.59,
            "net_income": 25044,
            "revenue": 168888,
            "common_shares": 600751,
            "book_valuer_per_share": 15.85,
            "book_valuer_per_share_4q_avg": 16.18,
            "equity": 952400,
            "current_ratio": 97.38,
            "debt_ratio": 56.7,
            "inventory_turnover_ratio": 0.84,
            "account_receivable_turnover_ratio": null,
            "reinvestment_rate": null,
            "research_to_sale_ratio": null,
            "price_fair": 0,
            "eps_avg_yearly": 0,
            "eps_latest_yearly": 0,
            "eps_growth_yearly": 0
        },
        "20021": {
            "year_quarter": 20021,
            "year": 2002,
            "quarter": 1,
            "eps": 0.76,
            "eps_growth_year": -20,
            "eps_4q": 1.65,
            "eps_4q_growth_year": -45.39,
            "roe": 4.71,
            "roe_4q": 10.58,
            "gross_profit": 45833,
            "gross_margin": 27.15,
            "gross_margin_4q_avg": 26.12,
            "net_income": 45920,
            "revenue": 168812,
            "common_shares": 600751,
            "book_valuer_per_share": 16.63,
            "book_valuer_per_share_4q_avg": 15.73,
            "equity": 999131,
            "current_ratio": 112.51,
            "debt_ratio": 45.08,
            "inventory_turnover_ratio": 0.78,
            "account_receivable_turnover_ratio": null,
            "reinvestment_rate": null,
            "research_to_sale_ratio": null,
            "price_fair": 106.4,
            "eps_avg_yearly": 3.04,
            "eps_latest_yearly": 3.04,
            "eps_growth_yearly": 323.81
        },
        "20022": {
            "year_quarter": 20022,
            "year": 2002,
            "quarter": 2,
            "eps": 0.57,
            "eps_growth_year": 111.11,
            "eps_4q": 1.97,
            "eps_4q_growth_year": -3.21,
            "roe": 3.45,
            "roe_4q": 12.23,
            "gross_profit": 55636,
            "gross_margin": 34.11,
            "gross_margin_4q_avg": 25.79,
            "net_income": 34024,
            "revenue": 163103,
            "common_shares": 600751,
            "book_valuer_per_share": 16.25,
            "book_valuer_per_share_4q_avg": 16.02,
            "equity": 975957,
            "current_ratio": 103.76,
            "debt_ratio": 47.96,
            "inventory_turnover_ratio": 1.29,
            "account_receivable_turnover_ratio": null,
            "reinvestment_rate": null,
            "research_to_sale_ratio": null,
            "price_fair": 93.1,
            "eps_avg_yearly": 2.66,
            "eps_latest_yearly": 2.28,
            "eps_growth_yearly": 111.9
        },
        "20023": {
            "year_quarter": 20023,
            "year": 2002,
            "quarter": 3,
            "eps": 0.34,
            "eps_growth_year": 61.9,
            "eps_4q": 2.02,
            "eps_4q_growth_year": 4.06,
            "roe": 2.14,
            "roe_4q": 12.97,
            "gross_profit": 26874,
            "gross_margin": 24.96,
            "gross_margin_4q_avg": 27.16,
            "net_income": 21271,
            "revenue": 107666,
            "common_shares": 600751,
            "book_valuer_per_share": 16.92,
            "book_valuer_per_share_4q_avg": 16.41,
            "equity": 1016171,
            "current_ratio": 104.42,
            "debt_ratio": 43.13,
            "inventory_turnover_ratio": 1,
            "account_receivable_turnover_ratio": null,
            "reinvestment_rate": null,
            "research_to_sale_ratio": null,
            "price_fair": 68.59,
            "eps_avg_yearly": 2.23,
            "eps_latest_yearly": 1.36,
            "eps_growth_yearly": 20.8
        },
        "20024": {
            "year_quarter": 20024,
            "year": 2002,
            "quarter": 4,
            "eps": 0.39,
            "eps_growth_year": -7.14,
            "eps_4q": 2,
            "eps_4q_growth_year": 19.5,
            "roe": 2.33,
            "roe_4q": 12.63,
            "gross_profit": 31590,
            "gross_margin": 25.75,
            "gross_margin_4q_avg": 27.99,
            "net_income": 24486,
            "revenue": 122686,
            "common_shares": 630788,
            "book_valuer_per_share": 16.46,
            "book_valuer_per_share_4q_avg": 16.57,
            "equity": 1084561,
            "current_ratio": 118.81,
            "debt_ratio": 55.2,
            "inventory_turnover_ratio": 0.54,
            "account_receivable_turnover_ratio": null,
            "reinvestment_rate": null,
            "research_to_sale_ratio": null,
            "price_fair": 72.1,
            "eps_avg_yearly": 2.06,
            "eps_latest_yearly": 1.56,
            "eps_growth_yearly": 30.31
        },
        "20031": {
            "year_quarter": 20031,
            "year": 2003,
            "quarter": 1,
            "eps": 0.54,
            "eps_growth_year": -28.95,
            "eps_4q": 1.8,
            "eps_4q_growth_year": 9.15,
            "roe": 3.16,
            "roe_4q": 11.080000000000002,
            "gross_profit": 33936,
            "gross_margin": 25.66,
            "gross_margin_4q_avg": 27.62,
            "net_income": 34061,
            "revenue": 132249,
            "common_shares": 630788,
            "book_valuer_per_share": 17,
            "book_valuer_per_share_4q_avg": 16.66,
            "equity": 1072628,
            "current_ratio": 302.34,
            "debt_ratio": 39.38,
            "inventory_turnover_ratio": 0.58,
            "account_receivable_turnover_ratio": null,
            "reinvestment_rate": null,
            "research_to_sale_ratio": null,
            "price_fair": 72.8,
            "eps_avg_yearly": 2.08,
            "eps_latest_yearly": 2.16,
            "eps_growth_yearly": 55.02
        },
        "20032": {
            "year_quarter": 20032,
            "year": 2003,
            "quarter": 2,
            "eps": 0.69,
            "eps_growth_year": 21.05,
            "eps_4q": 1.96,
            "eps_4q_growth_year": -0.91,
            "roe": 4.09,
            "roe_4q": 11.72,
            "gross_profit": 48033,
            "gross_margin": 30.47,
            "gross_margin_4q_avg": 26.71,
            "net_income": 43534,
            "revenue": 157653,
            "common_shares": 630788,
            "book_valuer_per_share": 16.74,
            "book_valuer_per_share_4q_avg": 16.78,
            "equity": 1056081,
            "current_ratio": 215.95,
            "debt_ratio": 41.77,
            "inventory_turnover_ratio": 1.4,
            "account_receivable_turnover_ratio": null,
            "reinvestment_rate": null,
            "research_to_sale_ratio": null,
            "price_fair": 76.77,
            "eps_avg_yearly": 2.19,
            "eps_latest_yearly": 2.76,
            "eps_growth_yearly": 64.36
        },
        "20033": {
            "year_quarter": 20033,
            "year": 2003,
            "quarter": 3,
            "eps": 0.65,
            "eps_growth_year": 91.18,
            "eps_4q": 2.27,
            "eps_4q_growth_year": 12.72,
            "roe": 3.8,
            "roe_4q": 13.38,
            "gross_profit": 23900,
            "gross_margin": 24.28,
            "gross_margin_4q_avg": 26.54,
            "net_income": 40837,
            "revenue": 98428,
            "common_shares": 634101,
            "book_valuer_per_share": 17.2,
            "book_valuer_per_share_4q_avg": 16.85,
            "equity": 1090755,
            "current_ratio": 213.66,
            "debt_ratio": 39.55,
            "inventory_turnover_ratio": 0.93,
            "account_receivable_turnover_ratio": null,
            "reinvestment_rate": null,
            "research_to_sale_ratio": null,
            "price_fair": 78.8,
            "eps_avg_yearly": 2.25,
            "eps_latest_yearly": 2.6,
            "eps_growth_yearly": 51.86
        },
        "20034": {
            "year_quarter": 20034,
            "year": 2003,
            "quarter": 4,
            "eps": 0.36,
            "eps_growth_year": -7.69,
            "eps_4q": 2.09,
            "eps_4q_growth_year": 4.24,
            "roe": 2.12,
            "roe_4q": 13.17,
            "gross_profit": 29863,
            "gross_margin": 22.96,
            "gross_margin_4q_avg": 25.84,
            "net_income": 24689,
            "revenue": 130043,
            "common_shares": 713042,
            "book_valuer_per_share": 16.82,
            "book_valuer_per_share_4q_avg": 16.94,
            "equity": 1243296,
            "current_ratio": 107.32,
            "debt_ratio": 53.45,
            "inventory_turnover_ratio": 0.49,
            "account_receivable_turnover_ratio": null,
            "reinvestment_rate": 68.67,
            "research_to_sale_ratio": null,
            "price_fair": 71.09,
            "eps_avg_yearly": 2.15,
            "eps_latest_yearly": 1.44,
            "eps_growth_yearly": 23.07
        },
        "20041": {
            "year_quarter": 20041,
            "year": 2004,
            "quarter": 1,
            "eps": 0.44,
            "eps_growth_year": -18.52,
            "eps_4q": 1.98,
            "eps_4q_growth_year": 9.86,
            "roe": 2.51,
            "roe_4q": 12.52,
            "gross_profit": 39273,
            "gross_margin": 24.27,
            "gross_margin_4q_avg": 25.5,
            "net_income": 31103,
            "revenue": 161793,
            "common_shares": 724104,
            "book_valuer_per_share": 17.1,
            "book_valuer_per_share_4q_avg": 16.97,
            "equity": 1238191,
            "current_ratio": 125.7,
            "debt_ratio": 39.67,
            "inventory_turnover_ratio": 0.59,
            "account_receivable_turnover_ratio": null,
            "reinvestment_rate": -31.84,
            "research_to_sale_ratio": null,
            "price_fair": 73.73,
            "eps_avg_yearly": 2.11,
            "eps_latest_yearly": 1.76,
            "eps_growth_yearly": 30.38
        },
        "20042": {
            "year_quarter": 20042,
            "year": 2004,
            "quarter": 2,
            "eps": 0.96,
            "eps_growth_year": 39.13,
            "eps_4q": 2.31,
            "eps_4q_growth_year": 18.18,
            "roe": 5.48,
            "roe_4q": 13.91,
            "gross_profit": 48044,
            "gross_margin": 27.97,
            "gross_margin_4q_avg": 24.87,
            "net_income": 68687,
            "revenue": 171786,
            "common_shares": 724103,
            "book_valuer_per_share": 17.54,
            "book_valuer_per_share_4q_avg": 17.17,
            "equity": 1270204,
            "current_ratio": 117.27,
            "debt_ratio": 42.37,
            "inventory_turnover_ratio": 1.53,
            "account_receivable_turnover_ratio": null,
            "reinvestment_rate": -30.35,
            "research_to_sale_ratio": null,
            "price_fair": 79.8,
            "eps_avg_yearly": 2.28,
            "eps_latest_yearly": 3.84,
            "eps_growth_yearly": 74.62
        },
        "20043": {
            "year_quarter": 20043,
            "year": 2004,
            "quarter": 3,
            "eps": 0.09,
            "eps_growth_year": -86.15,
            "eps_4q": 1.92,
            "eps_4q_growth_year": -15.73,
            "roe": 0.48,
            "roe_4q": 10.59,
            "gross_profit": 22778,
            "gross_margin": 23.05,
            "gross_margin_4q_avg": 24.56,
            "net_income": 6132,
            "revenue": 98824,
            "common_shares": 724103,
            "book_valuer_per_share": 17.69,
            "book_valuer_per_share_4q_avg": 17.29,
            "equity": 1280889,
            "current_ratio": 119.77,
            "debt_ratio": 40.79,
            "inventory_turnover_ratio": 0.97,
            "account_receivable_turnover_ratio": null,
            "reinvestment_rate": -29.96,
            "research_to_sale_ratio": null,
            "price_fair": 73.69,
            "eps_avg_yearly": 2.11,
            "eps_latest_yearly": 0.36,
            "eps_growth_yearly": 34.88
        },
        "20044": {
            "year_quarter": 20044,
            "year": 2004,
            "quarter": 4,
            "eps": 0.08,
            "eps_growth_year": -77.78,
            "eps_4q": 1.39,
            "eps_4q_growth_year": -33.23,
            "roe": 0.5,
            "roe_4q": 8.97,
            "gross_profit": 25075,
            "gross_margin": 23.12,
            "gross_margin_4q_avg": 24.6,
            "net_income": 6452,
            "revenue": 108477,
            "common_shares": 773990,
            "book_valuer_per_share": 15.97,
            "book_valuer_per_share_4q_avg": 17.08,
            "equity": 1275113,
            "current_ratio": 106.6,
            "debt_ratio": 56.46,
            "inventory_turnover_ratio": 0.31,
            "account_receivable_turnover_ratio": null,
            "reinvestment_rate": 48,
            "research_to_sale_ratio": null,
            "price_fair": 68.48,
            "eps_avg_yearly": 1.96,
            "eps_latest_yearly": 0.32,
            "eps_growth_yearly": 28.27
        },
        "20051": {
            "year_quarter": 20051,
            "year": 2005,
            "quarter": 1,
            "eps": 0.31,
            "eps_growth_year": -29.55,
            "eps_4q": 1.37,
            "eps_4q_growth_year": -30.77,
            "roe": 1.87,
            "roe_4q": 8.33,
            "gross_profit": 33213,
            "gross_margin": 23.65,
            "gross_margin_4q_avg": 24.45,
            "net_income": 23706,
            "revenue": 140424,
            "common_shares": 777091,
            "book_valuer_per_share": 16.18,
            "book_valuer_per_share_4q_avg": 16.85,
            "equity": 1257603,
            "current_ratio": 108.42,
            "debt_ratio": 41.3,
            "inventory_turnover_ratio": 0.37,
            "account_receivable_turnover_ratio": null,
            "reinvestment_rate": -32.45,
            "research_to_sale_ratio": null,
            "price_fair": 66.55,
            "eps_avg_yearly": 1.9,
            "eps_latest_yearly": 1.24,
            "eps_growth_yearly": 114.55
        },
        "20052": {
            "year_quarter": 20052,
            "year": 2005,
            "quarter": 2,
            "eps": 0.65,
            "eps_growth_year": -32.29,
            "eps_4q": 1.12,
            "eps_4q_growth_year": -51.74,
            "roe": 4.02,
            "roe_4q": 6.869999999999999,
            "gross_profit": 37441,
            "gross_margin": 26.04,
            "gross_margin_4q_avg": 23.97,
            "net_income": 50710,
            "revenue": 143777,
            "common_shares": 777090,
            "book_valuer_per_share": 16.29,
            "book_valuer_per_share_4q_avg": 16.53,
            "equity": 1265619,
            "current_ratio": 98.49,
            "debt_ratio": 46.94,
            "inventory_turnover_ratio": 0.87,
            "account_receivable_turnover_ratio": null,
            "reinvestment_rate": -31.13,
            "research_to_sale_ratio": null,
            "price_fair": 68.3,
            "eps_avg_yearly": 1.95,
            "eps_latest_yearly": 2.6,
            "eps_growth_yearly": 137.71
        },
        "20053": {
            "year_quarter": 20053,
            "year": 2005,
            "quarter": 3,
            "eps": 0.43,
            "eps_growth_year": 377.78,
            "eps_4q": 1.42,
            "eps_4q_growth_year": -25.9,
            "roe": 2.69,
            "roe_4q": 9.079999999999998,
            "gross_profit": 24932,
            "gross_margin": 19.99,
            "gross_margin_4q_avg": 23.2,
            "net_income": 35110,
            "revenue": 124750,
            "common_shares": 808174,
            "book_valuer_per_share": 16.66,
            "book_valuer_per_share_4q_avg": 16.28,
            "equity": 1346125,
            "current_ratio": 104.91,
            "debt_ratio": 57.65,
            "inventory_turnover_ratio": 0.16,
            "account_receivable_turnover_ratio": null,
            "reinvestment_rate": -30.64,
            "research_to_sale_ratio": null,
            "price_fair": 67.76,
            "eps_avg_yearly": 1.94,
            "eps_latest_yearly": 1.72,
            "eps_growth_yearly": 119.5
        },
        "20054": {
            "year_quarter": 20054,
            "year": 2005,
            "quarter": 4,
            "eps": 0.57,
            "eps_growth_year": 612.5,
            "eps_4q": 1.92,
            "eps_4q_growth_year": 37.46,
            "roe": 3.34,
            "roe_4q": 11.919999999999998,
            "gross_profit": 28702,
            "gross_margin": 19.46,
            "gross_margin_4q_avg": 22.29,
            "net_income": 46407,
            "revenue": 147469,
            "common_shares": 808174,
            "book_valuer_per_share": 17.29,
            "book_valuer_per_share_4q_avg": 16.61,
            "equity": 1436187,
            "current_ratio": 140.44,
            "debt_ratio": 64.71,
            "inventory_turnover_ratio": 0.09,
            "account_receivable_turnover_ratio": null,
            "reinvestment_rate": 39.67,
            "research_to_sale_ratio": null,
            "price_fair": 68.51,
            "eps_avg_yearly": 1.96,
            "eps_latest_yearly": 2.28,
            "eps_growth_yearly": 120.17
        },
        "20061": {
            "year_quarter": 20061,
            "year": 2006,
            "quarter": 1,
            "eps": 1.91,
            "eps_growth_year": 516.13,
            "eps_4q": 3.55,
            "eps_4q_growth_year": 158.31,
            "roe": 10.43,
            "roe_4q": 20.48,
            "gross_profit": 45222,
            "gross_margin": 22.77,
            "gross_margin_4q_avg": 22.07,
            "net_income": 154369,
            "revenue": 198636,
            "common_shares": 808174,
            "book_valuer_per_share": 18.87,
            "book_valuer_per_share_4q_avg": 17.28,
            "equity": 1524986,
            "current_ratio": 215.58,
            "debt_ratio": 51.31,
            "inventory_turnover_ratio": 0.12,
            "account_receivable_turnover_ratio": null,
            "reinvestment_rate": -34.32,
            "research_to_sale_ratio": null,
            "price_fair": 78.58,
            "eps_avg_yearly": 2.25,
            "eps_latest_yearly": 7.64,
            "eps_growth_yearly": 158.71
        },
        "20062": {
            "year_quarter": 20062,
            "year": 2006,
            "quarter": 2,
            "eps": 0.86,
            "eps_growth_year": 32.31,
            "eps_4q": 3.64,
            "eps_4q_growth_year": 226.73,
            "roe": 4.76,
            "roe_4q": 21.220000000000002,
            "gross_profit": 50851,
            "gross_margin": 28.49,
            "gross_margin_4q_avg": 22.68,
            "net_income": 72877,
            "revenue": 178489,
            "common_shares": 808174,
            "book_valuer_per_share": 19.06,
            "book_valuer_per_share_4q_avg": 17.97,
            "equity": 1540237,
            "current_ratio": 201.47,
            "debt_ratio": 51.66,
            "inventory_turnover_ratio": 0.12,
            "account_receivable_turnover_ratio": null,
            "reinvestment_rate": -21.78,
            "research_to_sale_ratio": null,
            "price_fair": 81.11,
            "eps_avg_yearly": 2.32,
            "eps_latest_yearly": 3.44,
            "eps_growth_yearly": 151.21
        },
        "20063": {
            "year_quarter": 20063,
            "year": 2006,
            "quarter": 3,
            "eps": 0.19,
            "eps_growth_year": -55.81,
            "eps_4q": 3.4,
            "eps_4q_growth_year": 139.1,
            "roe": 1.04,
            "roe_4q": 19.57,
            "gross_profit": 19878,
            "gross_margin": 17.89,
            "gross_margin_4q_avg": 22.15,
            "net_income": 16217,
            "revenue": 111124,
            "common_shares": 808174,
            "book_valuer_per_share": 19.67,
            "book_valuer_per_share_4q_avg": 18.72,
            "equity": 1589518,
            "current_ratio": 202.36,
            "debt_ratio": 50.4,
            "inventory_turnover_ratio": 0.08,
            "account_receivable_turnover_ratio": null,
            "reinvestment_rate": -21.2,
            "research_to_sale_ratio": null,
            "price_fair": 79.8,
            "eps_avg_yearly": 2.28,
            "eps_latest_yearly": 0.76,
            "eps_growth_yearly": 141.82
        },
        "20064": {
            "year_quarter": 20064,
            "year": 2006,
            "quarter": 4,
            "eps": -0.35,
            "eps_growth_year": -161.4,
            "eps_4q": 2.48,
            "eps_4q_growth_year": 29.53,
            "roe": -1.87,
            "roe_4q": 14.36,
            "gross_profit": 15085,
            "gross_margin": 12.39,
            "gross_margin_4q_avg": 20.39,
            "net_income": -29923,
            "revenue": 121755,
            "common_shares": 848583,
            "book_valuer_per_share": 18.61,
            "book_valuer_per_share_4q_avg": 19.05,
            "equity": 1617552,
            "current_ratio": 159.18,
            "debt_ratio": 60.29,
            "inventory_turnover_ratio": 0.08,
            "account_receivable_turnover_ratio": null,
            "reinvestment_rate": 14.24,
            "research_to_sale_ratio": null,
            "price_fair": 81.48,
            "eps_avg_yearly": 2.33,
            "eps_latest_yearly": 0.76,
            "eps_growth_yearly": 147.36
        },
        "20071": {
            "year_quarter": 20071,
            "year": 2007,
            "quarter": 1,
            "eps": 0.68,
            "eps_growth_year": -64.4,
            "eps_4q": 1.37,
            "eps_4q_growth_year": -61.44,
            "roe": 3.57,
            "roe_4q": 7.5,
            "gross_profit": 22237,
            "gross_margin": 17.61,
            "gross_margin_4q_avg": 19.1,
            "net_income": 58549,
            "revenue": 126282,
            "common_shares": 865441,
            "book_valuer_per_share": 19.23,
            "book_valuer_per_share_4q_avg": 19.14,
            "equity": 1664240,
            "current_ratio": 202.69,
            "debt_ratio": 49.81,
            "inventory_turnover_ratio": 0.08,
            "account_receivable_turnover_ratio": null,
            "reinvestment_rate": -15.5,
            "research_to_sale_ratio": null,
            "price_fair": 81.9,
            "eps_avg_yearly": 2.34,
            "eps_latest_yearly": 0.76,
            "eps_growth_yearly": 146.89
        },
        "20072": {
            "year_quarter": 20072,
            "year": 2007,
            "quarter": 2,
            "eps": 0.39,
            "eps_growth_year": -54.65,
            "eps_4q": 0.88,
            "eps_4q_growth_year": -75.73,
            "roe": 2.15,
            "roe_4q": 4.89,
            "gross_profit": 28094,
            "gross_margin": 21.9,
            "gross_margin_4q_avg": 17.45,
            "net_income": 35369,
            "revenue": 128297,
            "common_shares": 865598,
            "book_valuer_per_share": 18.7,
            "book_valuer_per_share_4q_avg": 19.05,
            "equity": 1618561,
            "current_ratio": 99.2,
            "debt_ratio": 62.83,
            "inventory_turnover_ratio": 0.09,
            "account_receivable_turnover_ratio": null,
            "reinvestment_rate": -18.13,
            "research_to_sale_ratio": null,
            "price_fair": 78.9,
            "eps_avg_yearly": 2.25,
            "eps_latest_yearly": 1.56,
            "eps_growth_yearly": 126.77
        },
        "20073": {
            "year_quarter": 20073,
            "year": 2007,
            "quarter": 3,
            "eps": 9.71,
            "eps_growth_year": 5010.53,
            "eps_4q": 10.41,
            "eps_4q_growth_year": 206.64,
            "roe": 42.72,
            "roe_4q": 46.57,
            "gross_profit": 23039,
            "gross_margin": 18.27,
            "gross_margin_4q_avg": 17.54,
            "net_income": 882938,
            "revenue": 126137,
            "common_shares": 908983,
            "book_valuer_per_share": 27.67,
            "book_valuer_per_share_4q_avg": 21.05,
            "equity": 2515021,
            "current_ratio": 762.85,
            "debt_ratio": 14.12,
            "inventory_turnover_ratio": 0.18,
            "account_receivable_turnover_ratio": null,
            "reinvestment_rate": -7.27,
            "research_to_sale_ratio": null,
            "price_fair": 169.5,
            "eps_avg_yearly": 4.84,
            "eps_latest_yearly": 38.84,
            "eps_growth_yearly": 811.21
        },
        "20074": {
            "year_quarter": 20074,
            "year": 2007,
            "quarter": 4,
            "eps": 0.46,
            "eps_growth_year": null,
            "eps_4q": 11.21,
            "eps_4q_growth_year": 351.84,
            "roe": 1.62,
            "roe_4q": 50.059999999999995,
            "gross_profit": 25207,
            "gross_margin": 16.84,
            "gross_margin_4q_avg": 18.66,
            "net_income": 41802,
            "revenue": 149723,
            "common_shares": 909093,
            "book_valuer_per_share": 28.29,
            "book_valuer_per_share_4q_avg": 23.47,
            "equity": 2639975,
            "current_ratio": 219.11,
            "debt_ratio": 28.48,
            "inventory_turnover_ratio": 0.45,
            "account_receivable_turnover_ratio": null,
            "reinvestment_rate": 13.93,
            "research_to_sale_ratio": null,
            "price_fair": 170.5,
            "eps_avg_yearly": 4.87,
            "eps_latest_yearly": 1.84,
            "eps_growth_yearly": 796.74
        },
        "20081": {
            "year_quarter": 20081,
            "year": 2008,
            "quarter": 1,
            "eps": 0.24,
            "eps_growth_year": -64.71,
            "eps_4q": 9.48,
            "eps_4q_growth_year": 593.59,
            "roe": 0.94,
            "roe_4q": 47.43,
            "gross_profit": 134736,
            "gross_margin": 20.18,
            "gross_margin_4q_avg": 19.3,
            "net_income": 24845,
            "revenue": 667827,
            "common_shares": 909093,
            "book_valuer_per_share": 28.13,
            "book_valuer_per_share_4q_avg": 25.7,
            "equity": 2628915,
            "current_ratio": 207.63,
            "debt_ratio": 29.9,
            "inventory_turnover_ratio": 1.11,
            "account_receivable_turnover_ratio": null,
            "reinvestment_rate": 62.86,
            "research_to_sale_ratio": null,
            "price_fair": 168.5,
            "eps_avg_yearly": 4.81,
            "eps_latest_yearly": 0.96,
            "eps_growth_yearly": 776.73
        },
        "20082": {
            "year_quarter": 20082,
            "year": 2008,
            "quarter": 2,
            "eps": -0.2,
            "eps_growth_year": -151.28,
            "eps_4q": 10.2,
            "eps_4q_growth_year": 1053.74,
            "roe": -0.59,
            "roe_4q": 44.69,
            "gross_profit": 164631,
            "gross_margin": 21.01,
            "gross_margin_4q_avg": 19.08,
            "net_income": -14286,
            "revenue": 783559,
            "common_shares": 909093,
            "book_valuer_per_share": 23.78,
            "book_valuer_per_share_4q_avg": 26.97,
            "equity": 2235125,
            "current_ratio": 139.1,
            "debt_ratio": 41.78,
            "inventory_turnover_ratio": 1.19,
            "account_receivable_turnover_ratio": null,
            "reinvestment_rate": 73.39,
            "research_to_sale_ratio": null,
            "price_fair": 171.12,
            "eps_avg_yearly": 4.89,
            "eps_latest_yearly": 0.96,
            "eps_growth_yearly": 800.11
        },
        "20083": {
            "year_quarter": 20083,
            "year": 2008,
            "quarter": 3,
            "eps": 0.39,
            "eps_growth_year": -95.98,
            "eps_4q": 0.82,
            "eps_4q_growth_year": -92.14,
            "roe": 1.67,
            "roe_4q": 3.64,
            "gross_profit": 115593,
            "gross_margin": 20.6,
            "gross_margin_4q_avg": 19.66,
            "net_income": 38326,
            "revenue": 561110,
            "common_shares": 909093,
            "book_valuer_per_share": 24.94,
            "book_valuer_per_share_4q_avg": 26.29,
            "equity": 2346533,
            "current_ratio": 150.69,
            "debt_ratio": 37.41,
            "inventory_turnover_ratio": 0.79,
            "account_receivable_turnover_ratio": null,
            "reinvestment_rate": 73.77,
            "research_to_sale_ratio": null,
            "price_fair": 184.33,
            "eps_avg_yearly": 5.27,
            "eps_latest_yearly": 0.96,
            "eps_growth_yearly": 897
        },
        "20084": {
            "year_quarter": 20084,
            "year": 2008,
            "quarter": 4,
            "eps": 0.43,
            "eps_growth_year": -6.52,
            "eps_4q": 0.81,
            "eps_4q_growth_year": -92.75,
            "roe": 1.73,
            "roe_4q": 3.75,
            "gross_profit": 140485,
            "gross_margin": 17.78,
            "gross_margin_4q_avg": 19.89,
            "net_income": 41261,
            "revenue": 790011,
            "common_shares": 909093,
            "book_valuer_per_share": 25.72,
            "book_valuer_per_share_4q_avg": 25.64,
            "equity": 2417484,
            "current_ratio": 147.36,
            "debt_ratio": 38.72,
            "inventory_turnover_ratio": 1.19,
            "account_receivable_turnover_ratio": 2.66,
            "reinvestment_rate": 26,
            "research_to_sale_ratio": null,
            "price_fair": 188.42,
            "eps_avg_yearly": 5.38,
            "eps_latest_yearly": 1.72,
            "eps_growth_yearly": 904.12
        },
        "20091": {
            "year_quarter": 20091,
            "year": 2009,
            "quarter": 1,
            "eps": 0.35,
            "eps_growth_year": 45.83,
            "eps_4q": 0.88,
            "eps_4q_growth_year": -90.72,
            "roe": 1.43,
            "roe_4q": 4.24,
            "gross_profit": 145734,
            "gross_margin": 22.01,
            "gross_margin_4q_avg": 20.35,
            "net_income": 35213,
            "revenue": 662202,
            "common_shares": 909093,
            "book_valuer_per_share": 26.57,
            "book_valuer_per_share_4q_avg": 25.25,
            "equity": 2498183,
            "current_ratio": 153.91,
            "debt_ratio": 36.99,
            "inventory_turnover_ratio": 1.03,
            "account_receivable_turnover_ratio": 1.18,
            "reinvestment_rate": 75.83,
            "research_to_sale_ratio": null,
            "price_fair": 188.88,
            "eps_avg_yearly": 5.4,
            "eps_latest_yearly": 1.4,
            "eps_growth_yearly": 802.09
        },
        "20092": {
            "year_quarter": 20092,
            "year": 2009,
            "quarter": 2,
            "eps": 0.44,
            "eps_growth_year": null,
            "eps_4q": 1.47,
            "eps_4q_growth_year": -85.61,
            "roe": 1.77,
            "roe_4q": 6.6,
            "gross_profit": 193906,
            "gross_margin": 26.47,
            "gross_margin_4q_avg": 21.72,
            "net_income": 44014,
            "revenue": 732466,
            "common_shares": 909093,
            "book_valuer_per_share": 26.28,
            "book_valuer_per_share_4q_avg": 25.88,
            "equity": 2476387,
            "current_ratio": 157.3,
            "debt_ratio": 38.64,
            "inventory_turnover_ratio": 1.12,
            "account_receivable_turnover_ratio": 1.32,
            "reinvestment_rate": 73.51,
            "research_to_sale_ratio": null,
            "price_fair": 186.43,
            "eps_avg_yearly": 5.33,
            "eps_latest_yearly": 1.76,
            "eps_growth_yearly": 774.1
        },
        "20093": {
            "year_quarter": 20093,
            "year": 2009,
            "quarter": 3,
            "eps": 0.54,
            "eps_growth_year": 38.46,
            "eps_4q": 1.55,
            "eps_4q_growth_year": 89.53,
            "roe": 2.24,
            "roe_4q": 7.17,
            "gross_profit": 208012,
            "gross_margin": 26.57,
            "gross_margin_4q_avg": 23.21,
            "net_income": 55727,
            "revenue": 782865,
            "common_shares": 909093,
            "book_valuer_per_share": 26.51,
            "book_valuer_per_share_4q_avg": 26.27,
            "equity": 2503388,
            "current_ratio": 163.93,
            "debt_ratio": 37.64,
            "inventory_turnover_ratio": 1.2,
            "account_receivable_turnover_ratio": 1.27,
            "reinvestment_rate": 70.61,
            "research_to_sale_ratio": null,
            "price_fair": 187.72,
            "eps_avg_yearly": 5.36,
            "eps_latest_yearly": 2.16,
            "eps_growth_yearly": 792.96
        },
        "20094": {
            "year_quarter": 20094,
            "year": 2009,
            "quarter": 4,
            "eps": 0.27,
            "eps_growth_year": -37.21,
            "eps_4q": 1.6,
            "eps_4q_growth_year": 97.27,
            "roe": 1.14,
            "roe_4q": 6.58,
            "gross_profit": 184245,
            "gross_margin": 26.85,
            "gross_margin_4q_avg": 25.48,
            "net_income": 28682,
            "revenue": 686268,
            "common_shares": 909093,
            "book_valuer_per_share": 26.69,
            "book_valuer_per_share_4q_avg": 26.51,
            "equity": 2523588,
            "current_ratio": 167.42,
            "debt_ratio": 36.76,
            "inventory_turnover_ratio": 1.02,
            "account_receivable_turnover_ratio": 2.15,
            "reinvestment_rate": 130.33,
            "research_to_sale_ratio": null,
            "price_fair": 184.22,
            "eps_avg_yearly": 5.26,
            "eps_latest_yearly": 1.08,
            "eps_growth_yearly": 765.44
        },
        "20101": {
            "year_quarter": 20101,
            "year": 2010,
            "quarter": 1,
            "eps": 0.57,
            "eps_growth_year": 62.86,
            "eps_4q": 1.76,
            "eps_4q_growth_year": 100.01,
            "roe": 2.03,
            "roe_4q": 7.18,
            "gross_profit": 187570,
            "gross_margin": 22.55,
            "gross_margin_4q_avg": 25.61,
            "net_income": 51592,
            "revenue": 831835,
            "common_shares": 909093,
            "book_valuer_per_share": 27.1,
            "book_valuer_per_share_4q_avg": 26.65,
            "equity": 2564500,
            "current_ratio": 163.06,
            "debt_ratio": 37.15,
            "inventory_turnover_ratio": 1.25,
            "account_receivable_turnover_ratio": 1.22,
            "reinvestment_rate": 215.66,
            "research_to_sale_ratio": 0.09,
            "price_fair": 168.58,
            "eps_avg_yearly": 4.82,
            "eps_latest_yearly": 2.28,
            "eps_growth_yearly": 724.11
        },
        "20102": {
            "year_quarter": 20102,
            "year": 2010,
            "quarter": 2,
            "eps": 0.57,
            "eps_growth_year": 30.09,
            "eps_4q": 1.83,
            "eps_4q_growth_year": 24.33,
            "roe": 2.33,
            "roe_4q": 7.739999999999999,
            "gross_profit": 200824,
            "gross_margin": 20.38,
            "gross_margin_4q_avg": 24.09,
            "net_income": 60448,
            "revenue": 985531,
            "common_shares": 909093,
            "book_valuer_per_share": 27.85,
            "book_valuer_per_share_4q_avg": 27.04,
            "equity": 2618184,
            "current_ratio": 150.28,
            "debt_ratio": 40.19,
            "inventory_turnover_ratio": 1.5,
            "account_receivable_turnover_ratio": 1.3,
            "reinvestment_rate": 88.07,
            "research_to_sale_ratio": 0.11,
            "price_fair": 165.2,
            "eps_avg_yearly": 4.72,
            "eps_latest_yearly": 2.28,
            "eps_growth_yearly": 742.44
        },
        "20103": {
            "year_quarter": 20103,
            "year": 2010,
            "quarter": 3,
            "eps": 0.52,
            "eps_growth_year": -3.55,
            "eps_4q": 1.84,
            "eps_4q_growth_year": 18.3,
            "roe": 2.09,
            "roe_4q": 7.589999999999999,
            "gross_profit": 198554,
            "gross_margin": 23.28,
            "gross_margin_4q_avg": 23.27,
            "net_income": 55076,
            "revenue": 852857,
            "common_shares": 959093,
            "book_valuer_per_share": 26.61,
            "book_valuer_per_share_4q_avg": 27.06,
            "equity": 2645882,
            "current_ratio": 135.81,
            "debt_ratio": 42.32,
            "inventory_turnover_ratio": 1.2,
            "account_receivable_turnover_ratio": 1.11,
            "reinvestment_rate": 239.82,
            "research_to_sale_ratio": 0.07,
            "price_fair": 169.05,
            "eps_avg_yearly": 4.83,
            "eps_latest_yearly": 2.08,
            "eps_growth_yearly": 765.48
        },
        "20104": {
            "year_quarter": 20104,
            "year": 2010,
            "quarter": 4,
            "eps": -0.08,
            "eps_growth_year": -129.02,
            "eps_4q": 1.5,
            "eps_4q_growth_year": -6.6,
            "roe": -0.16,
            "roe_4q": 6.289999999999999,
            "gross_profit": 157374,
            "gross_margin": 15.83,
            "gross_margin_4q_avg": 20.51,
            "net_income": -4018,
            "revenue": 994189,
            "common_shares": 959093,
            "book_valuer_per_share": 25.51,
            "book_valuer_per_share_4q_avg": 26.77,
            "equity": 2539871,
            "current_ratio": 143.88,
            "debt_ratio": 43.86,
            "inventory_turnover_ratio": 1.52,
            "account_receivable_turnover_ratio": 1.32,
            "reinvestment_rate": 162.48,
            "research_to_sale_ratio": 0.07,
            "price_fair": 169.05,
            "eps_avg_yearly": 4.83,
            "eps_latest_yearly": 2.08,
            "eps_growth_yearly": 765.48
        },
        "20111": {
            "year_quarter": 20111,
            "year": 2011,
            "quarter": 1,
            "eps": 0.69,
            "eps_growth_year": 21.05,
            "eps_4q": 1.66,
            "eps_4q_growth_year": -5.81,
            "roe": 2.57,
            "roe_4q": 6.83,
            "gross_profit": 210623,
            "gross_margin": 21.82,
            "gross_margin_4q_avg": 20.33,
            "net_income": 66399,
            "revenue": 965354,
            "common_shares": 959093,
            "book_valuer_per_share": 26.39,
            "book_valuer_per_share_4q_avg": 26.59,
            "equity": 2621349,
            "current_ratio": 140.76,
            "debt_ratio": 46.08,
            "inventory_turnover_ratio": 1.21,
            "account_receivable_turnover_ratio": 1.17,
            "reinvestment_rate": 233.59,
            "research_to_sale_ratio": 0.05,
            "price_fair": 169.05,
            "eps_avg_yearly": 4.83,
            "eps_latest_yearly": 2.08,
            "eps_growth_yearly": 765.48
        },
        "20112": {
            "year_quarter": 20112,
            "year": 2011,
            "quarter": 2,
            "eps": -0.02,
            "eps_growth_year": -104.28,
            "eps_4q": 1.06,
            "eps_4q_growth_year": -41.91,
            "roe": 0.03,
            "roe_4q": 4.529999999999999,
            "gross_profit": 161342,
            "gross_margin": 16.01,
            "gross_margin_4q_avg": 19.24,
            "net_income": 790,
            "revenue": 1007869,
            "common_shares": 959093,
            "book_valuer_per_share": 25.63,
            "book_valuer_per_share_4q_avg": 26.04,
            "equity": 2548734,
            "current_ratio": 138.69,
            "debt_ratio": 46.48,
            "inventory_turnover_ratio": 1.22,
            "account_receivable_turnover_ratio": 1.23,
            "reinvestment_rate": 98.95,
            "research_to_sale_ratio": 0.04,
            "price_fair": 179.45,
            "eps_avg_yearly": 5.13,
            "eps_latest_yearly": 2.08,
            "eps_growth_yearly": 850.58
        },
        "20113": {
            "year_quarter": 20113,
            "year": 2011,
            "quarter": 3,
            "eps": 0.61,
            "eps_growth_year": 17.13,
            "eps_4q": 1.15,
            "eps_4q_growth_year": -37.36,
            "roe": 2.34,
            "roe_4q": 4.779999999999999,
            "gross_profit": 166692,
            "gross_margin": 17,
            "gross_margin_4q_avg": 17.67,
            "net_income": 61910,
            "revenue": 980315,
            "common_shares": 959093,
            "book_valuer_per_share": 27.5,
            "book_valuer_per_share_4q_avg": 26.26,
            "equity": 2735291,
            "current_ratio": 146.72,
            "debt_ratio": 43.51,
            "inventory_turnover_ratio": 1.16,
            "account_receivable_turnover_ratio": 1.22,
            "reinvestment_rate": 642.71,
            "research_to_sale_ratio": 0.01,
            "price_fair": 5.27,
            "eps_avg_yearly": 1.76,
            "eps_latest_yearly": 2.08,
            "eps_growth_yearly": -20.26
        },
        "20114": {
            "year_quarter": 20114,
            "year": 2011,
            "quarter": 4,
            "eps": -0.68,
            "eps_growth_year": null,
            "eps_4q": 0.55,
            "eps_4q_growth_year": -63.41,
            "roe": -2.4,
            "roe_4q": 2.5399999999999996,
            "gross_profit": 76174,
            "gross_margin": 8.24,
            "gross_margin_4q_avg": 15.77,
            "net_income": -64760,
            "revenue": 924856,
            "common_shares": 959093,
            "book_valuer_per_share": 26.82,
            "book_valuer_per_share_4q_avg": 26.59,
            "equity": 2671607,
            "current_ratio": 143.03,
            "debt_ratio": 44.22,
            "inventory_turnover_ratio": 1.23,
            "account_receivable_turnover_ratio": 1.15,
            "reinvestment_rate": 527.99,
            "research_to_sale_ratio": 0.07,
            "price_fair": 52.09,
            "eps_avg_yearly": 1.75,
            "eps_latest_yearly": 2.08,
            "eps_growth_yearly": 19.83
        },
        "20121": {
            "year_quarter": 20121,
            "year": 2012,
            "quarter": 1,
            "eps": 0.2,
            "eps_growth_year": -71.01,
            "eps_4q": 0.08,
            "eps_4q_growth_year": -95.47,
            "roe": 0.71,
            "roe_4q": 0.6799999999999999,
            "gross_profit": 170658,
            "gross_margin": 16.54,
            "gross_margin_4q_avg": 14.45,
            "net_income": 18745,
            "revenue": 1031997,
            "common_shares": 959093,
            "book_valuer_per_share": 26.5,
            "book_valuer_per_share_4q_avg": 26.61,
            "equity": 2625894,
            "current_ratio": 144.11,
            "debt_ratio": 43.91,
            "inventory_turnover_ratio": 1.28,
            "account_receivable_turnover_ratio": 1.31,
            "reinvestment_rate": 528.98,
            "research_to_sale_ratio": 0.05,
            "price_fair": 64.58,
            "eps_avg_yearly": 1.85,
            "eps_latest_yearly": 2.08,
            "eps_growth_yearly": 46.22
        },
        "20122": {
            "year_quarter": 20122,
            "year": 2012,
            "quarter": 2,
            "eps": -0.06,
            "eps_growth_year": null,
            "eps_4q": 0.03,
            "eps_4q_growth_year": -96.86,
            "roe": -0.11,
            "roe_4q": 0.54,
            "gross_profit": 159483,
            "gross_margin": 16.64,
            "gross_margin_4q_avg": 14.61,
            "net_income": -2908,
            "revenue": 958628,
            "common_shares": 959093,
            "book_valuer_per_share": 26.37,
            "book_valuer_per_share_4q_avg": 26.8,
            "equity": 2615824,
            "current_ratio": 140.72,
            "debt_ratio": 44.56,
            "inventory_turnover_ratio": 1.26,
            "account_receivable_turnover_ratio": 1.19,
            "reinvestment_rate": 55.92,
            "research_to_sale_ratio": 0.06,
            "price_fair": 64.58,
            "eps_avg_yearly": 1.85,
            "eps_latest_yearly": 2.08,
            "eps_growth_yearly": 46.22
        },
        "20123": {
            "year_quarter": 20123,
            "year": 2012,
            "quarter": 3,
            "eps": 0.12,
            "eps_growth_year": -80.49,
            "eps_4q": -0.43,
            "eps_4q_growth_year": -137.27,
            "roe": 0.61,
            "roe_4q": -1.19,
            "gross_profit": 154818,
            "gross_margin": 17.34,
            "gross_margin_4q_avg": 14.69,
            "net_income": 15862,
            "revenue": 893067,
            "common_shares": 1007048,
            "book_valuer_per_share": 24.88,
            "book_valuer_per_share_4q_avg": 26.14,
            "equity": 2596971,
            "current_ratio": 141.28,
            "debt_ratio": 44.45,
            "inventory_turnover_ratio": 1.29,
            "account_receivable_turnover_ratio": 1.15,
            "reinvestment_rate": 524.27,
            "research_to_sale_ratio": 0.07,
            "price_fair": 64.58,
            "eps_avg_yearly": 1.85,
            "eps_latest_yearly": 2.08,
            "eps_growth_yearly": 46.22
        },
        "20124": {
            "year_quarter": 20124,
            "year": 2012,
            "quarter": 4,
            "eps": -0.16,
            "eps_growth_year": null,
            "eps_4q": 0.06,
            "eps_4q_growth_year": -88.83,
            "roe": -0.55,
            "roe_4q": 0.6599999999999999,
            "gross_profit": 113463,
            "gross_margin": 12.54,
            "gross_margin_4q_avg": 15.77,
            "net_income": -14258,
            "revenue": 904732,
            "common_shares": 1007048,
            "book_valuer_per_share": 24.69,
            "book_valuer_per_share_4q_avg": 25.61,
            "equity": 2579439,
            "current_ratio": 143.31,
            "debt_ratio": 42.45,
            "inventory_turnover_ratio": 1.52,
            "account_receivable_turnover_ratio": 1.33,
            "reinvestment_rate": 612.87,
            "research_to_sale_ratio": 0.04,
            "price_fair": 65.2,
            "eps_avg_yearly": 1.86,
            "eps_latest_yearly": 2.08,
            "eps_growth_yearly": 46.96
        },
        "20131": {
            "year_quarter": 20131,
            "year": 2013,
            "quarter": 1,
            "eps": 0.44,
            "eps_growth_year": 120,
            "eps_4q": 0.34,
            "eps_4q_growth_year": 348.52,
            "roe": 1.92,
            "roe_4q": 1.8699999999999999,
            "gross_profit": 168685,
            "gross_margin": 18.64,
            "gross_margin_4q_avg": 16.29,
            "net_income": 50493,
            "revenue": 904775,
            "common_shares": 1007048,
            "book_valuer_per_share": 25.72,
            "book_valuer_per_share_4q_avg": 25.42,
            "equity": 2678757,
            "current_ratio": 134.07,
            "debt_ratio": 41.18,
            "inventory_turnover_ratio": 1.44,
            "account_receivable_turnover_ratio": 1.37,
            "reinvestment_rate": 89.37,
            "research_to_sale_ratio": 0.12,
            "price_fair": 67.9,
            "eps_avg_yearly": 1.94,
            "eps_latest_yearly": 2.08,
            "eps_growth_yearly": 67.19
        },
        "20132": {
            "year_quarter": 20132,
            "year": 2013,
            "quarter": 2,
            "eps": 0.49,
            "eps_growth_year": null,
            "eps_4q": 0.89,
            "eps_4q_growth_year": 2563.9,
            "roe": 2.03,
            "roe_4q": 4.01,
            "gross_profit": 192282,
            "gross_margin": 18.35,
            "gross_margin_4q_avg": 16.72,
            "net_income": 54712,
            "revenue": 1047579,
            "common_shares": 1007048,
            "book_valuer_per_share": 26.13,
            "book_valuer_per_share_4q_avg": 25.36,
            "equity": 2722181,
            "current_ratio": 131.73,
            "debt_ratio": 42.17,
            "inventory_turnover_ratio": 1.6,
            "account_receivable_turnover_ratio": 1.42,
            "reinvestment_rate": 107.23,
            "research_to_sale_ratio": 0.05,
            "price_fair": 69.07,
            "eps_avg_yearly": 1.97,
            "eps_latest_yearly": 1.96,
            "eps_growth_yearly": 57.62
        },
        "20133": {
            "year_quarter": 20133,
            "year": 2013,
            "quarter": 3,
            "eps": 0.11,
            "eps_growth_year": -7.58,
            "eps_4q": 0.88,
            "eps_4q_growth_year": null,
            "roe": 0.62,
            "roe_4q": 4.0200000000000005,
            "gross_profit": 159817,
            "gross_margin": 16.87,
            "gross_margin_4q_avg": 16.6,
            "net_income": 16902,
            "revenue": 947240,
            "common_shares": 1007048,
            "book_valuer_per_share": 26.07,
            "book_valuer_per_share_4q_avg": 25.65,
            "equity": 2719639,
            "current_ratio": 132.61,
            "debt_ratio": 41.62,
            "inventory_turnover_ratio": 1.43,
            "account_receivable_turnover_ratio": 1.31,
            "reinvestment_rate": 128.42,
            "research_to_sale_ratio": 0.07,
            "price_fair": 5.06,
            "eps_avg_yearly": 1.69,
            "eps_latest_yearly": 0.44,
            "eps_growth_yearly": -9.23
        },
        "20134": {
            "year_quarter": 20134,
            "year": 2013,
            "quarter": 4,
            "eps": 0.01,
            "eps_growth_year": null,
            "eps_4q": 1.05,
            "eps_4q_growth_year": 1610.19,
            "roe": 0.17,
            "roe_4q": 4.74,
            "gross_profit": 154845,
            "gross_margin": 14.62,
            "gross_margin_4q_avg": 17.12,
            "net_income": 4546,
            "revenue": 1059029,
            "common_shares": 1007048,
            "book_valuer_per_share": 26.21,
            "book_valuer_per_share_4q_avg": 26.03,
            "equity": 2733936,
            "current_ratio": 139.5,
            "debt_ratio": 43.16,
            "inventory_turnover_ratio": 1.6,
            "account_receivable_turnover_ratio": 1.44,
            "reinvestment_rate": -400.54,
            "research_to_sale_ratio": 0.02,
            "price_fair": 4.54,
            "eps_avg_yearly": 1.51,
            "eps_latest_yearly": 0.04,
            "eps_growth_yearly": -36.5
        },
        "20141": {
            "year_quarter": 20141,
            "year": 2014,
            "quarter": 1,
            "eps": 0.46,
            "eps_growth_year": 4.55,
            "eps_4q": 1.07,
            "eps_4q_growth_year": 216.94,
            "roe": 1.9,
            "roe_4q": 4.72,
            "gross_profit": 200379,
            "gross_margin": 19.82,
            "gross_margin_4q_avg": 17.42,
            "net_income": 52647,
            "revenue": 1010776,
            "common_shares": 1007048,
            "book_valuer_per_share": 27.12,
            "book_valuer_per_share_4q_avg": 26.38,
            "equity": 2821462,
            "current_ratio": 182.12,
            "debt_ratio": 40.57,
            "inventory_turnover_ratio": 1.42,
            "account_receivable_turnover_ratio": 1.36,
            "reinvestment_rate": -400.31,
            "research_to_sale_ratio": 0.03,
            "price_fair": 50.4,
            "eps_avg_yearly": 1.44,
            "eps_latest_yearly": 1.84,
            "eps_growth_yearly": 2889.42
        },
        "20142": {
            "year_quarter": 20142,
            "year": 2014,
            "quarter": 2,
            "eps": 0.36,
            "eps_growth_year": -26.53,
            "eps_4q": 0.92,
            "eps_4q_growth_year": 3.15,
            "roe": 1.46,
            "roe_4q": 4.1499999999999995,
            "gross_profit": 249587,
            "gross_margin": 21.6,
            "gross_margin_4q_avg": 18.23,
            "net_income": 41531,
            "revenue": 1155528,
            "common_shares": 1038880,
            "book_valuer_per_share": 26.66,
            "book_valuer_per_share_4q_avg": 26.52,
            "equity": 2862738,
            "current_ratio": 169.25,
            "debt_ratio": 41.33,
            "inventory_turnover_ratio": 1.59,
            "account_receivable_turnover_ratio": 1.52,
            "reinvestment_rate": 177.96,
            "research_to_sale_ratio": 0.04,
            "price_fair": 45.5,
            "eps_avg_yearly": 1.3,
            "eps_latest_yearly": 1.44,
            "eps_growth_yearly": 2874.93
        },
        "20143": {
            "year_quarter": 20143,
            "year": 2014,
            "quarter": 3,
            "eps": 0.18,
            "eps_growth_year": 63.64,
            "eps_4q": 0.97,
            "eps_4q_growth_year": 10.26,
            "roe": 0.83,
            "roe_4q": 4.359999999999999,
            "gross_profit": 175716,
            "gross_margin": 17.34,
            "gross_margin_4q_avg": 18.35,
            "net_income": 24206,
            "revenue": 1013291,
            "common_shares": 1055175,
            "book_valuer_per_share": 27.08,
            "book_valuer_per_share_4q_avg": 26.77,
            "equity": 2957289,
            "current_ratio": 156.65,
            "debt_ratio": 41.57,
            "inventory_turnover_ratio": 1.46,
            "account_receivable_turnover_ratio": 1.38,
            "reinvestment_rate": -609.52,
            "research_to_sale_ratio": 0.17,
            "price_fair": 37.57,
            "eps_avg_yearly": 1.07,
            "eps_latest_yearly": 0.72,
            "eps_growth_yearly": 2847.44
        },
        "20144": {
            "year_quarter": 20144,
            "year": 2014,
            "quarter": 4,
            "eps": 0.13,
            "eps_growth_year": 2254.94,
            "eps_4q": 1.09,
            "eps_4q_growth_year": 4.26,
            "roe": 0.59,
            "roe_4q": 4.779999999999999,
            "gross_profit": 140901,
            "gross_margin": 14.65,
            "gross_margin_4q_avg": 18.35,
            "net_income": 17836,
            "revenue": 961575,
            "common_shares": 1057964,
            "book_valuer_per_share": 27.86,
            "book_valuer_per_share_4q_avg": 27.18,
            "equity": 3053618,
            "current_ratio": 151.53,
            "debt_ratio": 41.84,
            "inventory_turnover_ratio": 1.4,
            "account_receivable_turnover_ratio": 1.35,
            "reinvestment_rate": -428.64,
            "research_to_sale_ratio": 0.15,
            "price_fair": 34.8,
            "eps_avg_yearly": 0.99,
            "eps_latest_yearly": 0.52,
            "eps_growth_yearly": 2424.79
        },
        "20151": {
            "year_quarter": 20151,
            "year": 2015,
            "quarter": 1,
            "eps": 0.4,
            "eps_growth_year": -13.04,
            "eps_4q": 1.05,
            "eps_4q_growth_year": -1.29,
            "roe": 1.6,
            "roe_4q": 4.48,
            "gross_profit": 233308,
            "gross_margin": 25.04,
            "gross_margin_4q_avg": 19.66,
            "net_income": 49156,
            "revenue": 931870,
            "common_shares": 1061350,
            "book_valuer_per_share": 28.03,
            "book_valuer_per_share_4q_avg": 27.41,
            "equity": 3078296,
            "current_ratio": 148.44,
            "debt_ratio": 43.36,
            "inventory_turnover_ratio": 1.09,
            "account_receivable_turnover_ratio": 1.26,
            "reinvestment_rate": -520.53,
            "research_to_sale_ratio": 0.26,
            "price_fair": 37.45,
            "eps_avg_yearly": 1.07,
            "eps_latest_yearly": 1.6,
            "eps_growth_yearly": 2225.54
        },
        "20152": {
            "year_quarter": 20152,
            "year": 2015,
            "quarter": 2,
            "eps": 0.37,
            "eps_growth_year": 2.78,
            "eps_4q": 1.07,
            "eps_4q_growth_year": 16.29,
            "roe": 1.34,
            "roe_4q": 4.36,
            "gross_profit": 261347,
            "gross_margin": 23.88,
            "gross_margin_4q_avg": 20.23,
            "net_income": 41187,
            "revenue": 1094256,
            "common_shares": 1074099,
            "book_valuer_per_share": 27.76,
            "book_valuer_per_share_4q_avg": 27.68,
            "equity": 3080702,
            "current_ratio": 146.76,
            "debt_ratio": 43.09,
            "inventory_turnover_ratio": 1.25,
            "account_receivable_turnover_ratio": 1.46,
            "reinvestment_rate": 189.45,
            "research_to_sale_ratio": 0.31,
            "price_fair": 39.04,
            "eps_avg_yearly": 1.12,
            "eps_latest_yearly": 1.48,
            "eps_growth_yearly": 1974.92
        },
        "20153": {
            "year_quarter": 20153,
            "year": 2015,
            "quarter": 3,
            "eps": 0.16,
            "eps_growth_year": -11.11,
            "eps_4q": 1.04,
            "eps_4q_growth_year": 6.71,
            "roe": 0.58,
            "roe_4q": 4.11,
            "gross_profit": 192682,
            "gross_margin": 20.17,
            "gross_margin_4q_avg": 20.94,
            "net_income": 18321,
            "revenue": 955075,
            "common_shares": 1085732,
            "book_valuer_per_share": 28.41,
            "book_valuer_per_share_4q_avg": 28.02,
            "equity": 3182883,
            "current_ratio": 154.08,
            "debt_ratio": 40.39,
            "inventory_turnover_ratio": 1.23,
            "account_receivable_turnover_ratio": 1.27,
            "reinvestment_rate": -563.72,
            "research_to_sale_ratio": 0.3,
            "price_fair": 37.38,
            "eps_avg_yearly": 1.07,
            "eps_latest_yearly": 0.64,
            "eps_growth_yearly": 1754.73
        },
        "20154": {
            "year_quarter": 20154,
            "year": 2015,
            "quarter": 4,
            "eps": -0.31,
            "eps_growth_year": -344.57,
            "eps_4q": 0.61,
            "eps_4q_growth_year": -44.07,
            "roe": -1.01,
            "roe_4q": 2.5100000000000002,
            "gross_profit": 181270,
            "gross_margin": 20.7,
            "gross_margin_4q_avg": 22.45,
            "net_income": -31858,
            "revenue": 875796,
            "common_shares": 1087087,
            "book_valuer_per_share": 27.79,
            "book_valuer_per_share_4q_avg": 28,
            "equity": 3121823,
            "current_ratio": 133.74,
            "debt_ratio": 41.06,
            "inventory_turnover_ratio": 1.2,
            "account_receivable_turnover_ratio": 1.2,
            "reinvestment_rate": -449.46,
            "research_to_sale_ratio": 3.48,
            "price_fair": 37.38,
            "eps_avg_yearly": 1.07,
            "eps_latest_yearly": 0.64,
            "eps_growth_yearly": 1754.73
        },
        "20161": {
            "year_quarter": 20161,
            "year": 2016,
            "quarter": 1,
            "eps": 0.36,
            "eps_growth_year": -10,
            "eps_4q": 0.58,
            "eps_4q_growth_year": -45.05,
            "roe": 1.32,
            "roe_4q": 2.23,
            "gross_profit": 234757,
            "gross_margin": 25.68,
            "gross_margin_4q_avg": 22.61,
            "net_income": 41195,
            "revenue": 914128,
            "common_shares": 1091071,
            "book_valuer_per_share": 27.9,
            "book_valuer_per_share_4q_avg": 27.97,
            "equity": 3132537,
            "current_ratio": 125.85,
            "debt_ratio": 40.62,
            "inventory_turnover_ratio": 1.21,
            "account_receivable_turnover_ratio": 1.31,
            "reinvestment_rate": -406.06,
            "research_to_sale_ratio": 1.23,
            "price_fair": 37.38,
            "eps_avg_yearly": 1.07,
            "eps_latest_yearly": 0.64,
            "eps_growth_yearly": 1754.73
        },
        "20162": {
            "year_quarter": 20162,
            "year": 2016,
            "quarter": 2,
            "eps": 0.41,
            "eps_growth_year": 10.81,
            "eps_4q": 0.63,
            "eps_4q_growth_year": -41,
            "roe": 1.47,
            "roe_4q": 2.36,
            "gross_profit": 264859,
            "gross_margin": 27.04,
            "gross_margin_4q_avg": 23.4,
            "net_income": 45833,
            "revenue": 979487,
            "common_shares": 1091071,
            "book_valuer_per_share": 27.77,
            "book_valuer_per_share_4q_avg": 27.97,
            "equity": 3120490,
            "current_ratio": 125.26,
            "debt_ratio": 40.8,
            "inventory_turnover_ratio": 1.31,
            "account_receivable_turnover_ratio": 1.4,
            "reinvestment_rate": 167.53,
            "research_to_sale_ratio": 1.42,
            "price_fair": 39.2,
            "eps_avg_yearly": 1.12,
            "eps_latest_yearly": 1.64,
            "eps_growth_yearly": 1600.26
        },
        "20163": {
            "year_quarter": 20163,
            "year": 2016,
            "quarter": 3,
            "eps": 0.02,
            "eps_growth_year": -87.5,
            "eps_4q": 0.49,
            "eps_4q_growth_year": -53.22,
            "roe": 0.19,
            "roe_4q": 1.97,
            "gross_profit": 189624,
            "gross_margin": 23.87,
            "gross_margin_4q_avg": 24.32,
            "net_income": 5970,
            "revenue": 794464,
            "common_shares": 1091071,
            "book_valuer_per_share": 27.28,
            "book_valuer_per_share_4q_avg": 27.69,
            "equity": 3069835,
            "current_ratio": 123.77,
            "debt_ratio": 41.45,
            "inventory_turnover_ratio": 1.18,
            "account_receivable_turnover_ratio": 1.16,
            "reinvestment_rate": -371.16,
            "research_to_sale_ratio": 1.91,
            "price_fair": 36.17,
            "eps_avg_yearly": 1.03,
            "eps_latest_yearly": 0.08,
            "eps_growth_yearly": 1435.2
        },
        "20164": {
            "year_quarter": 20164,
            "year": 2016,
            "quarter": 4,
            "eps": -0.12,
            "eps_growth_year": null,
            "eps_4q": 0.67,
            "eps_4q_growth_year": 10.2,
            "roe": -0.28,
            "roe_4q": 2.7,
            "gross_profit": 209481,
            "gross_margin": 24.85,
            "gross_margin_4q_avg": 25.36,
            "net_income": -8563,
            "revenue": 843052,
            "common_shares": 1091071,
            "book_valuer_per_share": 27.27,
            "book_valuer_per_share_4q_avg": 27.56,
            "equity": 3071716,
            "current_ratio": 136.07,
            "debt_ratio": 41.64,
            "inventory_turnover_ratio": 1.22,
            "account_receivable_turnover_ratio": 1.19,
            "reinvestment_rate": -377.85,
            "research_to_sale_ratio": 1.96,
            "price_fair": 36.17,
            "eps_avg_yearly": 1.03,
            "eps_latest_yearly": 0.08,
            "eps_growth_yearly": 1435.2
        },
        "20171": {
            "year_quarter": 20171,
            "year": 2017,
            "quarter": 1,
            "eps": 0.11,
            "eps_growth_year": -69.44,
            "eps_4q": 0.42,
            "eps_4q_growth_year": -26.89,
            "roe": 0.47,
            "roe_4q": 1.8499999999999999,
            "gross_profit": 204349,
            "gross_margin": 24.93,
            "gross_margin_4q_avg": 25.17,
            "net_income": 14205,
            "revenue": 819588,
            "common_shares": 1091071,
            "book_valuer_per_share": 26.52,
            "book_valuer_per_share_4q_avg": 27.21,
            "equity": 2977919,
            "current_ratio": 133.9,
            "debt_ratio": 41.64,
            "inventory_turnover_ratio": 1.17,
            "account_receivable_turnover_ratio": 1.12,
            "reinvestment_rate": 98.42,
            "research_to_sale_ratio": 1.97,
            "price_fair": 36.17,
            "eps_avg_yearly": 1.03,
            "eps_latest_yearly": 0.08,
            "eps_growth_yearly": 1435.2
        },
        "20172": {
            "year_quarter": 20172,
            "year": 2017,
            "quarter": 2,
            "eps": 0.36,
            "eps_growth_year": -12.2,
            "eps_4q": 0.37,
            "eps_4q_growth_year": -41.06,
            "roe": 1.35,
            "roe_4q": 1.73,
            "gross_profit": 217300,
            "gross_margin": 24.34,
            "gross_margin_4q_avg": 24.5,
            "net_income": 40553,
            "revenue": 892917,
            "common_shares": 1091071,
            "book_valuer_per_share": 26.81,
            "book_valuer_per_share_4q_avg": 26.97,
            "equity": 3014111,
            "current_ratio": 128.28,
            "debt_ratio": 42.84,
            "inventory_turnover_ratio": 1.36,
            "account_receivable_turnover_ratio": 1.25,
            "reinvestment_rate": 103.2,
            "research_to_sale_ratio": 1.91,
            "price_fair": 34.65,
            "eps_avg_yearly": 0.99,
            "eps_latest_yearly": 1.44,
            "eps_growth_yearly": 1507.17
        },
        "20173": {
            "year_quarter": 20173,
            "year": 2017,
            "quarter": 3,
            "eps": 0.04,
            "eps_growth_year": 100,
            "eps_4q": 0.39,
            "eps_4q_growth_year": -19.5,
            "roe": 0.24,
            "roe_4q": 1.78,
            "gross_profit": 175775,
            "gross_margin": 22.3,
            "gross_margin_4q_avg": 24.11,
            "net_income": 7181,
            "revenue": 788289,
            "common_shares": 1091071,
            "book_valuer_per_share": 26.99,
            "book_valuer_per_share_4q_avg": 26.9,
            "equity": 3037504,
            "current_ratio": 130.76,
            "debt_ratio": 42.34,
            "inventory_turnover_ratio": 1.24,
            "account_receivable_turnover_ratio": 1.11,
            "reinvestment_rate": 102.83,
            "research_to_sale_ratio": 2.39,
            "price_fair": 33.83,
            "eps_avg_yearly": 0.97,
            "eps_latest_yearly": 0.16,
            "eps_growth_yearly": 1503.39
        },
        "20174": {
            "year_quarter": 20174,
            "year": 2017,
            "quarter": 4,
            "eps": -0.07,
            "eps_growth_year": null,
            "eps_4q": 0.44,
            "eps_4q_growth_year": -34.99,
            "roe": -0.22,
            "roe_4q": 1.84,
            "gross_profit": 127640,
            "gross_margin": 16.96,
            "gross_margin_4q_avg": 22.13,
            "net_income": -6720,
            "revenue": 752804,
            "common_shares": 1091071,
            "book_valuer_per_share": 26.83,
            "book_valuer_per_share_4q_avg": 26.79,
            "equity": 3006649,
            "current_ratio": 129.4,
            "debt_ratio": 42.63,
            "inventory_turnover_ratio": 1.19,
            "account_receivable_turnover_ratio": 1.11,
            "reinvestment_rate": 64.37,
            "research_to_sale_ratio": 2.5,
            "price_fair": 36.78,
            "eps_avg_yearly": 1.05,
            "eps_latest_yearly": 0.16,
            "eps_growth_yearly": 1673.12
        },
        "20181": {
            "year_quarter": 20181,
            "year": 2018,
            "quarter": 1,
            "eps": 0.1,
            "eps_growth_year": -9.09,
            "eps_4q": 0.43,
            "eps_4q_growth_year": 0.99,
            "roe": 0.47,
            "roe_4q": 1.84,
            "gross_profit": 184271,
            "gross_margin": 22.7,
            "gross_margin_4q_avg": 21.58,
            "net_income": 14218,
            "revenue": 811740,
            "common_shares": 1091071,
            "book_valuer_per_share": 27.01,
            "book_valuer_per_share_4q_avg": 26.91,
            "equity": 3017522,
            "current_ratio": 130.59,
            "debt_ratio": 42.95,
            "inventory_turnover_ratio": 1.11,
            "account_receivable_turnover_ratio": 1.16,
            "reinvestment_rate": 49.68,
            "research_to_sale_ratio": 2.46,
            "price_fair": 34.02,
            "eps_avg_yearly": 0.97,
            "eps_latest_yearly": 0.16,
            "eps_growth_yearly": 40.43
        },
        "20182": {
            "year_quarter": 20182,
            "year": 2018,
            "quarter": 2,
            "eps": 0.37,
            "eps_growth_year": 2.78,
            "eps_4q": 0.44,
            "eps_4q_growth_year": 18.02,
            "roe": 1.49,
            "roe_4q": 1.98,
            "gross_profit": 222921,
            "gross_margin": 24.11,
            "gross_margin_4q_avg": 21.52,
            "net_income": 44998,
            "revenue": 924770,
            "common_shares": 1091071,
            "book_valuer_per_share": 27.16,
            "book_valuer_per_share_4q_avg": 27,
            "equity": 3037163,
            "current_ratio": 131.34,
            "debt_ratio": 44.03,
            "inventory_turnover_ratio": 1.18,
            "account_receivable_turnover_ratio": 1.24,
            "reinvestment_rate": 31.71,
            "research_to_sale_ratio": 2.4,
            "price_fair": 34.16,
            "eps_avg_yearly": 0.98,
            "eps_latest_yearly": 1.48,
            "eps_growth_yearly": 157.12
        },
        "20183": {
            "year_quarter": 20183,
            "year": 2018,
            "quarter": 3,
            "eps": -0.3,
            "eps_growth_year": -850,
            "eps_4q": 0.09,
            "eps_4q_growth_year": -76.5,
            "roe": -0.98,
            "roe_4q": 0.76,
            "gross_profit": 139627,
            "gross_margin": 17.84,
            "gross_margin_4q_avg": 20.4,
            "net_income": -29589,
            "revenue": 782591,
            "common_shares": 1091071,
            "book_valuer_per_share": 26.5,
            "book_valuer_per_share_4q_avg": 26.88,
            "equity": 2971095,
            "current_ratio": 129.44,
            "debt_ratio": 43.55,
            "inventory_turnover_ratio": 1.06,
            "account_receivable_turnover_ratio": 1.1,
            "reinvestment_rate": 30.64,
            "research_to_sale_ratio": 1.56,
            "price_fair": 35.16,
            "eps_avg_yearly": 1,
            "eps_latest_yearly": 1.48,
            "eps_growth_yearly": 196.8
        },
        "20184": {
            "year_quarter": 20184,
            "year": 2018,
            "quarter": 4,
            "eps": -0.16,
            "eps_growth_year": null,
            "eps_4q": 0.01,
            "eps_4q_growth_year": -98.34,
            "roe": -0.4,
            "roe_4q": 0.5800000000000001,
            "gross_profit": 113795,
            "gross_margin": 16.6,
            "gross_margin_4q_avg": 20.31,
            "net_income": -11979,
            "revenue": 685550,
            "common_shares": 1091071,
            "book_valuer_per_share": 26.46,
            "book_valuer_per_share_4q_avg": 26.78,
            "equity": 2971868,
            "current_ratio": 121.3,
            "debt_ratio": 41.08,
            "inventory_turnover_ratio": 0.97,
            "account_receivable_turnover_ratio": 1.07,
            "reinvestment_rate": -95.35,
            "research_to_sale_ratio": 2.48,
            "price_fair": 37.28,
            "eps_avg_yearly": 1.07,
            "eps_latest_yearly": 1.48,
            "eps_growth_yearly": 235.29
        },
        "20191": {
            "year_quarter": 20191,
            "year": 2019,
            "quarter": 1,
            "eps": 0.21,
            "eps_growth_year": 110,
            "eps_4q": 0.12,
            "eps_4q_growth_year": -72.07,
            "roe": 0.93,
            "roe_4q": 1.04,
            "gross_profit": 199062,
            "gross_margin": 24.81,
            "gross_margin_4q_avg": 20.84,
            "net_income": 27736,
            "revenue": 802280,
            "common_shares": 1091071,
            "book_valuer_per_share": 26.92,
            "book_valuer_per_share_4q_avg": 26.76,
            "equity": 3004495,
            "current_ratio": 119.9,
            "debt_ratio": 43.01,
            "inventory_turnover_ratio": 1.06,
            "account_receivable_turnover_ratio": 1.24,
            "reinvestment_rate": -68.51,
            "research_to_sale_ratio": 1.92,
            "price_fair": 34.6,
            "eps_avg_yearly": 0.99,
            "eps_latest_yearly": 1.48,
            "eps_growth_yearly": 150.23
        },
        "20192": {
            "year_quarter": 20192,
            "year": 2019,
            "quarter": 2,
            "eps": 0.1,
            "eps_growth_year": -72.97,
            "eps_4q": -0.15,
            "eps_4q_growth_year": -133.65,
            "roe": 0.5,
            "roe_4q": 0.050000000000000266,
            "gross_profit": 204087,
            "gross_margin": 25.33,
            "gross_margin_4q_avg": 21.15,
            "net_income": 14965,
            "revenue": 805819,
            "common_shares": 1091071,
            "book_valuer_per_share": 26.99,
            "book_valuer_per_share_4q_avg": 26.72,
            "equity": 3019435,
            "current_ratio": 129.8,
            "debt_ratio": 43.7,
            "inventory_turnover_ratio": 1.1,
            "account_receivable_turnover_ratio": 1.23,
            "reinvestment_rate": -83.56,
            "research_to_sale_ratio": 2.28,
            "price_fair": 29.2,
            "eps_avg_yearly": 0.83,
            "eps_latest_yearly": 0.4,
            "eps_growth_yearly": 124.58
        },
        "20193": {
            "year_quarter": 20193,
            "year": 2019,
            "quarter": 3,
            "eps": -0.3,
            "eps_growth_year": null,
            "eps_4q": -0.14,
            "eps_4q_growth_year": -252.18,
            "roe": -0.88,
            "roe_4q": 0.15000000000000002,
            "gross_profit": 136929,
            "gross_margin": 21.77,
            "gross_margin_4q_avg": 22.13,
            "net_income": -26384,
            "revenue": 628996,
            "common_shares": 1091071,
            "book_valuer_per_share": 26.45,
            "book_valuer_per_share_4q_avg": 26.71,
            "equity": 2966993,
            "current_ratio": 135.17,
            "debt_ratio": 42.96,
            "inventory_turnover_ratio": 0.95,
            "account_receivable_turnover_ratio": 1.06,
            "reinvestment_rate": -235.11,
            "research_to_sale_ratio": 2.33,
            "price_fair": 30.33,
            "eps_avg_yearly": 0.87,
            "eps_latest_yearly": 0.4,
            "eps_growth_yearly": 183.18
        },
        "20194": {
            "year_quarter": 20194,
            "year": 2019,
            "quarter": 4,
            "eps": -0.47,
            "eps_growth_year": null,
            "eps_4q": -0.45,
            "eps_4q_growth_year": -6349.38,
            "roe": -1.93,
            "roe_4q": -1.38,
            "gross_profit": 91065,
            "gross_margin": 14.89,
            "gross_margin_4q_avg": 21.7,
            "net_income": -56335,
            "revenue": 611636,
            "common_shares": 1091071,
            "book_valuer_per_share": 25.63,
            "book_valuer_per_share_4q_avg": 26.5,
            "equity": 2872559,
            "current_ratio": 150.76,
            "debt_ratio": 43.59,
            "inventory_turnover_ratio": 1,
            "account_receivable_turnover_ratio": 1.18,
            "reinvestment_rate": -350.41,
            "research_to_sale_ratio": 3.12,
            "price_fair": 30.33,
            "eps_avg_yearly": 0.87,
            "eps_latest_yearly": 0.4,
            "eps_growth_yearly": 183.18
        },
        "20201": {
            "year_quarter": 20201,
            "year": 2020,
            "quarter": 1,
            "eps": 0.34,
            "eps_growth_year": 61.9,
            "eps_4q": -0.33,
            "eps_4q_growth_year": -375.29,
            "roe": 1.43,
            "roe_4q": -0.8799999999999999,
            "gross_profit": 182757,
            "gross_margin": 29.93,
            "gross_margin_4q_avg": 22.98,
            "net_income": 41056,
            "revenue": 610527,
            "common_shares": 1091071,
            "book_valuer_per_share": 25.81,
            "book_valuer_per_share_4q_avg": 26.22,
            "equity": 2875058,
            "current_ratio": 157.6,
            "debt_ratio": 42.27,
            "inventory_turnover_ratio": 0.78,
            "account_receivable_turnover_ratio": 1.29,
            "reinvestment_rate": -375.09,
            "research_to_sale_ratio": 2.43,
            "price_fair": 30.33,
            "eps_avg_yearly": 0.87,
            "eps_latest_yearly": 0.4,
            "eps_growth_yearly": 183.18
        },
        "20202": {
            "year_quarter": 20202,
            "year": 2020,
            "quarter": 2,
            "eps": 0.07,
            "eps_growth_year": -30,
            "eps_4q": -0.36,
            "eps_4q_growth_year": null,
            "roe": 0.35,
            "roe_4q": -1.0300000000000002,
            "gross_profit": 172037,
            "gross_margin": 29.65,
            "gross_margin_4q_avg": 24.06,
            "net_income": 10054,
            "revenue": 580143,
            "common_shares": 1091071,
            "book_valuer_per_share": 25.7,
            "book_valuer_per_share_4q_avg": 25.9,
            "equity": 2868955,
            "current_ratio": 172.93,
            "debt_ratio": 43.4,
            "inventory_turnover_ratio": 0.76,
            "account_receivable_turnover_ratio": 1.36,
            "reinvestment_rate": -736.27,
            "research_to_sale_ratio": 3.03,
            "price_fair": 22.4,
            "eps_avg_yearly": 0.64,
            "eps_latest_yearly": 0.28,
            "eps_growth_yearly": 120.98
        },
        "20203": {
            "year_quarter": 20203,
            "year": 2020,
            "quarter": 3,
            "eps": 0.4,
            "eps_growth_year": null,
            "eps_4q": 0.34,
            "eps_4q_growth_year": null,
            "roe": 1.65,
            "roe_4q": 1.4999999999999998,
            "gross_profit": 151141,
            "gross_margin": 25.56,
            "gross_margin_4q_avg": 25.01,
            "net_income": 47572,
            "revenue": 591410,
            "common_shares": 1091071,
            "book_valuer_per_share": 26.09,
            "book_valuer_per_share_4q_avg": 25.81,
            "equity": 2911744,
            "current_ratio": 177.02,
            "debt_ratio": 42.95,
            "inventory_turnover_ratio": 0.9,
            "account_receivable_turnover_ratio": 1.48,
            "reinvestment_rate": -242.96,
            "research_to_sale_ratio": 1.93,
            "price_fair": 31.27,
            "eps_avg_yearly": 0.89,
            "eps_latest_yearly": 1.6,
            "eps_growth_yearly": 498.68
        },
        "20204": {
            "year_quarter": 20204,
            "year": 2020,
            "quarter": 4,
            "eps": -0.12,
            "eps_growth_year": null,
            "eps_4q": 0.69,
            "eps_4q_growth_year": null,
            "roe": -0.29,
            "roe_4q": 3.1399999999999997,
            "gross_profit": 125115,
            "gross_margin": 22.12,
            "gross_margin_4q_avg": 26.82,
            "net_income": -8316,
            "revenue": 565724,
            "common_shares": 1091071,
            "book_valuer_per_share": 26.05,
            "book_valuer_per_share_4q_avg": 25.91,
            "equity": 2916598,
            "current_ratio": 197.66,
            "debt_ratio": 42.01,
            "inventory_turnover_ratio": 0.88,
            "account_receivable_turnover_ratio": 1.4,
            "reinvestment_rate": -152.83,
            "research_to_sale_ratio": 2.49,
            "price_fair": 31.27,
            "eps_avg_yearly": 0.89,
            "eps_latest_yearly": 1.6,
            "eps_growth_yearly": 498.68
        },
        "20211": {
            "year_quarter": 20211,
            "year": 2021,
            "quarter": 1,
            "eps": 0.38,
            "eps_growth_year": 11.76,
            "eps_4q": 0.74,
            "eps_4q_growth_year": null,
            "roe": 1.63,
            "roe_4q": 3.34,
            "gross_profit": 201290,
            "gross_margin": 28.47,
            "gross_margin_4q_avg": 26.45,
            "net_income": 47388,
            "revenue": 706949,
            "common_shares": 1091071,
            "book_valuer_per_share": 25.95,
            "book_valuer_per_share_4q_avg": 25.95,
            "equity": 2893825,
            "current_ratio": 214.41,
            "debt_ratio": 43.01,
            "inventory_turnover_ratio": 0.91,
            "account_receivable_turnover_ratio": 1.63,
            "reinvestment_rate": -32.96,
            "research_to_sale_ratio": 1.82,
            "price_fair": 31.27,
            "eps_avg_yearly": 0.89,
            "eps_latest_yearly": 1.6,
            "eps_growth_yearly": 498.68
        },
        "20212": {
            "year_quarter": 20212,
            "year": 2021,
            "quarter": 2,
            "eps": 0.24,
            "eps_growth_year": 242.86,
            "eps_4q": 0.91,
            "eps_4q_growth_year": null,
            "roe": 1.06,
            "roe_4q": 4.05,
            "gross_profit": 224932,
            "gross_margin": 29.26,
            "gross_margin_4q_avg": 26.35,
            "net_income": 30836,
            "revenue": 768826,
            "common_shares": 1091071,
            "book_valuer_per_share": 25.97,
            "book_valuer_per_share_4q_avg": 26.02,
            "equity": 2898088,
            "current_ratio": 215.61,
            "debt_ratio": 43.53,
            "inventory_turnover_ratio": 1.01,
            "account_receivable_turnover_ratio": 1.63,
            "reinvestment_rate": -58.92,
            "research_to_sale_ratio": 1.61,
            "price_fair": 28.47,
            "eps_avg_yearly": 0.81,
            "eps_latest_yearly": 0.96,
            "eps_growth_yearly": 322.6
        },
        "20213": {
            "year_quarter": 20213,
            "year": 2021,
            "quarter": 3,
            "eps": -0.17,
            "eps_growth_year": -142.5,
            "eps_4q": 0.33,
            "eps_4q_growth_year": -1.24,
            "roe": -0.57,
            "roe_4q": 1.83,
            "gross_profit": 89133,
            "gross_margin": 16.7,
            "gross_margin_4q_avg": 24.14,
            "net_income": -16340,
            "revenue": 533810,
            "common_shares": 1091071,
            "book_valuer_per_share": 25.75,
            "book_valuer_per_share_4q_avg": 25.93,
            "equity": 2873678,
            "current_ratio": 187.47,
            "debt_ratio": 46.43,
            "inventory_turnover_ratio": 0.83,
            "account_receivable_turnover_ratio": 1.2,
            "reinvestment_rate": -73.14,
            "research_to_sale_ratio": 2.77,
            "price_fair": 33.04,
            "eps_avg_yearly": 0.94,
            "eps_latest_yearly": 0.96,
            "eps_growth_yearly": 458.23
        },
        "20214": {
            "year_quarter": 20214,
            "year": 2021,
            "quarter": 4,
            "eps": 4.37,
            "eps_growth_year": null,
            "eps_4q": 4.83,
            "eps_4q_growth_year": 599.06,
            "roe": 15.14,
            "roe_4q": 17.26,
            "gross_profit": 86744,
            "gross_margin": 14.37,
            "gross_margin_4q_avg": 22.2,
            "net_income": 465629,
            "revenue": 603662,
            "common_shares": 1091071,
            "book_valuer_per_share": 30.24,
            "book_valuer_per_share_4q_avg": 26.98,
            "equity": 3276684,
            "current_ratio": 207.23,
            "debt_ratio": 42.16,
            "inventory_turnover_ratio": 0.92,
            "account_receivable_turnover_ratio": 1.46,
            "reinvestment_rate": -3.89,
            "research_to_sale_ratio": 2.38,
            "price_fair": 33.04,
            "eps_avg_yearly": 0.94,
            "eps_latest_yearly": 0.96,
            "eps_growth_yearly": 458.23
        },
        "20221": {
            "year_quarter": 20221,
            "year": 2022,
            "quarter": 1,
            "eps": 0.54,
            "eps_growth_year": 42.11,
            "eps_4q": 5,
            "eps_4q_growth_year": 579.04,
            "roe": 1.87,
            "roe_4q": 17.5,
            "gross_profit": 208277,
            "gross_margin": 29.18,
            "gross_margin_4q_avg": 22.38,
            "net_income": 61430,
            "revenue": 713723,
            "common_shares": 1091071,
            "book_valuer_per_share": 30.51,
            "book_valuer_per_share_4q_avg": 28.12,
            "equity": 3282034,
            "current_ratio": 204.59,
            "debt_ratio": 43.96,
            "inventory_turnover_ratio": 0.88,
            "account_receivable_turnover_ratio": 1.6,
            "reinvestment_rate": 10.51,
            "research_to_sale_ratio": 2.02,
            "price_fair": 40.13,
            "eps_avg_yearly": 1.15,
            "eps_latest_yearly": 2.16,
            "eps_growth_yearly": 323.43
        },
        "20222": {
            "year_quarter": 20222,
            "year": 2022,
            "quarter": 2,
            "eps": 0.21,
            "eps_growth_year": -12.5,
            "eps_4q": 4.96,
            "eps_4q_growth_year": 445.83,
            "roe": 0.8,
            "roe_4q": 17.240000000000002,
            "gross_profit": 215120,
            "gross_margin": 28.75,
            "gross_margin_4q_avg": 22.25,
            "net_income": 26291,
            "revenue": 748326,
            "common_shares": 1091071,
            "book_valuer_per_share": 30.7,
            "book_valuer_per_share_4q_avg": 29.3,
            "equity": 3305719,
            "current_ratio": 200.09,
            "debt_ratio": 43.76,
            "inventory_turnover_ratio": 0.94,
            "account_receivable_turnover_ratio": 1.59,
            "reinvestment_rate": 14.47,
            "research_to_sale_ratio": 2.31,
            "price_fair": 36.4,
            "eps_avg_yearly": 1.04,
            "eps_latest_yearly": 0.84,
            "eps_growth_yearly": 102.69
        },
        "20223": {
            "year_quarter": 20223,
            "year": 2022,
            "quarter": 3,
            "eps": -0.25,
            "eps_growth_year": null,
            "eps_4q": 4.87,
            "eps_4q_growth_year": 1365.32,
            "roe": -0.68,
            "roe_4q": 17.130000000000003,
            "gross_profit": 133089,
            "gross_margin": 22.18,
            "gross_margin_4q_avg": 23.62,
            "net_income": -22557,
            "revenue": 599975,
            "common_shares": 1091071,
            "book_valuer_per_share": 31.09,
            "book_valuer_per_share_4q_avg": 30.64,
            "equity": 3359457,
            "current_ratio": 202.44,
            "debt_ratio": 41.73,
            "inventory_turnover_ratio": 0.84,
            "account_receivable_turnover_ratio": 1.35,
            "reinvestment_rate": 15.51,
            "research_to_sale_ratio": 3.34,
            "price_fair": 36.4,
            "eps_avg_yearly": 1.04,
            "eps_latest_yearly": 0.84,
            "eps_growth_yearly": 102.69
        },
        "20224": {
            "year_quarter": 20224,
            "year": 2022,
            "quarter": 4,
            "eps": 1.62,
            "eps_growth_year": -62.84,
            "eps_4q": 2.11,
            "eps_4q_growth_year": -56.28,
            "roe": 5.14,
            "roe_4q": 7.13,
            "gross_profit": 147329,
            "gross_margin": 25.93,
            "gross_margin_4q_avg": 26.51,
            "net_income": 175928,
            "revenue": 568229,
            "common_shares": 1091071,
            "book_valuer_per_share": 32.13,
            "book_valuer_per_share_4q_avg": 31.11,
            "equity": 3485992,
            "current_ratio": 219.98,
            "debt_ratio": 43.58,
            "inventory_turnover_ratio": 0.76,
            "account_receivable_turnover_ratio": 1.49,
            "reinvestment_rate": 4.71,
            "research_to_sale_ratio": 4.17,
            "price_fair": 36.4,
            "eps_avg_yearly": 1.04,
            "eps_latest_yearly": 0.84,
            "eps_growth_yearly": 102.69
        },
        "20231": {
            "year_quarter": 20231,
            "year": 2023,
            "quarter": 1,
            "eps": 2.92,
            "eps_growth_year": 440.74,
            "eps_4q": 4.51,
            "eps_4q_growth_year": -9.87,
            "roe": 8.73,
            "roe_4q": 13.990000000000002,
            "gross_profit": 173174,
            "gross_margin": 28.36,
            "gross_margin_4q_avg": 26.31,
            "net_income": 312350,
            "revenue": 610680,
            "common_shares": 1091071,
            "book_valuer_per_share": 34.08,
            "book_valuer_per_share_4q_avg": 32,
            "equity": 3673577,
            "current_ratio": 238.06,
            "debt_ratio": 41.04,
            "inventory_turnover_ratio": 0.86,
            "account_receivable_turnover_ratio": 1.75,
            "reinvestment_rate": 2.74,
            "research_to_sale_ratio": 3.07,
            "price_fair": 89.6,
            "eps_avg_yearly": 2.56,
            "eps_latest_yearly": 11.68,
            "eps_growth_yearly": 133.88
        }
    },
    "months": {
        "2002-08": {
            "month": "2002-08",
            "price": "35.14",
            "revenue": 33146
        },
        "2002-09": {
            "month": "2002-09",
            "price": "33.66",
            "revenue": 43019
        },
        "2002-10": {
            "month": "2002-10",
            "price": "28.75",
            "revenue": 33188
        },
        "2002-11": {
            "month": "2002-11",
            "price": "31.27",
            "revenue": 38418
        },
        "2002-12": {
            "month": "2002-12",
            "price": "31.36",
            "revenue": 51078
        },
        "2003-01": {
            "month": "2003-01",
            "price": "29.30",
            "revenue": 43708
        },
        "2003-02": {
            "month": "2003-02",
            "price": "26.84",
            "revenue": 32447
        },
        "2003-03": {
            "month": "2003-03",
            "price": "26.24",
            "revenue": 55784
        },
        "2003-04": {
            "month": "2003-04",
            "price": "27.38",
            "revenue": 55702
        },
        "2003-05": {
            "month": "2003-05",
            "price": "26.55",
            "revenue": 51335
        },
        "2003-06": {
            "month": "2003-06",
            "price": "25.75",
            "revenue": 51615
        },
        "2003-07": {
            "month": "2003-07",
            "price": "26.01",
            "revenue": 38985
        },
        "2003-08": {
            "month": "2003-08",
            "price": "26.99",
            "revenue": 30045
        },
        "2003-09": {
            "month": "2003-09",
            "price": "26.60",
            "revenue": 28706
        },
        "2003-10": {
            "month": "2003-10",
            "price": "26.30",
            "revenue": 39774
        },
        "2003-11": {
            "month": "2003-11",
            "price": "28.78",
            "revenue": 42616
        },
        "2003-12": {
            "month": "2003-12",
            "price": "27.71",
            "revenue": 47654
        },
        "2004-01": {
            "month": "2004-01",
            "price": "28.95",
            "revenue": 53452
        },
        "2004-02": {
            "month": "2004-02",
            "price": "30.85",
            "revenue": 47425
        },
        "2004-03": {
            "month": "2004-03",
            "price": "29.21",
            "revenue": 60915
        },
        "2004-04": {
            "month": "2004-04",
            "price": "27.06",
            "revenue": 52576
        },
        "2004-05": {
            "month": "2004-05",
            "price": "22.83",
            "revenue": 69177
        },
        "2004-06": {
            "month": "2004-06",
            "price": "22.91",
            "revenue": 50033
        },
        "2004-07": {
            "month": "2004-07",
            "price": "22.16",
            "revenue": 43351
        },
        "2004-08": {
            "month": "2004-08",
            "price": "22.24",
            "revenue": 29551
        },
        "2004-09": {
            "month": "2004-09",
            "price": "22.93",
            "revenue": 25925
        },
        "2004-10": {
            "month": "2004-10",
            "price": "22.13",
            "revenue": 38183
        },
        "2004-11": {
            "month": "2004-11",
            "price": "20.79",
            "revenue": 35490
        },
        "2004-12": {
            "month": "2004-12",
            "price": "20.84",
            "revenue": 34831
        },
        "2005-01": {
            "month": "2005-01",
            "price": "20.71",
            "revenue": 43190
        },
        "2005-02": {
            "month": "2005-02",
            "price": "19.15",
            "revenue": 44905
        },
        "2005-03": {
            "month": "2005-03",
            "price": "17.22",
            "revenue": 51272
        },
        "2005-04": {
            "month": "2005-04",
            "price": "16.03",
            "revenue": 46557
        },
        "2005-05": {
            "month": "2005-05",
            "price": "14.92",
            "revenue": 49144
        },
        "2005-06": {
            "month": "2005-06",
            "price": "16.58",
            "revenue": 49130
        },
        "2005-07": {
            "month": "2005-07",
            "price": "17.08",
            "revenue": 45147
        },
        "2005-08": {
            "month": "2005-08",
            "price": "17.40",
            "revenue": 33141
        },
        "2005-09": {
            "month": "2005-09",
            "price": "15.99",
            "revenue": 46461
        },
        "2005-10": {
            "month": "2005-10",
            "price": "15.80",
            "revenue": 45573
        },
        "2005-11": {
            "month": "2005-11",
            "price": "15.93",
            "revenue": 46617
        },
        "2005-12": {
            "month": "2005-12",
            "price": "15.86",
            "revenue": 55279
        },
        "2006-01": {
            "month": "2006-01",
            "price": "16.18",
            "revenue": 48809
        },
        "2006-02": {
            "month": "2006-02",
            "price": "16.52",
            "revenue": 45783
        },
        "2006-03": {
            "month": "2006-03",
            "price": "16.53",
            "revenue": 104043
        },
        "2006-04": {
            "month": "2006-04",
            "price": "21.06",
            "revenue": 59564
        },
        "2006-05": {
            "month": "2006-05",
            "price": "24.75",
            "revenue": 60348
        },
        "2006-06": {
            "month": "2006-06",
            "price": "20.67",
            "revenue": 58577
        },
        "2006-07": {
            "month": "2006-07",
            "price": "21.10",
            "revenue": 36390
        },
        "2006-08": {
            "month": "2006-08",
            "price": "22.70",
            "revenue": 39004
        },
        "2006-09": {
            "month": "2006-09",
            "price": "21.38",
            "revenue": 35729
        },
        "2006-10": {
            "month": "2006-10",
            "price": "22.41",
            "revenue": 46243
        },
        "2006-11": {
            "month": "2006-11",
            "price": "23.00",
            "revenue": 36948
        },
        "2006-12": {
            "month": "2006-12",
            "price": "28.01",
            "revenue": 38563
        },
        "2007-01": {
            "month": "2007-01",
            "price": "32.58",
            "revenue": 52910
        },
        "2007-02": {
            "month": "2007-02",
            "price": "30.24",
            "revenue": 25973
        },
        "2007-03": {
            "month": "2007-03",
            "price": "29.01",
            "revenue": 49360
        },
        "2007-04": {
            "month": "2007-04",
            "price": "31.40",
            "revenue": 39450
        },
        "2007-05": {
            "month": "2007-05",
            "price": "32.84",
            "revenue": 50384
        },
        "2007-06": {
            "month": "2007-06",
            "price": "38.13",
            "revenue": 36500
        },
        "2007-07": {
            "month": "2007-07",
            "price": "43.30",
            "revenue": 238032
        },
        "2007-08": {
            "month": "2007-08",
            "price": "41.06",
            "revenue": 223634
        },
        "2007-09": {
            "month": "2007-09",
            "price": "39.67",
            "revenue": 209004
        },
        "2007-10": {
            "month": "2007-10",
            "price": "40.21",
            "revenue": 230352
        },
        "2007-11": {
            "month": "2007-11",
            "price": "37.95",
            "revenue": 253303
        },
        "2007-12": {
            "month": "2007-12",
            "price": "33.74",
            "revenue": 227753
        },
        "2008-01": {
            "month": "2008-01",
            "price": "31.94",
            "revenue": 241203
        },
        "2008-02": {
            "month": "2008-02",
            "price": "30.15",
            "revenue": 229706
        },
        "2008-03": {
            "month": "2008-03",
            "price": "32.35",
            "revenue": 282926
        },
        "2008-04": {
            "month": "2008-04",
            "price": "36.23",
            "revenue": 283678
        },
        "2008-05": {
            "month": "2008-05",
            "price": "35.02",
            "revenue": 302066
        },
        "2008-06": {
            "month": "2008-06",
            "price": "33.09",
            "revenue": 269579
        },
        "2008-07": {
            "month": "2008-07",
            "price": "26.04",
            "revenue": 250866
        },
        "2008-08": {
            "month": "2008-08",
            "price": "19.16",
            "revenue": 279815
        },
        "2008-09": {
            "month": "2008-09",
            "price": "15.59",
            "revenue": 251426
        },
        "2008-10": {
            "month": "2008-10",
            "price": "14.18",
            "revenue": 261062
        },
        "2008-11": {
            "month": "2008-11",
            "price": "13.58",
            "revenue": 258695
        },
        "2008-12": {
            "month": "2008-12",
            "price": "13.24",
            "revenue": 242499
        },
        "2009-01": {
            "month": "2009-01",
            "price": "13.61",
            "revenue": 206697
        },
        "2009-02": {
            "month": "2009-02",
            "price": "13.80",
            "revenue": 224723
        },
        "2009-03": {
            "month": "2009-03",
            "price": "14.25",
            "revenue": 294836
        },
        "2009-04": {
            "month": "2009-04",
            "price": "17.13",
            "revenue": 277679
        },
        "2009-05": {
            "month": "2009-05",
            "price": "18.02",
            "revenue": 258007
        },
        "2009-06": {
            "month": "2009-06",
            "price": "16.43",
            "revenue": 274449
        },
        "2009-07": {
            "month": "2009-07",
            "price": "17.23",
            "revenue": 277557
        },
        "2009-08": {
            "month": "2009-08",
            "price": "20.78",
            "revenue": 262037
        },
        "2009-09": {
            "month": "2009-09",
            "price": "21.92",
            "revenue": 255785
        },
        "2009-10": {
            "month": "2009-10",
            "price": "22.11",
            "revenue": 267079
        },
        "2009-11": {
            "month": "2009-11",
            "price": "24.63",
            "revenue": 268381
        },
        "2009-12": {
            "month": "2009-12",
            "price": "25.22",
            "revenue": 280025
        },
        "2010-01": {
            "month": "2010-01",
            "price": "26.00",
            "revenue": 301288
        },
        "2010-02": {
            "month": "2010-02",
            "price": "24.54",
            "revenue": 243034
        },
        "2010-03": {
            "month": "2010-03",
            "price": "25.30",
            "revenue": 255273
        },
        "2010-04": {
            "month": "2010-04",
            "price": "25.63",
            "revenue": 365305
        },
        "2010-05": {
            "month": "2010-05",
            "price": "25.29",
            "revenue": 312568
        },
        "2010-06": {
            "month": "2010-06",
            "price": "26.14",
            "revenue": 327046
        },
        "2010-07": {
            "month": "2010-07",
            "price": "26.32",
            "revenue": 295973
        },
        "2010-08": {
            "month": "2010-08",
            "price": "27.06",
            "revenue": 290922
        },
        "2010-09": {
            "month": "2010-09",
            "price": "26.67",
            "revenue": 292398
        },
        "2010-10": {
            "month": "2010-10",
            "price": "26.50",
            "revenue": 284070
        },
        "2010-11": {
            "month": "2010-11",
            "price": "25.91",
            "revenue": 313316
        },
        "2010-12": {
            "month": "2010-12",
            "price": "26.42",
            "revenue": 347205
        },
        "2011-01": {
            "month": "2011-01",
            "price": "26.44",
            "revenue": 289047
        },
        "2011-02": {
            "month": "2011-02",
            "price": "25.11",
            "revenue": 299583
        },
        "2011-03": {
            "month": "2011-03",
            "price": "25.06",
            "revenue": 374372
        },
        "2011-04": {
            "month": "2011-04",
            "price": "24.90",
            "revenue": 322296
        },
        "2011-05": {
            "month": "2011-05",
            "price": "24.44",
            "revenue": 324015
        },
        "2011-06": {
            "month": "2011-06",
            "price": "23.30",
            "revenue": 344723
        },
        "2011-07": {
            "month": "2011-07",
            "price": "23.52",
            "revenue": 332951
        },
        "2011-08": {
            "month": "2011-08",
            "price": "23.09",
            "revenue": 321648
        },
        "2011-09": {
            "month": "2011-09",
            "price": "22.51",
            "revenue": 291571
        },
        "2011-10": {
            "month": "2011-10",
            "price": "22.13",
            "revenue": 315602
        },
        "2011-11": {
            "month": "2011-11",
            "price": "22.15",
            "revenue": 309186
        },
        "2011-12": {
            "month": "2011-12",
            "price": "21.87",
            "revenue": 322087
        },
        "2012-01": {
            "month": "2012-01",
            "price": "21.87",
            "revenue": 268582
        },
        "2012-02": {
            "month": "2012-02",
            "price": "22.38",
            "revenue": 320826
        },
        "2012-03": {
            "month": "2012-03",
            "price": "22.33",
            "revenue": 351546
        },
        "2012-04": {
            "month": "2012-04",
            "price": "21.88",
            "revenue": 378008
        },
        "2012-05": {
            "month": "2012-05",
            "price": "21.49",
            "revenue": 365256
        },
        "2012-06": {
            "month": "2012-06",
            "price": "20.62",
            "revenue": 319559
        },
        "2012-07": {
            "month": "2012-07",
            "price": "20.43",
            "revenue": 313397
        },
        "2012-08": {
            "month": "2012-08",
            "price": "19.58",
            "revenue": 311457
        },
        "2012-09": {
            "month": "2012-09",
            "price": "18.26",
            "revenue": 310322
        },
        "2012-10": {
            "month": "2012-10",
            "price": "17.74",
            "revenue": 290782
        },
        "2012-11": {
            "month": "2012-11",
            "price": "15.89",
            "revenue": 287707
        },
        "2012-12": {
            "month": "2012-12",
            "price": "16.41",
            "revenue": 277309
        },
        "2013-01": {
            "month": "2013-01",
            "price": "17.68",
            "revenue": 297938
        },
        "2013-02": {
            "month": "2013-02",
            "price": "17.77",
            "revenue": 253338
        },
        "2013-03": {
            "month": "2013-03",
            "price": "17.63",
            "revenue": 352136
        },
        "2013-04": {
            "month": "2013-04",
            "price": "18.03",
            "revenue": 342697
        },
        "2013-05": {
            "month": "2013-05",
            "price": "17.48",
            "revenue": 343090
        },
        "2013-06": {
            "month": "2013-06",
            "price": "17.61",
            "revenue": 336911
        },
        "2013-07": {
            "month": "2013-07",
            "price": "20.52",
            "revenue": 325317
        },
        "2013-08": {
            "month": "2013-08",
            "price": "22.93",
            "revenue": 330470
        },
        "2013-09": {
            "month": "2013-09",
            "price": "27.14",
            "revenue": 333455
        },
        "2013-10": {
            "month": "2013-10",
            "price": "27.67",
            "revenue": 344739
        },
        "2013-11": {
            "month": "2013-11",
            "price": "25.35",
            "revenue": 321831
        },
        "2013-12": {
            "month": "2013-12",
            "price": "23.67",
            "revenue": 367825
        },
        "2014-01": {
            "month": "2014-01",
            "price": "24.45",
            "revenue": 338725
        },
        "2014-02": {
            "month": "2014-02",
            "price": "24.88",
            "revenue": 309129
        },
        "2014-03": {
            "month": "2014-03",
            "price": "33.38",
            "revenue": 379101
        },
        "2014-04": {
            "month": "2014-04",
            "price": "38.26",
            "revenue": 396865
        },
        "2014-05": {
            "month": "2014-05",
            "price": "39.26",
            "revenue": 380266
        },
        "2014-06": {
            "month": "2014-06",
            "price": "49.34",
            "revenue": 354566
        },
        "2014-07": {
            "month": "2014-07",
            "price": "63.25",
            "revenue": 375152
        },
        "2014-08": {
            "month": "2014-08",
            "price": "64.67",
            "revenue": 321844
        },
        "2014-09": {
            "month": "2014-09",
            "price": "66.74",
            "revenue": 332048
        },
        "2014-10": {
            "month": "2014-10",
            "price": "52.07",
            "revenue": 315925
        },
        "2014-11": {
            "month": "2014-11",
            "price": "44.61",
            "revenue": 336008
        },
        "2014-12": {
            "month": "2014-12",
            "price": "48.02",
            "revenue": 363494
        },
        "2015-01": {
            "month": "2015-01",
            "price": "44.76",
            "revenue": 328102
        },
        "2015-02": {
            "month": "2015-02",
            "price": "38.80",
            "revenue": 261656
        },
        "2015-03": {
            "month": "2015-03",
            "price": "36.32",
            "revenue": 381783
        },
        "2015-04": {
            "month": "2015-04",
            "price": "36.02",
            "revenue": 426764
        },
        "2015-05": {
            "month": "2015-05",
            "price": "39.19",
            "revenue": 390145
        },
        "2015-06": {
            "month": "2015-06",
            "price": "42.72",
            "revenue": 330671
        },
        "2015-07": {
            "month": "2015-07",
            "price": "39.79",
            "revenue": 327540
        },
        "2015-08": {
            "month": "2015-08",
            "price": "34.30",
            "revenue": 290085
        },
        "2015-09": {
            "month": "2015-09",
            "price": "30.89",
            "revenue": 296396
        },
        "2015-10": {
            "month": "2015-10",
            "price": "31.22",
            "revenue": 289206
        },
        "2015-11": {
            "month": "2015-11",
            "price": "30.44",
            "revenue": 316540
        },
        "2015-12": {
            "month": "2015-12",
            "price": "27.10",
            "revenue": 320497
        },
        "2016-01": {
            "month": "2016-01",
            "price": "21.79",
            "revenue": 320514
        },
        "2016-02": {
            "month": "2016-02",
            "price": "23.47",
            "revenue": 262379
        },
        "2016-03": {
            "month": "2016-03",
            "price": "24.76",
            "revenue": 360862
        },
        "2016-04": {
            "month": "2016-04",
            "price": "23.68",
            "revenue": 369762
        },
        "2016-05": {
            "month": "2016-05",
            "price": "22.22",
            "revenue": 331569
        },
        "2016-06": {
            "month": "2016-06",
            "price": "21.05",
            "revenue": 306843
        },
        "2016-07": {
            "month": "2016-07",
            "price": "20.16",
            "revenue": 263501
        },
        "2016-08": {
            "month": "2016-08",
            "price": "21.15",
            "revenue": 279386
        },
        "2016-09": {
            "month": "2016-09",
            "price": "23.33",
            "revenue": 260121
        },
        "2016-10": {
            "month": "2016-10",
            "price": "23.08",
            "revenue": 251802
        },
        "2016-11": {
            "month": "2016-11",
            "price": "20.73",
            "revenue": 276830
        },
        "2016-12": {
            "month": "2016-12",
            "price": "21.46",
            "revenue": 308192
        },
        "2017-01": {
            "month": "2017-01",
            "price": "20.78",
            "revenue": 256793
        },
        "2017-02": {
            "month": "2017-02",
            "price": "22.25",
            "revenue": 261869
        },
        "2017-03": {
            "month": "2017-03",
            "price": "22.07",
            "revenue": 339594
        },
        "2017-04": {
            "month": "2017-04",
            "price": "21.24",
            "revenue": 305192
        },
        "2017-05": {
            "month": "2017-05",
            "price": "19.56",
            "revenue": 305817
        },
        "2017-06": {
            "month": "2017-06",
            "price": "19.59",
            "revenue": 300886
        },
        "2017-07": {
            "month": "2017-07",
            "price": "19.84",
            "revenue": 267836
        },
        "2017-08": {
            "month": "2017-08",
            "price": "18.87",
            "revenue": 277898
        },
        "2017-09": {
            "month": "2017-09",
            "price": "19.39",
            "revenue": 268175
        },
        "2017-10": {
            "month": "2017-10",
            "price": "18.37",
            "revenue": 252592
        },
        "2017-11": {
            "month": "2017-11",
            "price": "19.15",
            "revenue": 262227
        },
        "2017-12": {
            "month": "2017-12",
            "price": "19.65",
            "revenue": 270272
        },
        "2018-01": {
            "month": "2018-01",
            "price": "19.65",
            "revenue": 307812
        },
        "2018-02": {
            "month": "2018-02",
            "price": "19.60",
            "revenue": 198954
        },
        "2018-03": {
            "month": "2018-03",
            "price": "19.70",
            "revenue": 325004
        },
        "2018-04": {
            "month": "2018-04",
            "price": "19.33",
            "revenue": 314539
        },
        "2018-05": {
            "month": "2018-05",
            "price": "19.08",
            "revenue": 345179
        },
        "2018-06": {
            "month": "2018-06",
            "price": "18.87",
            "revenue": 288999
        },
        "2018-07": {
            "month": "2018-07",
            "price": "17.37",
            "revenue": 271834
        },
        "2018-08": {
            "month": "2018-08",
            "price": "16.31",
            "revenue": 268925
        },
        "2018-09": {
            "month": "2018-09",
            "price": "16.18",
            "revenue": 250859
        },
        "2018-10": {
            "month": "2018-10",
            "price": "15.96",
            "revenue": 241105
        },
        "2018-11": {
            "month": "2018-11",
            "price": "16.30",
            "revenue": 243695
        },
        "2018-12": {
            "month": "2018-12",
            "price": "16.37",
            "revenue": 240109
        },
        "2019-01": {
            "month": "2019-01",
            "price": "16.22",
            "revenue": 302064
        },
        "2019-02": {
            "month": "2019-02",
            "price": "16.21",
            "revenue": 191180
        },
        "2019-03": {
            "month": "2019-03",
            "price": "16.18",
            "revenue": 330005
        },
        "2019-04": {
            "month": "2019-04",
            "price": "16.00",
            "revenue": 292992
        },
        "2019-05": {
            "month": "2019-05",
            "price": "15.99",
            "revenue": 279477
        },
        "2019-06": {
            "month": "2019-06",
            "price": "17.84",
            "revenue": 241288
        },
        "2019-07": {
            "month": "2019-07",
            "price": "17.65",
            "revenue": 225275
        },
        "2019-08": {
            "month": "2019-08",
            "price": "17.54",
            "revenue": 209630
        },
        "2019-09": {
            "month": "2019-09",
            "price": "17.32",
            "revenue": 190705
        },
        "2019-10": {
            "month": "2019-10",
            "price": "17.20",
            "revenue": 192624
        },
        "2019-11": {
            "month": "2019-11",
            "price": "17.24",
            "revenue": 188654
        },
        "2019-12": {
            "month": "2019-12",
            "price": "17.30",
            "revenue": 232400
        },
        "2020-01": {
            "month": "2020-01",
            "price": "19.28",
            "revenue": 182672
        },
        "2020-02": {
            "month": "2020-02",
            "price": "22.44",
            "revenue": 167653
        },
        "2020-03": {
            "month": "2020-03",
            "price": "17.07",
            "revenue": 259318
        },
        "2020-04": {
            "month": "2020-04",
            "price": "17.43",
            "revenue": 217145
        },
        "2020-05": {
            "month": "2020-05",
            "price": "22.23",
            "revenue": 194170
        },
        "2020-06": {
            "month": "2020-06",
            "price": "22.66",
            "revenue": 178425
        },
        "2020-07": {
            "month": "2020-07",
            "price": "20.78",
            "revenue": 220327
        },
        "2020-08": {
            "month": "2020-08",
            "price": "22.33",
            "revenue": 187141
        },
        "2020-09": {
            "month": "2020-09",
            "price": "22.68",
            "revenue": 187955
        },
        "2020-10": {
            "month": "2020-10",
            "price": "22.68",
            "revenue": 188346
        },
        "2020-11": {
            "month": "2020-11",
            "price": "22.07",
            "revenue": 191564
        },
        "2020-12": {
            "month": "2020-12",
            "price": "22.10",
            "revenue": 197242
        },
        "2021-01": {
            "month": "2021-01",
            "price": "21.97",
            "revenue": 246471
        },
        "2021-02": {
            "month": "2021-02",
            "price": "20.75",
            "revenue": 187658
        },
        "2021-03": {
            "month": "2021-03",
            "price": "20.62",
            "revenue": 255700
        },
        "2021-04": {
            "month": "2021-04",
            "price": "20.35",
            "revenue": 267649
        },
        "2021-05": {
            "month": "2021-05",
            "price": "21.80",
            "revenue": 264328
        },
        "2021-06": {
            "month": "2021-06",
            "price": "21.82",
            "revenue": 241365
        },
        "2021-07": {
            "month": "2021-07",
            "price": "22.37",
            "revenue": 206937
        },
        "2021-08": {
            "month": "2021-08",
            "price": "21.22",
            "revenue": 178668
        },
        "2021-09": {
            "month": "2021-09",
            "price": "20.89",
            "revenue": 168152
        },
        "2021-10": {
            "month": "2021-10",
            "price": "21.30",
            "revenue": 172835
        },
        "2021-11": {
            "month": "2021-11",
            "price": "22.44",
            "revenue": 198707
        },
        "2021-12": {
            "month": "2021-12",
            "price": "23.87",
            "revenue": 230151
        },
        "2022-01": {
            "month": "2022-01",
            "price": "23.25",
            "revenue": 237941
        },
        "2022-02": {
            "month": "2022-02",
            "price": "22.09",
            "revenue": 217372
        },
        "2022-03": {
            "month": "2022-03",
            "price": "21.41",
            "revenue": 276053
        },
        "2022-04": {
            "month": "2022-04",
            "price": "21.02",
            "revenue": 230706
        },
        "2022-05": {
            "month": "2022-05",
            "price": "20.37",
            "revenue": 261606
        },
        "2022-06": {
            "month": "2022-06",
            "price": "19.97",
            "revenue": 242874
        },
        "2022-07": {
            "month": "2022-07",
            "price": "19.57",
            "revenue": 231139
        },
        "2022-08": {
            "month": "2022-08",
            "price": "20.55",
            "revenue": 179660
        },
        "2022-09": {
            "month": "2022-09",
            "price": "20.55",
            "revenue": 186979
        },
        "2022-10": {
            "month": "2022-10",
            "price": "20.19",
            "revenue": 174631
        },
        "2022-11": {
            "month": "2022-11",
            "price": "20.43",
            "revenue": 191329
        },
        "2022-12": {
            "month": "2022-12",
            "price": "20.47",
            "revenue": 198257
        },
        "2023-01": {
            "month": "2023-01",
            "price": "20.43",
            "revenue": 155326
        },
        "2023-02": {
            "month": "2023-02",
            "price": "20.47",
            "revenue": 216690
        },
        "2023-03": {
            "month": "2023-03",
            "price": "20.40",
            "revenue": 239585
        },
        "2023-04": {
            "month": "2023-04",
            "price": "20.38",
            "revenue": 204884
        }
    }
}
