{
    "summary": {
        "stock_name": "潤泰新",
        "stock_id": "9945",
        "category": "其他",
        "main_business": "委託營造廠興建國民住宅．商業大樓出租出售業務<br>辦理國內外工業區及區內之社區廠房及大樓之開發規劃及租售<br>從事商品之處理．包裝．分類．倉儲及前各項產品之加工批發業務",
        "website_url": "http://www.rt-develop.com.tw",
        "ceo": "李志宏",
        "pe_ratio": 18,
        "report_year_from": 2001,
        "report_year_to": 2023,
        "age": 23,
        "eps_negative_percentage": 0,
        "eps_growth_avg": {
            "last_all": 10.28,
            "last_2y": -13.28,
            "last_4y": -4.59,
            "last_8y": -0.11,
            "last_12y": 10.31,
            "last_16y": 8.36,
            "last_20y": 14.08,
            "at_2006_last_3y": 38.38,
            "at_2007_last_3y": 54.36,
            "at_2008_last_3y": 18.16,
            "at_2009_last_3y": 2.05,
            "at_2010_last_3y": 2.05,
            "at_2011_last_3y": 33.8,
            "at_2012_last_3y": 48.38,
            "at_2013_last_3y": 78.38,
            "at_2014_last_3y": 33.74,
            "at_2015_last_3y": 12.3,
            "at_2016_last_3y": 6.62,
            "at_2017_last_3y": -13.54,
            "at_2018_last_3y": 5.49,
            "at_2019_last_3y": 11.46,
            "at_2020_last_3y": 8.45,
            "at_2021_last_3y": 12.4,
            "at_2022_last_3y": 0.21,
            "at_2023_last_3y": -15.26,
            "at_2024_last_3y": -15.26,
            "at_2006_last_all": 16.82,
            "at_2007_last_all": 9.51,
            "at_2008_last_all": 1.75,
            "at_2009_last_all": -0.97,
            "at_2010_last_all": 10.25,
            "at_2011_last_all": 19.23,
            "at_2012_last_all": 18.71,
            "at_2013_last_all": 25.48,
            "at_2014_last_all": 17.48,
            "at_2015_last_all": 17.25,
            "at_2016_last_all": 15.49,
            "at_2017_last_all": 15.73,
            "at_2018_last_all": 14.66,
            "at_2019_last_all": 15.96,
            "at_2020_last_all": 14,
            "at_2021_last_all": 15.06,
            "at_2022_last_all": 11.91,
            "at_2023_last_all": 10.28,
            "at_2024_last_all": 10.28
        },
        "latest_eps": 2.08,
        "latest_price": 37.05,
        "latest_roe": 11.75,
        "latest_gross_margin": 25.99,
        "latest_equity": 91714441,
        "latest_revenue": 5351117,
        "latest_gross_profit": 1390561,
        "latest_net_income": 6459389,
        "latest_debt_ratio": 46.13,
        "latest_current_ratio": 138.53,
        "latest_account_receivable_turnover_ratio": 1.95,
        "latest_inventory_turnover_ratio": 0.13,
        "latest_reinvestment_rate": -13.79,
        "latest_research_to_sale_ratio": 0.42
    },
    "eps_dividends": {
        "1991": {
            "cash": 0.5,
            "stock": 1.5,
            "eps": 0
        },
        "1992": {
            "cash": 0,
            "stock": 4,
            "eps": 0
        },
        "1993": {
            "cash": 1.2,
            "stock": 3,
            "eps": 0
        },
        "1994": {
            "cash": 2,
            "stock": 2,
            "eps": 0
        },
        "1995": {
            "cash": 0,
            "stock": 1.2,
            "eps": 0
        },
        "1998": {
            "cash": 0,
            "stock": 1,
            "eps": 0
        },
        "2001": {
            "cash": 0,
            "stock": 0,
            "eps": 0.36
        },
        "2002": {
            "cash": 0,
            "stock": 0,
            "eps": 0.11
        },
        "2003": {
            "cash": 0,
            "stock": 0,
            "eps": 0.01
        },
        "2004": {
            "cash": 0,
            "stock": 0,
            "eps": 0.27
        },
        "2005": {
            "cash": 0,
            "stock": 0,
            "eps": 0.39
        },
        "2006": {
            "cash": 0.8,
            "stock": 0,
            "eps": 2.11
        },
        "2007": {
            "cash": 1.9,
            "stock": 0,
            "eps": 1.54
        },
        "2008": {
            "cash": 1.3,
            "stock": 0,
            "eps": 0.85
        },
        "2009": {
            "cash": 0.4,
            "stock": 0,
            "eps": 0.68
        },
        "2010": {
            "cash": 0.95,
            "stock": 0,
            "eps": 1.39
        },
        "2011": {
            "cash": 2.8,
            "stock": 0,
            "eps": 3.03
        },
        "2012": {
            "cash": 0,
            "stock": 0,
            "eps": 3.44
        },
        "2013": {
            "cash": 2.91,
            "stock": 0,
            "eps": 26.26
        },
        "2014": {
            "cash": 4.4,
            "stock": 0,
            "eps": 5.63
        },
        "2015": {
            "cash": 4,
            "stock": 0,
            "eps": 6.43
        },
        "2016": {
            "cash": 0,
            "stock": 0,
            "eps": 5.84
        },
        "2017": {
            "cash": 0,
            "stock": 2,
            "eps": 6.97
        },
        "2018": {
            "cash": 2,
            "stock": 0,
            "eps": 6.8
        },
        "2019": {
            "cash": 2,
            "stock": 0,
            "eps": 9.39
        },
        "2020": {
            "cash": 1,
            "stock": 5,
            "eps": 7.4
        },
        "2021": {
            "cash": 1,
            "stock": 4,
            "eps": 10
        },
        "2022": {
            "cash": 2,
            "stock": 5,
            "eps": 4.88
        },
        "2023": {
            "cash": 0,
            "stock": 0,
            "eps": 3.72
        }
    },
    "dividends": {
        "1991-02-25": {
            "cash": 0.5,
            "stock": 1.5
        },
        "1992-03-14": {
            "cash": 0,
            "stock": 4
        },
        "1993-04-27": {
            "cash": 1.2,
            "stock": 3
        },
        "1994-04-08": {
            "cash": 2,
            "stock": 2
        },
        "1995-04-21": {
            "cash": 0,
            "stock": 1.2
        },
        "1998-04-08": {
            "cash": 0,
            "stock": 1
        },
        "2006-04-11": {
            "cash": 0.8,
            "stock": 0
        },
        "2007-04-13": {
            "cash": 1.9,
            "stock": 0
        },
        "2008-04-15": {
            "cash": 1.3,
            "stock": 0
        },
        "2009-04-16": {
            "cash": 0.4,
            "stock": 0
        },
        "2010-04-20": {
            "cash": 0.95,
            "stock": 0
        },
        "2011-01-01": {
            "cash": 1.8,
            "stock": 0
        },
        "2011-04-19": {
            "cash": 1,
            "stock": 0
        },
        "2013-03-26": {
            "cash": 2.91,
            "stock": 0
        },
        "2014-08-21": {
            "cash": 4.4,
            "stock": 0
        },
        "2015-08-03": {
            "cash": 4,
            "stock": 0
        },
        "2017-03-24": {
            "cash": 0,
            "stock": 2
        },
        "2018-08-15": {
            "cash": 2,
            "stock": 0
        },
        "2019-07-23": {
            "cash": 2,
            "stock": 0
        },
        "2020-08-17": {
            "cash": 1,
            "stock": 5
        },
        "2021-08-12": {
            "cash": 1,
            "stock": 4
        },
        "2022-09-08": {
            "cash": 2,
            "stock": 5
        }
    },
    "prices": {
        "200101": "無",
        "200102": "無",
        "200103": "無",
        "200104": "無",
        "200105": "無",
        "200106": "無",
        "200107": "無",
        "200108": "無",
        "200109": "無",
        "200110": "無",
        "200111": "無",
        "200112": "無",
        "200201": "無",
        "200202": "無",
        "200203": "無",
        "200204": "無",
        "200205": "無",
        "200206": "無",
        "200207": "無",
        "200208": "無",
        "200209": "無",
        "200210": "無",
        "200211": "無",
        "200212": "無",
        "200301": "5.96",
        "200302": "5.54",
        "200303": "4.96",
        "200304": "4.48",
        "200305": "3.77",
        "200306": "4.36",
        "200307": "5.16",
        "200308": "5.46",
        "200309": "5.45",
        "200310": "5.75",
        "200311": "5.56",
        "200312": "5.32",
        "200401": "5.97",
        "200402": "8.18",
        "200403": "9.27",
        "200404": "8.03",
        "200405": "6.33",
        "200406": "6.50",
        "200407": "5.97",
        "200408": "5.41",
        "200409": "5.62",
        "200410": "6.05",
        "200411": "6.30",
        "200412": "6.98",
        "200501": "7.20",
        "200502": "6.51",
        "200503": "6.66",
        "200504": "6.15",
        "200505": "6.35",
        "200506": "7.97",
        "200507": "8.58",
        "200508": "7.77",
        "200509": "7.17",
        "200510": "6.65",
        "200511": "6.79",
        "200512": "7.86",
        "200601": "7.45",
        "200602": "7.33",
        "200603": "7.58",
        "200604": "9.76",
        "200605": "14.06",
        "200606": "16.28",
        "200607": "17.81",
        "200608": "17.71",
        "200609": "20.58",
        "200610": "26.02",
        "200611": "27.14",
        "200612": "27.91",
        "200701": "26.30",
        "200702": "26.78",
        "200703": "25.62",
        "200704": "28.52",
        "200705": "27.12",
        "200706": "27.97",
        "200707": "30.53",
        "200708": "36.99",
        "200709": "37.12",
        "200710": "35.76",
        "200711": "28.52",
        "200712": "25.69",
        "200801": "29.59",
        "200802": "32.48",
        "200803": "35.15",
        "200804": "36.55",
        "200805": "33.28",
        "200806": "28.01",
        "200807": "26.72",
        "200808": "24.92",
        "200809": "19.00",
        "200810": "14.53",
        "200811": "15.24",
        "200812": "17.03",
        "200901": "17.57",
        "200902": "16.60",
        "200903": "19.10",
        "200904": "23.69",
        "200905": "26.86",
        "200906": "26.66",
        "200907": "30.96",
        "200908": "28.10",
        "200909": "30.21",
        "200910": "36.41",
        "200911": "38.99",
        "200912": "41.06",
        "201001": "42.72",
        "201002": "38.78",
        "201003": "41.25",
        "201004": "50.21",
        "201005": "48.95",
        "201006": "52.49",
        "201007": "52.94",
        "201008": "55.62",
        "201009": "54.33",
        "201010": "50.40",
        "201011": "52.67",
        "201012": "53.64",
        "201101": "48.42",
        "201102": "43.64",
        "201103": "47.10",
        "201104": "48.42",
        "201105": "43.93",
        "201106": "39.67",
        "201107": "43.27",
        "201108": "34.78",
        "201109": "32.17",
        "201110": "32.08",
        "201111": "35.34",
        "201112": "31.57",
        "201201": "34.31",
        "201202": "36.57",
        "201203": "40.49",
        "201204": "43.46",
        "201205": "42.67",
        "201206": "44.01",
        "201207": "47.79",
        "201208": "49.95",
        "201209": "53.70",
        "201210": "54.00",
        "201211": "53.74",
        "201212": "58.45",
        "201301": "63.91",
        "201302": "66.60",
        "201303": "63.54",
        "201304": "58.16",
        "201305": "58.67",
        "201306": "56.01",
        "201307": "57.01",
        "201308": "58.50",
        "201309": "62.05",
        "201310": "62.00",
        "201311": "60.60",
        "201312": "58.91",
        "201401": "54.55",
        "201402": "53.59",
        "201403": "53.47",
        "201404": "54.67",
        "201405": "53.55",
        "201406": "54.16",
        "201407": "54.95",
        "201408": "53.62",
        "201409": "51.85",
        "201410": "45.80",
        "201411": "45.79",
        "201412": "48.68",
        "201501": "48.88",
        "201502": "47.06",
        "201503": "46.35",
        "201504": "52.53",
        "201505": "51.42",
        "201506": "48.04",
        "201507": "42.92",
        "201508": "36.07",
        "201509": "35.14",
        "201510": "38.65",
        "201511": "41.58",
        "201512": "43.70",
        "201601": "38.88",
        "201602": "42.94",
        "201603": "45.63",
        "201604": "38.05",
        "201605": "34.94",
        "201606": "37.42",
        "201607": "37.96",
        "201608": "39.01",
        "201609": "37.83",
        "201610": "36.91",
        "201611": "36.24",
        "201612": "37.12",
        "201701": "37.46",
        "201702": "39.27",
        "201703": "38.42",
        "201704": "36.62",
        "201705": "35.94",
        "201706": "34.16",
        "201707": "33.26",
        "201708": "32.65",
        "201709": "28.75",
        "201710": "29.32",
        "201711": "31.47",
        "201712": "30.79",
        "201801": "33.32",
        "201802": "31.80",
        "201803": "33.62",
        "201804": "35.75",
        "201805": "35.62",
        "201806": "35.94",
        "201807": "34.29",
        "201808": "34.17",
        "201809": "34.56",
        "201810": "44.63",
        "201811": "45.67",
        "201812": "46.49",
        "201901": "46.22",
        "201902": "47.70",
        "201903": "47.93",
        "201904": "43.21",
        "201905": "40.71",
        "201906": "42.91",
        "201907": "42.36",
        "201908": "42.08",
        "201909": "42.66",
        "201910": "44.61",
        "201911": "46.88",
        "201912": "45.35",
        "202001": "44.58",
        "202002": "42.20",
        "202003": "36.75",
        "202004": "42.11",
        "202005": "44.68",
        "202006": "49.62",
        "202007": "51.41",
        "202008": "47.37",
        "202009": "40.88",
        "202010": "39.20",
        "202011": "40.80",
        "202012": "40.79",
        "202101": "40.02",
        "202102": "40.45",
        "202103": "44.59",
        "202104": "51.64",
        "202105": "51.86",
        "202106": "53.72",
        "202107": "62.56",
        "202108": "65.33",
        "202109": "72.28",
        "202110": "59.26",
        "202111": "67.41",
        "202112": "62.87",
        "202201": "64.95",
        "202202": "69.53",
        "202203": "73.42",
        "202204": "74.39",
        "202205": "73.84",
        "202206": "75.61",
        "202207": "66.79",
        "202208": "61.50",
        "202209": "57.49",
        "202210": "53.44",
        "202211": "43.74",
        "202212": "44.47",
        "202301": "43.61",
        "202302": "44.53",
        "202303": "39.09",
        "202304": "35.61",
        "202305": "35.33",
        "202306": "36.15",
        "202307": "35.54",
        "202308": "34.70",
        "202309": "35.50",
        "202310": "34.16",
        "202311": "35.18",
        "202312": "36.73"
    },
    "quarters": {
        "20011": {
            "year_quarter": 20011,
            "year": 2001,
            "quarter": 1,
            "eps": 1.34,
            "eps_growth_year": null,
            "eps_4q": 0.85,
            "eps_4q_growth_year": null,
            "roe": 12.41,
            "roe_4q": 12.41,
            "gross_profit": 160545,
            "gross_margin": 15.34,
            "gross_margin_4q_avg": 15.34,
            "net_income": 1050227,
            "net_income_4q": null,
            "revenue": 1046634,
            "revenue_4q": null,
            "common_shares": 7830435,
            "book_valuer_per_share": 11.47,
            "book_valuer_per_share_4q_avg": 11.47,
            "equity": 8978625,
            "current_ratio": 115.35,
            "debt_ratio": 61.96,
            "inventory_turnover_ratio": 0.1,
            "account_receivable_turnover_ratio": null,
            "reinvestment_rate": null,
            "research_to_sale_ratio": null,
            "price_fair": 0,
            "eps_avg_yearly": 0,
            "eps_latest_yearly": 0,
            "eps_growth_yearly": 0
        },
        "20012": {
            "year_quarter": 20012,
            "year": 2001,
            "quarter": 2,
            "eps": 0.04,
            "eps_growth_year": null,
            "eps_4q": 1.25,
            "eps_4q_growth_year": null,
            "roe": 0.32,
            "roe_4q": 12.73,
            "gross_profit": 156664,
            "gross_margin": 9.68,
            "gross_margin_4q_avg": 12.51,
            "net_income": 28996,
            "net_income_4q": null,
            "revenue": 1618164,
            "revenue_4q": null,
            "common_shares": 7830435,
            "book_valuer_per_share": 11.56,
            "book_valuer_per_share_4q_avg": 11.52,
            "equity": 9053929,
            "current_ratio": 111.48,
            "debt_ratio": 62.37,
            "inventory_turnover_ratio": 0.16,
            "account_receivable_turnover_ratio": null,
            "reinvestment_rate": null,
            "research_to_sale_ratio": null,
            "price_fair": 0,
            "eps_avg_yearly": 0,
            "eps_latest_yearly": 0,
            "eps_growth_yearly": 0
        },
        "20013": {
            "year_quarter": 20013,
            "year": 2001,
            "quarter": 3,
            "eps": -0.35,
            "eps_growth_year": null,
            "eps_4q": 1.17,
            "eps_4q_growth_year": null,
            "roe": -3.04,
            "roe_4q": 9.69,
            "gross_profit": 57267,
            "gross_margin": 3.38,
            "gross_margin_4q_avg": 9.47,
            "net_income": -270391,
            "net_income_4q": null,
            "revenue": 1692931,
            "revenue_4q": null,
            "common_shares": 7830435,
            "book_valuer_per_share": 11.16,
            "book_valuer_per_share_4q_avg": 11.4,
            "equity": 8739660,
            "current_ratio": 111.76,
            "debt_ratio": 63.48,
            "inventory_turnover_ratio": 0.18,
            "account_receivable_turnover_ratio": null,
            "reinvestment_rate": null,
            "research_to_sale_ratio": null,
            "price_fair": 0,
            "eps_avg_yearly": 0,
            "eps_latest_yearly": 0,
            "eps_growth_yearly": 0
        },
        "20014": {
            "year_quarter": 20014,
            "year": 2001,
            "quarter": 4,
            "eps": -0.67,
            "eps_growth_year": -578.57,
            "eps_4q": 0.48,
            "eps_4q_growth_year": null,
            "roe": -6.07,
            "roe_4q": 3.620000000000001,
            "gross_profit": 190160,
            "gross_margin": 6.88,
            "gross_margin_4q_avg": 8.82,
            "net_income": -523375,
            "net_income_4q": null,
            "revenue": 2762470,
            "revenue_4q": null,
            "common_shares": 7830435,
            "book_valuer_per_share": 10.46,
            "book_valuer_per_share_4q_avg": 11.16,
            "equity": 8505424,
            "current_ratio": 102.64,
            "debt_ratio": 64.94,
            "inventory_turnover_ratio": 0.31,
            "account_receivable_turnover_ratio": null,
            "reinvestment_rate": null,
            "research_to_sale_ratio": null,
            "price_fair": 0,
            "eps_avg_yearly": 0,
            "eps_latest_yearly": 0,
            "eps_growth_yearly": 0
        },
        "20021": {
            "year_quarter": 20021,
            "year": 2002,
            "quarter": 1,
            "eps": 0.11,
            "eps_growth_year": -91.79,
            "eps_4q": -0.91,
            "eps_4q_growth_year": -207.23,
            "roe": 0.98,
            "roe_4q": -7.809999999999999,
            "gross_profit": 96320,
            "gross_margin": 5.66,
            "gross_margin_4q_avg": 6.4,
            "net_income": 82478,
            "net_income_4q": null,
            "revenue": 1701617,
            "revenue_4q": null,
            "common_shares": 7830435,
            "book_valuer_per_share": 10.63,
            "book_valuer_per_share_4q_avg": 10.95,
            "equity": 8322276,
            "current_ratio": 108.23,
            "debt_ratio": 60.23,
            "inventory_turnover_ratio": 0.22,
            "account_receivable_turnover_ratio": null,
            "reinvestment_rate": null,
            "research_to_sale_ratio": null,
            "price_fair": 0,
            "eps_avg_yearly": 0,
            "eps_latest_yearly": 0,
            "eps_growth_yearly": 0
        },
        "20022": {
            "year_quarter": 20022,
            "year": 2002,
            "quarter": 2,
            "eps": 0.39,
            "eps_growth_year": 875,
            "eps_4q": -0.54,
            "eps_4q_growth_year": -142.92,
            "roe": 3.54,
            "roe_4q": -4.590000000000001,
            "gross_profit": 140435,
            "gross_margin": 10.74,
            "gross_margin_4q_avg": 6.67,
            "net_income": 299352,
            "net_income_4q": null,
            "revenue": 1307443,
            "revenue_4q": null,
            "common_shares": 7830435,
            "book_valuer_per_share": 11,
            "book_valuer_per_share_4q_avg": 10.81,
            "equity": 8610981,
            "current_ratio": 115.9,
            "debt_ratio": 57.35,
            "inventory_turnover_ratio": 0.18,
            "account_receivable_turnover_ratio": null,
            "reinvestment_rate": null,
            "research_to_sale_ratio": null,
            "price_fair": 54.6,
            "eps_avg_yearly": 1.56,
            "eps_latest_yearly": 1.56,
            "eps_growth_yearly": 1018.18
        },
        "20023": {
            "year_quarter": 20023,
            "year": 2002,
            "quarter": 3,
            "eps": -0.19,
            "eps_growth_year": null,
            "eps_4q": -0.37,
            "eps_4q_growth_year": -131.45,
            "roe": -1.71,
            "roe_4q": -3.2600000000000002,
            "gross_profit": 116271,
            "gross_margin": 9.56,
            "gross_margin_4q_avg": 8.21,
            "net_income": -146398,
            "net_income_4q": null,
            "revenue": 1215769,
            "revenue_4q": null,
            "common_shares": 7830435,
            "book_valuer_per_share": 10.82,
            "book_valuer_per_share_4q_avg": 10.73,
            "equity": 8473891,
            "current_ratio": 102.79,
            "debt_ratio": 57.75,
            "inventory_turnover_ratio": 0.18,
            "account_receivable_turnover_ratio": null,
            "reinvestment_rate": null,
            "research_to_sale_ratio": null,
            "price_fair": 54.6,
            "eps_avg_yearly": 1.56,
            "eps_latest_yearly": 1.56,
            "eps_growth_yearly": 1018.18
        },
        "20024": {
            "year_quarter": 20024,
            "year": 2002,
            "quarter": 4,
            "eps": -0.2,
            "eps_growth_year": null,
            "eps_4q": 0.7,
            "eps_4q_growth_year": 47.62,
            "roe": -1.81,
            "roe_4q": 1,
            "gross_profit": 144225,
            "gross_margin": 11.86,
            "gross_margin_4q_avg": 9.46,
            "net_income": -154915,
            "net_income_4q": null,
            "revenue": 1215820,
            "revenue_4q": null,
            "common_shares": 7830435,
            "book_valuer_per_share": 10.65,
            "book_valuer_per_share_4q_avg": 10.78,
            "equity": 8678354,
            "current_ratio": 101.14,
            "debt_ratio": 60.58,
            "inventory_turnover_ratio": 0.19,
            "account_receivable_turnover_ratio": null,
            "reinvestment_rate": null,
            "research_to_sale_ratio": null,
            "price_fair": 54.6,
            "eps_avg_yearly": 1.56,
            "eps_latest_yearly": 1.56,
            "eps_growth_yearly": 1018.18
        },
        "20031": {
            "year_quarter": 20031,
            "year": 2003,
            "quarter": 1,
            "eps": 0.41,
            "eps_growth_year": 272.73,
            "eps_4q": 0.41,
            "eps_4q_growth_year": null,
            "roe": 3.69,
            "roe_4q": 3.71,
            "gross_profit": 901818,
            "gross_margin": 37.34,
            "gross_margin_4q_avg": 17.38,
            "net_income": 314628,
            "net_income_4q": null,
            "revenue": 2415155,
            "revenue_4q": null,
            "common_shares": 7830435,
            "book_valuer_per_share": 10.69,
            "book_valuer_per_share_4q_avg": 10.79,
            "equity": 8371324,
            "current_ratio": 89.31,
            "debt_ratio": 56.28,
            "inventory_turnover_ratio": 0.28,
            "account_receivable_turnover_ratio": null,
            "reinvestment_rate": null,
            "research_to_sale_ratio": null,
            "price_fair": 54.6,
            "eps_avg_yearly": 1.56,
            "eps_latest_yearly": 1.56,
            "eps_growth_yearly": 1018.18
        },
        "20032": {
            "year_quarter": 20032,
            "year": 2003,
            "quarter": 2,
            "eps": -0.2,
            "eps_growth_year": -151.28,
            "eps_4q": -0.18,
            "eps_4q_growth_year": null,
            "roe": -1.83,
            "roe_4q": -1.6600000000000001,
            "gross_profit": 90875,
            "gross_margin": 7.34,
            "gross_margin_4q_avg": 16.53,
            "net_income": -151665,
            "net_income_4q": null,
            "revenue": 1238196,
            "revenue_4q": null,
            "common_shares": 7830435,
            "book_valuer_per_share": 10.44,
            "book_valuer_per_share_4q_avg": 10.65,
            "equity": 8174243,
            "current_ratio": 79.98,
            "debt_ratio": 57.96,
            "inventory_turnover_ratio": 0.23,
            "account_receivable_turnover_ratio": null,
            "reinvestment_rate": null,
            "research_to_sale_ratio": null,
            "price_fair": 54.6,
            "eps_avg_yearly": 1.56,
            "eps_latest_yearly": 1.56,
            "eps_growth_yearly": 1018.18
        },
        "20033": {
            "year_quarter": 20033,
            "year": 2003,
            "quarter": 3,
            "eps": -0.14,
            "eps_growth_year": null,
            "eps_4q": -0.13,
            "eps_4q_growth_year": null,
            "roe": -1.31,
            "roe_4q": -1.2600000000000002,
            "gross_profit": 125573,
            "gross_margin": 10.23,
            "gross_margin_4q_avg": 16.69,
            "net_income": -107100,
            "net_income_4q": null,
            "revenue": 1227376,
            "revenue_4q": null,
            "common_shares": 7830435,
            "book_valuer_per_share": 10.37,
            "book_valuer_per_share_4q_avg": 10.54,
            "equity": 8118051,
            "current_ratio": 68.94,
            "debt_ratio": 56.88,
            "inventory_turnover_ratio": 0.24,
            "account_receivable_turnover_ratio": null,
            "reinvestment_rate": null,
            "research_to_sale_ratio": null,
            "price_fair": 54.6,
            "eps_avg_yearly": 1.56,
            "eps_latest_yearly": 1.56,
            "eps_growth_yearly": 1018.18
        },
        "20034": {
            "year_quarter": 20034,
            "year": 2003,
            "quarter": 4,
            "eps": -0.06,
            "eps_growth_year": null,
            "eps_4q": 0.02,
            "eps_4q_growth_year": -97.8,
            "roe": -0.59,
            "roe_4q": -0.040000000000000036,
            "gross_profit": 220303,
            "gross_margin": 16.75,
            "gross_margin_4q_avg": 17.92,
            "net_income": -49296,
            "net_income_4q": null,
            "revenue": 1315463,
            "revenue_4q": null,
            "common_shares": 7830435,
            "book_valuer_per_share": 10.47,
            "book_valuer_per_share_4q_avg": 10.49,
            "equity": 8668148,
            "current_ratio": 120.79,
            "debt_ratio": 62.94,
            "inventory_turnover_ratio": 0.19,
            "account_receivable_turnover_ratio": null,
            "reinvestment_rate": null,
            "research_to_sale_ratio": null,
            "price_fair": 54.6,
            "eps_avg_yearly": 1.56,
            "eps_latest_yearly": 1.56,
            "eps_growth_yearly": 1018.18
        },
        "20041": {
            "year_quarter": 20041,
            "year": 2004,
            "quarter": 1,
            "eps": 0.03,
            "eps_growth_year": -92.68,
            "eps_4q": -0.36,
            "eps_4q_growth_year": -189.2,
            "roe": 0.28,
            "roe_4q": -3.45,
            "gross_profit": 211366,
            "gross_margin": 12.53,
            "gross_margin_4q_avg": 11.71,
            "net_income": 23489,
            "net_income_4q": null,
            "revenue": 1687319,
            "revenue_4q": null,
            "common_shares": 7830435,
            "book_valuer_per_share": 10.54,
            "book_valuer_per_share_4q_avg": 10.46,
            "equity": 8255265,
            "current_ratio": 124.41,
            "debt_ratio": 62.43,
            "inventory_turnover_ratio": 0.21,
            "account_receivable_turnover_ratio": null,
            "reinvestment_rate": 11727.63,
            "research_to_sale_ratio": null,
            "price_fair": 54.6,
            "eps_avg_yearly": 1.56,
            "eps_latest_yearly": 1.56,
            "eps_growth_yearly": 1018.18
        },
        "20042": {
            "year_quarter": 20042,
            "year": 2004,
            "quarter": 2,
            "eps": -0.14,
            "eps_growth_year": null,
            "eps_4q": -0.31,
            "eps_4q_growth_year": null,
            "roe": -1.35,
            "roe_4q": -2.97,
            "gross_profit": 177041,
            "gross_margin": 9.65,
            "gross_margin_4q_avg": 12.29,
            "net_income": -110980,
            "net_income_4q": null,
            "revenue": 1834576,
            "revenue_4q": null,
            "common_shares": 7830435,
            "book_valuer_per_share": 10.39,
            "book_valuer_per_share_4q_avg": 10.44,
            "equity": 8137768,
            "current_ratio": 108.86,
            "debt_ratio": 62.52,
            "inventory_turnover_ratio": 0.23,
            "account_receivable_turnover_ratio": null,
            "reinvestment_rate": 963.6,
            "research_to_sale_ratio": null,
            "price_fair": 54.6,
            "eps_avg_yearly": 1.56,
            "eps_latest_yearly": 1.56,
            "eps_growth_yearly": 1018.18
        },
        "20043": {
            "year_quarter": 20043,
            "year": 2004,
            "quarter": 3,
            "eps": 0.12,
            "eps_growth_year": null,
            "eps_4q": -0.05,
            "eps_4q_growth_year": null,
            "roe": 1.18,
            "roe_4q": -0.4800000000000001,
            "gross_profit": 216897,
            "gross_margin": 14.32,
            "gross_margin_4q_avg": 13.31,
            "net_income": 96265,
            "net_income_4q": null,
            "revenue": 1514816,
            "revenue_4q": null,
            "common_shares": 7830435,
            "book_valuer_per_share": 10.53,
            "book_valuer_per_share_4q_avg": 10.48,
            "equity": 8243330,
            "current_ratio": 107.06,
            "debt_ratio": 62.81,
            "inventory_turnover_ratio": 0.19,
            "account_receivable_turnover_ratio": null,
            "reinvestment_rate": 250.05,
            "research_to_sale_ratio": null,
            "price_fair": 54.6,
            "eps_avg_yearly": 1.56,
            "eps_latest_yearly": 1.56,
            "eps_growth_yearly": 1018.18
        },
        "20044": {
            "year_quarter": 20044,
            "year": 2004,
            "quarter": 4,
            "eps": 0.26,
            "eps_growth_year": null,
            "eps_4q": 0.27,
            "eps_4q_growth_year": 1655.21,
            "roe": 2.3,
            "roe_4q": 2.4099999999999993,
            "gross_profit": 404848,
            "gross_margin": 15.42,
            "gross_margin_4q_avg": 12.98,
            "net_income": 196648,
            "net_income_4q": null,
            "revenue": 2625507,
            "revenue_4q": null,
            "common_shares": 7830435,
            "book_valuer_per_share": 10.65,
            "book_valuer_per_share_4q_avg": 10.53,
            "equity": 8855304,
            "current_ratio": 116.87,
            "debt_ratio": 66.49,
            "inventory_turnover_ratio": 0.33,
            "account_receivable_turnover_ratio": null,
            "reinvestment_rate": 603.32,
            "research_to_sale_ratio": null,
            "price_fair": 45.5,
            "eps_avg_yearly": 1.3,
            "eps_latest_yearly": 1.04,
            "eps_growth_yearly": 742.42
        },
        "20051": {
            "year_quarter": 20051,
            "year": 2005,
            "quarter": 1,
            "eps": -0.04,
            "eps_growth_year": -233.33,
            "eps_4q": 0.2,
            "eps_4q_growth_year": null,
            "roe": -0.35,
            "roe_4q": 1.7799999999999998,
            "gross_profit": 349220,
            "gross_margin": 15.84,
            "gross_margin_4q_avg": 13.81,
            "net_income": -30154,
            "net_income_4q": null,
            "revenue": 2204840,
            "revenue_4q": null,
            "common_shares": 7830435,
            "book_valuer_per_share": 10.6,
            "book_valuer_per_share_4q_avg": 10.54,
            "equity": 8302595,
            "current_ratio": 119.09,
            "debt_ratio": 62.18,
            "inventory_turnover_ratio": 0.27,
            "account_receivable_turnover_ratio": null,
            "reinvestment_rate": null,
            "research_to_sale_ratio": null,
            "price_fair": 45.5,
            "eps_avg_yearly": 1.3,
            "eps_latest_yearly": 1.04,
            "eps_growth_yearly": 742.42
        },
        "20052": {
            "year_quarter": 20052,
            "year": 2005,
            "quarter": 2,
            "eps": -0.08,
            "eps_growth_year": null,
            "eps_4q": 0.25,
            "eps_4q_growth_year": null,
            "roe": -0.77,
            "roe_4q": 2.3599999999999994,
            "gross_profit": 275872,
            "gross_margin": 18.6,
            "gross_margin_4q_avg": 16.05,
            "net_income": -63776,
            "net_income_4q": null,
            "revenue": 1483461,
            "revenue_4q": null,
            "common_shares": 7830435,
            "book_valuer_per_share": 10.46,
            "book_valuer_per_share_4q_avg": 10.56,
            "equity": 8187787,
            "current_ratio": 129.16,
            "debt_ratio": 62.07,
            "inventory_turnover_ratio": 0.17,
            "account_receivable_turnover_ratio": null,
            "reinvestment_rate": null,
            "research_to_sale_ratio": null,
            "price_fair": 45.5,
            "eps_avg_yearly": 1.3,
            "eps_latest_yearly": 1.04,
            "eps_growth_yearly": 742.42
        },
        "20053": {
            "year_quarter": 20053,
            "year": 2005,
            "quarter": 3,
            "eps": 0.39,
            "eps_growth_year": 225,
            "eps_4q": 0.52,
            "eps_4q_growth_year": null,
            "roe": 3.6,
            "roe_4q": 4.779999999999999,
            "gross_profit": 344873,
            "gross_margin": 18.61,
            "gross_margin_4q_avg": 17.12,
            "net_income": 301090,
            "net_income_4q": null,
            "revenue": 1853530,
            "revenue_4q": null,
            "common_shares": 7830435,
            "book_valuer_per_share": 10.88,
            "book_valuer_per_share_4q_avg": 10.65,
            "equity": 8521533,
            "current_ratio": 107.07,
            "debt_ratio": 61.43,
            "inventory_turnover_ratio": 0.21,
            "account_receivable_turnover_ratio": null,
            "reinvestment_rate": null,
            "research_to_sale_ratio": null,
            "price_fair": 45.5,
            "eps_avg_yearly": 1.3,
            "eps_latest_yearly": 1.04,
            "eps_growth_yearly": 742.42
        },
        "20054": {
            "year_quarter": 20054,
            "year": 2005,
            "quarter": 4,
            "eps": 0.12,
            "eps_growth_year": -53.85,
            "eps_4q": 0.39,
            "eps_4q_growth_year": 42.64,
            "roe": 1.05,
            "roe_4q": 3.5300000000000002,
            "gross_profit": 516883,
            "gross_margin": 20.29,
            "gross_margin_4q_avg": 18.34,
            "net_income": 92963,
            "net_income_4q": null,
            "revenue": 2547546,
            "revenue_4q": null,
            "common_shares": 7830435,
            "book_valuer_per_share": 10.81,
            "book_valuer_per_share_4q_avg": 10.69,
            "equity": 9127554,
            "current_ratio": 108.91,
            "debt_ratio": 63.25,
            "inventory_turnover_ratio": 0.27,
            "account_receivable_turnover_ratio": null,
            "reinvestment_rate": 303.54,
            "research_to_sale_ratio": null,
            "price_fair": 35.93,
            "eps_avg_yearly": 1.03,
            "eps_latest_yearly": 0.48,
            "eps_growth_yearly": 402.64
        },
        "20061": {
            "year_quarter": 20061,
            "year": 2006,
            "quarter": 1,
            "eps": 0.16,
            "eps_growth_year": null,
            "eps_4q": 0.6,
            "eps_4q_growth_year": 197.28,
            "roe": 1.36,
            "roe_4q": 5.24,
            "gross_profit": 581392,
            "gross_margin": 19.58,
            "gross_margin_4q_avg": 19.27,
            "net_income": 120501,
            "net_income_4q": null,
            "revenue": 2968696,
            "revenue_4q": null,
            "common_shares": 7593185,
            "book_valuer_per_share": 11.37,
            "book_valuer_per_share_4q_avg": 10.88,
            "equity": 8632484,
            "current_ratio": 99.59,
            "debt_ratio": 62.12,
            "inventory_turnover_ratio": 0.3,
            "account_receivable_turnover_ratio": null,
            "reinvestment_rate": 79.91,
            "research_to_sale_ratio": null,
            "price_fair": 32.55,
            "eps_avg_yearly": 0.93,
            "eps_latest_yearly": 0.64,
            "eps_growth_yearly": 335.31
        },
        "20062": {
            "year_quarter": 20062,
            "year": 2006,
            "quarter": 2,
            "eps": 1.26,
            "eps_growth_year": null,
            "eps_4q": 1.95,
            "eps_4q_growth_year": 667.48,
            "roe": 10.42,
            "roe_4q": 16.43,
            "gross_profit": 457080,
            "gross_margin": 19.69,
            "gross_margin_4q_avg": 19.54,
            "net_income": 939241,
            "net_income_4q": null,
            "revenue": 2321940,
            "revenue_4q": null,
            "common_shares": 7593185,
            "book_valuer_per_share": 12.37,
            "book_valuer_per_share_4q_avg": 11.36,
            "equity": 9394048,
            "current_ratio": 111.07,
            "debt_ratio": 55.61,
            "inventory_turnover_ratio": 0.25,
            "account_receivable_turnover_ratio": null,
            "reinvestment_rate": 30.65,
            "research_to_sale_ratio": null,
            "price_fair": 63,
            "eps_avg_yearly": 1.8,
            "eps_latest_yearly": 5.04,
            "eps_growth_yearly": 768.27
        },
        "20063": {
            "year_quarter": 20063,
            "year": 2006,
            "quarter": 3,
            "eps": 0.26,
            "eps_growth_year": -33.33,
            "eps_4q": 1.79,
            "eps_4q_growth_year": 243.05,
            "roe": 2.06,
            "roe_4q": 14.89,
            "gross_profit": 509232,
            "gross_margin": 19.64,
            "gross_margin_4q_avg": 19.8,
            "net_income": 195330,
            "net_income_4q": null,
            "revenue": 2593216,
            "revenue_4q": null,
            "common_shares": 7593185,
            "book_valuer_per_share": 12.62,
            "book_valuer_per_share_4q_avg": 11.79,
            "equity": 9582546,
            "current_ratio": 120.22,
            "debt_ratio": 53.34,
            "inventory_turnover_ratio": 0.29,
            "account_receivable_turnover_ratio": null,
            "reinvestment_rate": 4.84,
            "research_to_sale_ratio": null,
            "price_fair": 57.68,
            "eps_avg_yearly": 1.65,
            "eps_latest_yearly": 1.04,
            "eps_growth_yearly": 551.12
        },
        "20064": {
            "year_quarter": 20064,
            "year": 2006,
            "quarter": 4,
            "eps": 0.43,
            "eps_growth_year": 258.33,
            "eps_4q": 2.1,
            "eps_4q_growth_year": 442.99,
            "roe": 3.12,
            "roe_4q": 16.96,
            "gross_profit": 769005,
            "gross_margin": 23.29,
            "gross_margin_4q_avg": 20.55,
            "net_income": 322469,
            "net_income_4q": null,
            "revenue": 3301991,
            "revenue_4q": null,
            "common_shares": 7593185,
            "book_valuer_per_share": 13.41,
            "book_valuer_per_share_4q_avg": 12.44,
            "equity": 11092805,
            "current_ratio": 134.56,
            "debt_ratio": 54.16,
            "inventory_turnover_ratio": 0.32,
            "account_receivable_turnover_ratio": null,
            "reinvestment_rate": -17.17,
            "research_to_sale_ratio": null,
            "price_fair": 58.1,
            "eps_avg_yearly": 1.66,
            "eps_latest_yearly": 1.72,
            "eps_growth_yearly": 502.86
        },
        "20071": {
            "year_quarter": 20071,
            "year": 2007,
            "quarter": 1,
            "eps": 0.52,
            "eps_growth_year": 225,
            "eps_4q": 2.46,
            "eps_4q_growth_year": 311.21,
            "roe": 3.61,
            "roe_4q": 19.21,
            "gross_profit": 804381,
            "gross_margin": 22.25,
            "gross_margin_4q_avg": 21.22,
            "net_income": 390293,
            "net_income_4q": null,
            "revenue": 3614409,
            "revenue_4q": null,
            "common_shares": 7593185,
            "book_valuer_per_share": 13.85,
            "book_valuer_per_share_4q_avg": 13.06,
            "equity": 10514816,
            "current_ratio": 125.89,
            "debt_ratio": 51.1,
            "inventory_turnover_ratio": 0.33,
            "account_receivable_turnover_ratio": null,
            "reinvestment_rate": -38.28,
            "research_to_sale_ratio": null,
            "price_fair": 60.2,
            "eps_avg_yearly": 1.72,
            "eps_latest_yearly": 2.08,
            "eps_growth_yearly": 442.98
        },
        "20072": {
            "year_quarter": 20072,
            "year": 2007,
            "quarter": 2,
            "eps": 0.97,
            "eps_growth_year": -23.02,
            "eps_4q": 2.17,
            "eps_4q_growth_year": 11.42,
            "roe": 7.22,
            "roe_4q": 16.009999999999998,
            "gross_profit": 562514,
            "gross_margin": 21.22,
            "gross_margin_4q_avg": 21.6,
            "net_income": 732204,
            "net_income_4q": null,
            "revenue": 2650961,
            "revenue_4q": null,
            "common_shares": 7593185,
            "book_valuer_per_share": 12.88,
            "book_valuer_per_share_4q_avg": 13.19,
            "equity": 9778007,
            "current_ratio": 125.5,
            "debt_ratio": 54.51,
            "inventory_turnover_ratio": 0.24,
            "account_receivable_turnover_ratio": null,
            "reinvestment_rate": -34.96,
            "research_to_sale_ratio": null,
            "price_fair": 69.65,
            "eps_avg_yearly": 1.99,
            "eps_latest_yearly": 3.88,
            "eps_growth_yearly": 430.88
        },
        "20073": {
            "year_quarter": 20073,
            "year": 2007,
            "quarter": 3,
            "eps": 0.15,
            "eps_growth_year": -42.31,
            "eps_4q": 2.09,
            "eps_4q_growth_year": 16.46,
            "roe": 1.14,
            "roe_4q": 15.09,
            "gross_profit": 485023,
            "gross_margin": 16.3,
            "gross_margin_4q_avg": 20.77,
            "net_income": 111742,
            "net_income_4q": null,
            "revenue": 2976125,
            "revenue_4q": null,
            "common_shares": 7593185,
            "book_valuer_per_share": 13.04,
            "book_valuer_per_share_4q_avg": 13.3,
            "equity": 9899000,
            "current_ratio": 122.09,
            "debt_ratio": 54.42,
            "inventory_turnover_ratio": 0.27,
            "account_receivable_turnover_ratio": null,
            "reinvestment_rate": -50.9,
            "research_to_sale_ratio": null,
            "price_fair": 64.24,
            "eps_avg_yearly": 1.84,
            "eps_latest_yearly": 0.6,
            "eps_growth_yearly": 345.43
        },
        "20074": {
            "year_quarter": 20074,
            "year": 2007,
            "quarter": 4,
            "eps": -0.1,
            "eps_growth_year": -123.26,
            "eps_4q": 1.44,
            "eps_4q_growth_year": -31.7,
            "roe": -0.7,
            "roe_4q": 11.27,
            "gross_profit": 558739,
            "gross_margin": 21.05,
            "gross_margin_4q_avg": 20.21,
            "net_income": -72363,
            "net_income_4q": null,
            "revenue": 2654766,
            "revenue_4q": null,
            "common_shares": 7593185,
            "book_valuer_per_share": 12.72,
            "book_valuer_per_share_4q_avg": 13.12,
            "equity": 10651525,
            "current_ratio": 134.45,
            "debt_ratio": 56.71,
            "inventory_turnover_ratio": 0.21,
            "account_receivable_turnover_ratio": null,
            "reinvestment_rate": -49.95,
            "research_to_sale_ratio": null,
            "price_fair": 64.24,
            "eps_avg_yearly": 1.84,
            "eps_latest_yearly": 0.6,
            "eps_growth_yearly": 345.43
        },
        "20081": {
            "year_quarter": 20081,
            "year": 2008,
            "quarter": 1,
            "eps": 0.49,
            "eps_growth_year": -5.77,
            "eps_4q": 1.44,
            "eps_4q_growth_year": -41.39,
            "roe": 3.54,
            "roe_4q": 11.2,
            "gross_profit": 746691,
            "gross_margin": 14.5,
            "gross_margin_4q_avg": 18.27,
            "net_income": 386724,
            "net_income_4q": null,
            "revenue": 5148918,
            "revenue_4q": null,
            "common_shares": 7593185,
            "book_valuer_per_share": 13.24,
            "book_valuer_per_share_4q_avg": 12.97,
            "equity": 11171196,
            "current_ratio": 134.79,
            "debt_ratio": 60.13,
            "inventory_turnover_ratio": 0.38,
            "account_receivable_turnover_ratio": null,
            "reinvestment_rate": -44.81,
            "research_to_sale_ratio": null,
            "price_fair": 64.24,
            "eps_avg_yearly": 1.84,
            "eps_latest_yearly": 0.6,
            "eps_growth_yearly": 345.43
        },
        "20082": {
            "year_quarter": 20082,
            "year": 2008,
            "quarter": 2,
            "eps": 0.28,
            "eps_growth_year": -71.13,
            "eps_4q": 0.6,
            "eps_4q_growth_year": -72.39,
            "roe": 2.69,
            "roe_4q": 6.67,
            "gross_profit": 747388,
            "gross_margin": 12.25,
            "gross_margin_4q_avg": 16.03,
            "net_income": 288878,
            "net_income_4q": null,
            "revenue": 6101514,
            "revenue_4q": null,
            "common_shares": 7593185,
            "book_valuer_per_share": 12.1,
            "book_valuer_per_share_4q_avg": 12.78,
            "equity": 10306875,
            "current_ratio": 121.11,
            "debt_ratio": 62.93,
            "inventory_turnover_ratio": 0.43,
            "account_receivable_turnover_ratio": null,
            "reinvestment_rate": -45.05,
            "research_to_sale_ratio": null,
            "price_fair": 61.74,
            "eps_avg_yearly": 1.76,
            "eps_latest_yearly": 1.12,
            "eps_growth_yearly": 293.75
        },
        "20083": {
            "year_quarter": 20083,
            "year": 2008,
            "quarter": 3,
            "eps": 0.1,
            "eps_growth_year": -33.33,
            "eps_4q": 0.36,
            "eps_4q_growth_year": -82.59,
            "roe": 1.54,
            "roe_4q": 7.07,
            "gross_profit": 649463,
            "gross_margin": 11.8,
            "gross_margin_4q_avg": 14.9,
            "net_income": 160184,
            "net_income_4q": null,
            "revenue": 5504291,
            "revenue_4q": null,
            "common_shares": 7593185,
            "book_valuer_per_share": 12.05,
            "book_valuer_per_share_4q_avg": 12.53,
            "equity": 10490013,
            "current_ratio": 122.67,
            "debt_ratio": 59.18,
            "inventory_turnover_ratio": 0.43,
            "account_receivable_turnover_ratio": null,
            "reinvestment_rate": -59.6,
            "research_to_sale_ratio": null,
            "price_fair": 57.4,
            "eps_avg_yearly": 1.64,
            "eps_latest_yearly": 0.4,
            "eps_growth_yearly": 243.66
        },
        "20084": {
            "year_quarter": 20084,
            "year": 2008,
            "quarter": 4,
            "eps": -0.02,
            "eps_growth_year": null,
            "eps_4q": 0.65,
            "eps_4q_growth_year": -55.02,
            "roe": 0.05,
            "roe_4q": 7.82,
            "gross_profit": 384301,
            "gross_margin": 6.47,
            "gross_margin_4q_avg": 11.26,
            "net_income": 5036,
            "net_income_4q": null,
            "revenue": 5938017,
            "revenue_4q": null,
            "common_shares": 7593185,
            "book_valuer_per_share": 12.12,
            "book_valuer_per_share_4q_avg": 12.38,
            "equity": 10580176,
            "current_ratio": 146.07,
            "debt_ratio": 58.73,
            "inventory_turnover_ratio": 0.59,
            "account_receivable_turnover_ratio": 6.26,
            "reinvestment_rate": -123.46,
            "research_to_sale_ratio": null,
            "price_fair": 59.5,
            "eps_avg_yearly": 1.7,
            "eps_latest_yearly": 0.4,
            "eps_growth_yearly": 221.36
        },
        "20091": {
            "year_quarter": 20091,
            "year": 2009,
            "quarter": 1,
            "eps": -0.02,
            "eps_growth_year": -104.08,
            "eps_4q": 0.34,
            "eps_4q_growth_year": -76.26,
            "roe": 0.12,
            "roe_4q": 4.4,
            "gross_profit": 559532,
            "gross_margin": 15.01,
            "gross_margin_4q_avg": 11.38,
            "net_income": 12935,
            "net_income_4q": null,
            "revenue": 3728166,
            "revenue_4q": null,
            "common_shares": 7593185,
            "book_valuer_per_share": 12.18,
            "book_valuer_per_share_4q_avg": 12.11,
            "equity": 10857358,
            "current_ratio": 148.13,
            "debt_ratio": 57.66,
            "inventory_turnover_ratio": 0.37,
            "account_receivable_turnover_ratio": 1.97,
            "reinvestment_rate": -5.58,
            "research_to_sale_ratio": null,
            "price_fair": 59.5,
            "eps_avg_yearly": 1.7,
            "eps_latest_yearly": 0.4,
            "eps_growth_yearly": 221.36
        },
        "20092": {
            "year_quarter": 20092,
            "year": 2009,
            "quarter": 2,
            "eps": 0.33,
            "eps_growth_year": 17.86,
            "eps_4q": 0.38,
            "eps_4q_growth_year": -36.81,
            "roe": 2.31,
            "roe_4q": 4.02,
            "gross_profit": 607977,
            "gross_margin": 15.98,
            "gross_margin_4q_avg": 12.32,
            "net_income": 256450,
            "net_income_4q": null,
            "revenue": 3803550,
            "revenue_4q": null,
            "common_shares": 7593185,
            "book_valuer_per_share": 12.88,
            "book_valuer_per_share_4q_avg": 12.31,
            "equity": 11357292,
            "current_ratio": 149.84,
            "debt_ratio": 56.76,
            "inventory_turnover_ratio": 0.39,
            "account_receivable_turnover_ratio": 1.98,
            "reinvestment_rate": -8.64,
            "research_to_sale_ratio": null,
            "price_fair": 59.5,
            "eps_avg_yearly": 1.7,
            "eps_latest_yearly": 0.4,
            "eps_growth_yearly": 221.36
        },
        "20093": {
            "year_quarter": 20093,
            "year": 2009,
            "quarter": 3,
            "eps": 0.1,
            "eps_growth_year": 0,
            "eps_4q": 0.31,
            "eps_4q_growth_year": -14.96,
            "roe": 0.82,
            "roe_4q": 3.3,
            "gross_profit": 701416,
            "gross_margin": 18.12,
            "gross_margin_4q_avg": 13.9,
            "net_income": 94198,
            "net_income_4q": null,
            "revenue": 3870913,
            "revenue_4q": null,
            "common_shares": 7593185,
            "book_valuer_per_share": 13.08,
            "book_valuer_per_share_4q_avg": 12.57,
            "equity": 11638042,
            "current_ratio": 149.2,
            "debt_ratio": 55.86,
            "inventory_turnover_ratio": 0.38,
            "account_receivable_turnover_ratio": 2.26,
            "reinvestment_rate": -4,
            "research_to_sale_ratio": null,
            "price_fair": 55.36,
            "eps_avg_yearly": 1.58,
            "eps_latest_yearly": 0.4,
            "eps_growth_yearly": 175.9
        },
        "20094": {
            "year_quarter": 20094,
            "year": 2009,
            "quarter": 4,
            "eps": 0.27,
            "eps_growth_year": null,
            "eps_4q": 0.68,
            "eps_4q_growth_year": 5.1,
            "roe": 2.87,
            "roe_4q": 6.12,
            "gross_profit": 921171,
            "gross_margin": 25.64,
            "gross_margin_4q_avg": 18.69,
            "net_income": 345919,
            "net_income_4q": null,
            "revenue": 3593048,
            "revenue_4q": null,
            "common_shares": 7593185,
            "book_valuer_per_share": 13.82,
            "book_valuer_per_share_4q_avg": 12.99,
            "equity": 12439796,
            "current_ratio": 164.23,
            "debt_ratio": 54.73,
            "inventory_turnover_ratio": 0.32,
            "account_receivable_turnover_ratio": 5.32,
            "reinvestment_rate": 148.2,
            "research_to_sale_ratio": null,
            "price_fair": 57.27,
            "eps_avg_yearly": 1.64,
            "eps_latest_yearly": 1.08,
            "eps_growth_yearly": 262.89
        },
        "20101": {
            "year_quarter": 20101,
            "year": 2010,
            "quarter": 1,
            "eps": 0.16,
            "eps_growth_year": null,
            "eps_4q": 0.86,
            "eps_4q_growth_year": 149.66,
            "roe": 1.7,
            "roe_4q": 7.700000000000001,
            "gross_profit": 731212,
            "gross_margin": 18.1,
            "gross_margin_4q_avg": 19.46,
            "net_income": 221486,
            "net_income_4q": null,
            "revenue": 4038861,
            "revenue_4q": null,
            "common_shares": 7593185,
            "book_valuer_per_share": 14.18,
            "book_valuer_per_share_4q_avg": 13.49,
            "equity": 13596475,
            "current_ratio": 181.48,
            "debt_ratio": 52.25,
            "inventory_turnover_ratio": 0.39,
            "account_receivable_turnover_ratio": 3.08,
            "reinvestment_rate": 194.23,
            "research_to_sale_ratio": 0.24,
            "price_fair": 57.27,
            "eps_avg_yearly": 1.64,
            "eps_latest_yearly": 0.64,
            "eps_growth_yearly": 235.95
        },
        "20102": {
            "year_quarter": 20102,
            "year": 2010,
            "quarter": 2,
            "eps": 0.38,
            "eps_growth_year": 15.28,
            "eps_4q": 0.91,
            "eps_4q_growth_year": 139.38,
            "roe": 2.28,
            "roe_4q": 7.67,
            "gross_profit": 515760,
            "gross_margin": 15.22,
            "gross_margin_4q_avg": 19.27,
            "net_income": 309599,
            "net_income_4q": null,
            "revenue": 3388887,
            "revenue_4q": null,
            "common_shares": 7593185,
            "book_valuer_per_share": 14.25,
            "book_valuer_per_share_4q_avg": 13.83,
            "equity": 13558590,
            "current_ratio": 156.45,
            "debt_ratio": 54.04,
            "inventory_turnover_ratio": 0.34,
            "account_receivable_turnover_ratio": 2.78,
            "reinvestment_rate": 258.22,
            "research_to_sale_ratio": 0.28,
            "price_fair": 46.07,
            "eps_avg_yearly": 1.32,
            "eps_latest_yearly": 1.52,
            "eps_growth_yearly": 35.95
        },
        "20103": {
            "year_quarter": 20103,
            "year": 2010,
            "quarter": 3,
            "eps": 0.11,
            "eps_growth_year": 9.24,
            "eps_4q": 0.92,
            "eps_4q_growth_year": 197.96,
            "roe": 0.86,
            "roe_4q": 7.71,
            "gross_profit": 645754,
            "gross_margin": 16.9,
            "gross_margin_4q_avg": 18.97,
            "net_income": 117371,
            "net_income_4q": null,
            "revenue": 3822068,
            "revenue_4q": null,
            "common_shares": 7593185,
            "book_valuer_per_share": 14.41,
            "book_valuer_per_share_4q_avg": 14.17,
            "equity": 13734058,
            "current_ratio": 150.38,
            "debt_ratio": 53.16,
            "inventory_turnover_ratio": 0.38,
            "account_receivable_turnover_ratio": 3.28,
            "reinvestment_rate": 277.59,
            "research_to_sale_ratio": 0.29,
            "price_fair": 44.16,
            "eps_avg_yearly": 1.26,
            "eps_latest_yearly": 0.44,
            "eps_growth_yearly": 38.98
        },
        "20104": {
            "year_quarter": 20104,
            "year": 2010,
            "quarter": 4,
            "eps": 0.74,
            "eps_growth_year": 173.66,
            "eps_4q": 1.39,
            "eps_4q_growth_year": 104.36,
            "roe": 3.71,
            "roe_4q": 8.549999999999999,
            "gross_profit": 659993,
            "gross_margin": 16.52,
            "gross_margin_4q_avg": 16.69,
            "net_income": 515072,
            "net_income_4q": null,
            "revenue": 3994313,
            "revenue_4q": null,
            "common_shares": 7593185,
            "book_valuer_per_share": 14.99,
            "book_valuer_per_share_4q_avg": 14.46,
            "equity": 14056579,
            "current_ratio": 136.28,
            "debt_ratio": 53.29,
            "inventory_turnover_ratio": 0.38,
            "account_receivable_turnover_ratio": 3.85,
            "reinvestment_rate": 256.13,
            "research_to_sale_ratio": 0.44,
            "price_fair": 48.11,
            "eps_avg_yearly": 1.37,
            "eps_latest_yearly": 2.96,
            "eps_growth_yearly": 223.46
        },
        "20111": {
            "year_quarter": 20111,
            "year": 2011,
            "quarter": 1,
            "eps": -0.1,
            "eps_growth_year": -162.5,
            "eps_4q": 1.13,
            "eps_4q_growth_year": 31.85,
            "roe": -1.07,
            "roe_4q": 5.779999999999999,
            "gross_profit": 295775,
            "gross_margin": 10.46,
            "gross_margin_4q_avg": 14.78,
            "net_income": -150398,
            "net_income_4q": null,
            "revenue": 2828541,
            "revenue_4q": null,
            "common_shares": 7593185,
            "book_valuer_per_share": 15.28,
            "book_valuer_per_share_4q_avg": 14.73,
            "equity": 14111122,
            "current_ratio": 152.69,
            "debt_ratio": 52.69,
            "inventory_turnover_ratio": 0.28,
            "account_receivable_turnover_ratio": 2.87,
            "reinvestment_rate": 312.53,
            "research_to_sale_ratio": 0.31,
            "price_fair": 45.64,
            "eps_avg_yearly": 1.3,
            "eps_latest_yearly": 2.96,
            "eps_growth_yearly": 237.44
        },
        "20112": {
            "year_quarter": 20112,
            "year": 2011,
            "quarter": 2,
            "eps": 0.84,
            "eps_growth_year": 120.96,
            "eps_4q": 1.59,
            "eps_4q_growth_year": 74.9,
            "roe": 4.61,
            "roe_4q": 8.11,
            "gross_profit": 712177,
            "gross_margin": 18.57,
            "gross_margin_4q_avg": 15.61,
            "net_income": 635257,
            "net_income_4q": null,
            "revenue": 3834231,
            "revenue_4q": null,
            "common_shares": 7593185,
            "book_valuer_per_share": 14.75,
            "book_valuer_per_share_4q_avg": 14.86,
            "equity": 13469523,
            "current_ratio": 124.47,
            "debt_ratio": 55.79,
            "inventory_turnover_ratio": 0.36,
            "account_receivable_turnover_ratio": 3.25,
            "reinvestment_rate": 386.37,
            "research_to_sale_ratio": 0.32,
            "price_fair": 35.62,
            "eps_avg_yearly": 1.02,
            "eps_latest_yearly": 2.96,
            "eps_growth_yearly": 225.36
        },
        "20113": {
            "year_quarter": 20113,
            "year": 2011,
            "quarter": 3,
            "eps": 0.47,
            "eps_growth_year": 330.65,
            "eps_4q": 1.95,
            "eps_4q_growth_year": 111.46,
            "roe": 2.92,
            "roe_4q": 10.17,
            "gross_profit": 1007813,
            "gross_margin": 24.13,
            "gross_margin_4q_avg": 17.42,
            "net_income": 392651,
            "net_income_4q": null,
            "revenue": 4177080,
            "revenue_4q": null,
            "common_shares": 7593185,
            "book_valuer_per_share": 14.96,
            "book_valuer_per_share_4q_avg": 15,
            "equity": 13407772,
            "current_ratio": 73.63,
            "debt_ratio": 66.4,
            "inventory_turnover_ratio": 0.39,
            "account_receivable_turnover_ratio": 2.71,
            "reinvestment_rate": 579.02,
            "research_to_sale_ratio": 0.2,
            "price_fair": 40.6,
            "eps_avg_yearly": 1.16,
            "eps_latest_yearly": 1.88,
            "eps_growth_yearly": 243.35
        },
        "20114": {
            "year_quarter": 20114,
            "year": 2011,
            "quarter": 4,
            "eps": 1.82,
            "eps_growth_year": 145.89,
            "eps_4q": 2.75,
            "eps_4q_growth_year": 98.37,
            "roe": 10.56,
            "roe_4q": 17.02,
            "gross_profit": 786470,
            "gross_margin": 19.85,
            "gross_margin_4q_avg": 18.25,
            "net_income": 1914664,
            "net_income_4q": null,
            "revenue": 3962783,
            "revenue_4q": null,
            "common_shares": 9793185,
            "book_valuer_per_share": 21.14,
            "book_valuer_per_share_4q_avg": 16.53,
            "equity": 22866624,
            "current_ratio": 101.91,
            "debt_ratio": 45.9,
            "inventory_turnover_ratio": 0.4,
            "account_receivable_turnover_ratio": 2.35,
            "reinvestment_rate": 477.97,
            "research_to_sale_ratio": 0.35,
            "price_fair": 62.02,
            "eps_avg_yearly": 1.77,
            "eps_latest_yearly": 7.28,
            "eps_growth_yearly": 333.91
        },
        "20121": {
            "year_quarter": 20121,
            "year": 2012,
            "quarter": 1,
            "eps": 0.01,
            "eps_growth_year": null,
            "eps_4q": 2.84,
            "eps_4q_growth_year": 151.53,
            "roe": 0.13,
            "roe_4q": 18.220000000000002,
            "gross_profit": 509425,
            "gross_margin": 15.76,
            "gross_margin_4q_avg": 19.58,
            "net_income": 28897,
            "net_income_4q": null,
            "revenue": 3231795,
            "revenue_4q": null,
            "common_shares": 9793185,
            "book_valuer_per_share": 21.23,
            "book_valuer_per_share_4q_avg": 18.02,
            "equity": 23080432,
            "current_ratio": 110.75,
            "debt_ratio": 45.4,
            "inventory_turnover_ratio": 0.36,
            "account_receivable_turnover_ratio": 1.99,
            "reinvestment_rate": 531.3,
            "research_to_sale_ratio": 0.3,
            "price_fair": 56.51,
            "eps_avg_yearly": 1.61,
            "eps_latest_yearly": 0.04,
            "eps_growth_yearly": 267.39
        },
        "20122": {
            "year_quarter": 20122,
            "year": 2012,
            "quarter": 2,
            "eps": 1.64,
            "eps_growth_year": 94.87,
            "eps_4q": 3.82,
            "eps_4q_growth_year": 140.81,
            "roe": 7.16,
            "roe_4q": 20.770000000000003,
            "gross_profit": 506602,
            "gross_margin": 16.02,
            "gross_margin_4q_avg": 18.94,
            "net_income": 1597720,
            "net_income_4q": null,
            "revenue": 3162013,
            "revenue_4q": null,
            "common_shares": 9793185,
            "book_valuer_per_share": 19.9,
            "book_valuer_per_share_4q_avg": 19.31,
            "equity": 21540558,
            "current_ratio": 93.85,
            "debt_ratio": 50.75,
            "inventory_turnover_ratio": 0.37,
            "account_receivable_turnover_ratio": 1.92,
            "reinvestment_rate": 420.28,
            "research_to_sale_ratio": 0.37,
            "price_fair": 73.82,
            "eps_avg_yearly": 2.11,
            "eps_latest_yearly": 6.56,
            "eps_growth_yearly": 6210.25
        },
        "20123": {
            "year_quarter": 20123,
            "year": 2012,
            "quarter": 3,
            "eps": 0.23,
            "eps_growth_year": -51.16,
            "eps_4q": 3.68,
            "eps_4q_growth_year": 89,
            "roe": 1.18,
            "roe_4q": 19.03,
            "gross_profit": 704026,
            "gross_margin": 21.82,
            "gross_margin_4q_avg": 18.36,
            "net_income": 258259,
            "net_income_4q": null,
            "revenue": 3226531,
            "revenue_4q": null,
            "common_shares": 9808079,
            "book_valuer_per_share": 20.37,
            "book_valuer_per_share_4q_avg": 20.66,
            "equity": 22368408,
            "current_ratio": 91.78,
            "debt_ratio": 50.57,
            "inventory_turnover_ratio": 0.33,
            "account_receivable_turnover_ratio": 2.02,
            "reinvestment_rate": 432.07,
            "research_to_sale_ratio": 0.5,
            "price_fair": 75.47,
            "eps_avg_yearly": 2.16,
            "eps_latest_yearly": 0.92,
            "eps_growth_yearly": 6202.36
        },
        "20124": {
            "year_quarter": 20124,
            "year": 2012,
            "quarter": 4,
            "eps": 1.56,
            "eps_growth_year": -14.02,
            "eps_4q": 3.4,
            "eps_4q_growth_year": 23.33,
            "roe": 6.87,
            "roe_4q": 15.340000000000002,
            "gross_profit": 729532,
            "gross_margin": 19.75,
            "gross_margin_4q_avg": 18.34,
            "net_income": 1642128,
            "net_income_4q": null,
            "revenue": 3694042,
            "revenue_4q": null,
            "common_shares": 9996255,
            "book_valuer_per_share": 22.93,
            "book_valuer_per_share_4q_avg": 21.11,
            "equity": 25429951,
            "current_ratio": 146.83,
            "debt_ratio": 55.14,
            "inventory_turnover_ratio": 0.23,
            "account_receivable_turnover_ratio": 2.34,
            "reinvestment_rate": 378.15,
            "research_to_sale_ratio": 0.43,
            "price_fair": 87.38,
            "eps_avg_yearly": 2.5,
            "eps_latest_yearly": 6.24,
            "eps_growth_yearly": 5878.25
        },
        "20131": {
            "year_quarter": 20131,
            "year": 2013,
            "quarter": 1,
            "eps": 0.85,
            "eps_growth_year": 8400,
            "eps_4q": 4.13,
            "eps_4q_growth_year": 45.64,
            "roe": 3.88,
            "roe_4q": 19.09,
            "gross_profit": 597966,
            "gross_margin": 16.89,
            "gross_margin_4q_avg": 18.62,
            "net_income": 953718,
            "net_income_4q": null,
            "revenue": 3539905,
            "revenue_4q": null,
            "common_shares": 10236296,
            "book_valuer_per_share": 20.76,
            "book_valuer_per_share_4q_avg": 20.99,
            "equity": 23774776,
            "current_ratio": 137.95,
            "debt_ratio": 57.24,
            "inventory_turnover_ratio": 0.17,
            "account_receivable_turnover_ratio": 2.05,
            "reinvestment_rate": 261.23,
            "research_to_sale_ratio": 0.36,
            "price_fair": 89.82,
            "eps_avg_yearly": 2.57,
            "eps_latest_yearly": 3.4,
            "eps_growth_yearly": 5412.08
        },
        "20132": {
            "year_quarter": 20132,
            "year": 2013,
            "quarter": 2,
            "eps": 1.42,
            "eps_growth_year": -13.31,
            "eps_4q": 3.94,
            "eps_4q_growth_year": 3.05,
            "roe": 7.69,
            "roe_4q": 19.62,
            "gross_profit": 562633,
            "gross_margin": 15.33,
            "gross_margin_4q_avg": 18.45,
            "net_income": 1536565,
            "net_income_4q": null,
            "revenue": 3669592,
            "revenue_4q": null,
            "common_shares": 10238647,
            "book_valuer_per_share": 13.35,
            "book_valuer_per_share_4q_avg": 19.35,
            "equity": 16189478,
            "current_ratio": 118.49,
            "debt_ratio": 69.11,
            "inventory_turnover_ratio": 0.17,
            "account_receivable_turnover_ratio": 1.81,
            "reinvestment_rate": 180.58,
            "research_to_sale_ratio": 0.37,
            "price_fair": 97.6,
            "eps_avg_yearly": 2.79,
            "eps_latest_yearly": 5.68,
            "eps_growth_yearly": 5044.66
        },
        "20133": {
            "year_quarter": 20133,
            "year": 2013,
            "quarter": 3,
            "eps": 1.34,
            "eps_growth_year": 483.19,
            "eps_4q": 4.48,
            "eps_4q_growth_year": 21.53,
            "roe": 9,
            "roe_4q": 27.44,
            "gross_profit": 614975,
            "gross_margin": 17.04,
            "gross_margin_4q_avg": 17.25,
            "net_income": 1653195,
            "net_income_4q": null,
            "revenue": 3608194,
            "revenue_4q": null,
            "common_shares": 11794779,
            "book_valuer_per_share": 15.03,
            "book_valuer_per_share_4q_avg": 18.02,
            "equity": 20547393,
            "current_ratio": 134.63,
            "debt_ratio": 61.92,
            "inventory_turnover_ratio": 0.16,
            "account_receivable_turnover_ratio": 1.73,
            "reinvestment_rate": 156.78,
            "research_to_sale_ratio": 0.31,
            "price_fair": 110,
            "eps_avg_yearly": 3.14,
            "eps_latest_yearly": 5.36,
            "eps_growth_yearly": 5062.96
        },
        "20134": {
            "year_quarter": 20134,
            "year": 2013,
            "quarter": 4,
            "eps": 22.65,
            "eps_growth_year": 1349.82,
            "eps_4q": 25.77,
            "eps_4q_growth_year": 658.76,
            "roe": 77.39,
            "roe_4q": 97.96,
            "gross_profit": 1183306,
            "gross_margin": 27.62,
            "gross_margin_4q_avg": 19.22,
            "net_income": 27091901,
            "net_income_4q": null,
            "revenue": 4283937,
            "revenue_4q": null,
            "common_shares": 11919768,
            "book_valuer_per_share": 38.95,
            "book_valuer_per_share_4q_avg": 22.02,
            "equity": 49464692,
            "current_ratio": 138.19,
            "debt_ratio": 42.36,
            "inventory_turnover_ratio": 0.16,
            "account_receivable_turnover_ratio": 2.16,
            "reinvestment_rate": 99.57,
            "research_to_sale_ratio": 0.26,
            "price_fair": 333.8,
            "eps_avg_yearly": 9.54,
            "eps_latest_yearly": 90.6,
            "eps_growth_yearly": 5468.76
        },
        "20141": {
            "year_quarter": 20141,
            "year": 2014,
            "quarter": 1,
            "eps": 0.79,
            "eps_growth_year": -7.06,
            "eps_4q": 25.83,
            "eps_4q_growth_year": 525.38,
            "roe": 1.98,
            "roe_4q": 96.06,
            "gross_profit": 572708,
            "gross_margin": 19.31,
            "gross_margin_4q_avg": 19.83,
            "net_income": 1012411,
            "net_income_4q": null,
            "revenue": 2965491,
            "revenue_4q": null,
            "common_shares": 11920685,
            "book_valuer_per_share": 41.58,
            "book_valuer_per_share_4q_avg": 27.23,
            "equity": 52591745,
            "current_ratio": 127.43,
            "debt_ratio": 42.35,
            "inventory_turnover_ratio": 0.12,
            "account_receivable_turnover_ratio": 1.61,
            "reinvestment_rate": 107.84,
            "research_to_sale_ratio": 0.45,
            "price_fair": 340.1,
            "eps_avg_yearly": 9.72,
            "eps_latest_yearly": 3.16,
            "eps_growth_yearly": 5452.83
        },
        "20142": {
            "year_quarter": 20142,
            "year": 2014,
            "quarter": 2,
            "eps": 0.32,
            "eps_growth_year": -77.46,
            "eps_4q": 24.96,
            "eps_4q_growth_year": 533.51,
            "roe": 0.99,
            "roe_4q": 89.36,
            "gross_profit": 833304,
            "gross_margin": 24.43,
            "gross_margin_4q_avg": 22.1,
            "net_income": 511518,
            "net_income_4q": null,
            "revenue": 3411138,
            "revenue_4q": null,
            "common_shares": 11921132,
            "book_valuer_per_share": 39.75,
            "book_valuer_per_share_4q_avg": 33.83,
            "equity": 50714225,
            "current_ratio": 106.35,
            "debt_ratio": 47.72,
            "inventory_turnover_ratio": 0.13,
            "account_receivable_turnover_ratio": 1.98,
            "reinvestment_rate": 112.77,
            "research_to_sale_ratio": 0.27,
            "price_fair": 339.5,
            "eps_avg_yearly": 9.7,
            "eps_latest_yearly": 1.28,
            "eps_growth_yearly": 5396.54
        },
        "20143": {
            "year_quarter": 20143,
            "year": 2014,
            "quarter": 3,
            "eps": 2.36,
            "eps_growth_year": 76.12,
            "eps_4q": 26.01,
            "eps_4q_growth_year": 480.93,
            "roe": 6.14,
            "roe_4q": 86.5,
            "gross_profit": 597105,
            "gross_margin": 19.89,
            "gross_margin_4q_avg": 22.81,
            "net_income": 3005238,
            "net_income_4q": null,
            "revenue": 3002027,
            "revenue_4q": null,
            "common_shares": 11925453,
            "book_valuer_per_share": 36.71,
            "book_valuer_per_share_4q_avg": 39.25,
            "equity": 47217869,
            "current_ratio": 121.65,
            "debt_ratio": 48.96,
            "inventory_turnover_ratio": 0.11,
            "account_receivable_turnover_ratio": 1.64,
            "reinvestment_rate": 93.97,
            "research_to_sale_ratio": 0.45,
            "price_fair": 362,
            "eps_avg_yearly": 10.34,
            "eps_latest_yearly": 9.44,
            "eps_growth_yearly": 5598.99
        },
        "20144": {
            "year_quarter": 20144,
            "year": 2014,
            "quarter": 4,
            "eps": 2.16,
            "eps_growth_year": -90.45,
            "eps_4q": 5.53,
            "eps_4q_growth_year": -78.54,
            "roe": 5.36,
            "roe_4q": 14.47,
            "gross_profit": 665521,
            "gross_margin": 22.84,
            "gross_margin_4q_avg": 21.62,
            "net_income": 2756036,
            "net_income_4q": null,
            "revenue": 2913244,
            "revenue_4q": null,
            "common_shares": 11925647,
            "book_valuer_per_share": 43.55,
            "book_valuer_per_share_4q_avg": 40.4,
            "equity": 55543525,
            "current_ratio": 129.74,
            "debt_ratio": 44.67,
            "inventory_turnover_ratio": 0.1,
            "account_receivable_turnover_ratio": 1.69,
            "reinvestment_rate": 106.63,
            "research_to_sale_ratio": 0.33,
            "price_fair": 376.2,
            "eps_avg_yearly": 10.75,
            "eps_latest_yearly": 8.64,
            "eps_growth_yearly": 5432.93
        },
        "20151": {
            "year_quarter": 20151,
            "year": 2015,
            "quarter": 1,
            "eps": 1.38,
            "eps_growth_year": 74.68,
            "eps_4q": 6.1,
            "eps_4q_growth_year": -76.38,
            "roe": 3.81,
            "roe_4q": 16.299999999999997,
            "gross_profit": 503047,
            "gross_margin": 23.23,
            "gross_margin_4q_avg": 22.6,
            "net_income": 1669177,
            "net_income_4q": null,
            "revenue": 2165674,
            "revenue_4q": null,
            "common_shares": 11925914,
            "book_valuer_per_share": 23.7,
            "book_valuer_per_share_4q_avg": 35.93,
            "equity": 32058820,
            "current_ratio": 145.31,
            "debt_ratio": 59.03,
            "inventory_turnover_ratio": 0.08,
            "account_receivable_turnover_ratio": 1.27,
            "reinvestment_rate": 50.45,
            "research_to_sale_ratio": 0.75,
            "price_fair": 364,
            "eps_avg_yearly": 10.4,
            "eps_latest_yearly": 5.52,
            "eps_growth_yearly": 5061.1
        },
        "20152": {
            "year_quarter": 20152,
            "year": 2015,
            "quarter": 2,
            "eps": 1.34,
            "eps_growth_year": 318.75,
            "eps_4q": 7.09,
            "eps_4q_growth_year": -71.6,
            "roe": 5.8,
            "roe_4q": 21.11,
            "gross_profit": 495077,
            "gross_margin": 24.3,
            "gross_margin_4q_avg": 22.57,
            "net_income": 1641787,
            "net_income_4q": null,
            "revenue": 2037114,
            "revenue_4q": null,
            "common_shares": 11928487,
            "book_valuer_per_share": 17.8,
            "book_valuer_per_share_4q_avg": 30.44,
            "equity": 24543540,
            "current_ratio": 102.28,
            "debt_ratio": 68.78,
            "inventory_turnover_ratio": 0.07,
            "account_receivable_turnover_ratio": 1.07,
            "reinvestment_rate": 40.98,
            "research_to_sale_ratio": 0.48,
            "price_fair": 352.98,
            "eps_avg_yearly": 10.09,
            "eps_latest_yearly": 5.36,
            "eps_growth_yearly": 4744.06
        },
        "20153": {
            "year_quarter": 20153,
            "year": 2015,
            "quarter": 3,
            "eps": 2.72,
            "eps_growth_year": 15.25,
            "eps_4q": 6.63,
            "eps_4q_growth_year": -74.52,
            "roe": 13.99,
            "roe_4q": 28.959999999999997,
            "gross_profit": 1439818,
            "gross_margin": 31.4,
            "gross_margin_4q_avg": 25.44,
            "net_income": 3716269,
            "net_income_4q": null,
            "revenue": 4584709,
            "revenue_4q": null,
            "common_shares": 13928513,
            "book_valuer_per_share": 17.84,
            "book_valuer_per_share_4q_avg": 25.72,
            "equity": 28577786,
            "current_ratio": 179.23,
            "debt_ratio": 60.3,
            "inventory_turnover_ratio": 0.14,
            "account_receivable_turnover_ratio": 1.69,
            "reinvestment_rate": 10.69,
            "research_to_sale_ratio": 0.23,
            "price_fair": 372.66,
            "eps_avg_yearly": 10.65,
            "eps_latest_yearly": 10.88,
            "eps_growth_yearly": 4780.82
        },
        "20154": {
            "year_quarter": 20154,
            "year": 2015,
            "quarter": 4,
            "eps": 0.99,
            "eps_growth_year": -54.37,
            "eps_4q": 5.76,
            "eps_4q_growth_year": 4.17,
            "roe": 4.91,
            "roe_4q": 28.509999999999998,
            "gross_profit": 1264663,
            "gross_margin": 30.17,
            "gross_margin_4q_avg": 27.28,
            "net_income": 1505243,
            "net_income_4q": null,
            "revenue": 4191419,
            "revenue_4q": null,
            "common_shares": 13934083,
            "book_valuer_per_share": 20.72,
            "book_valuer_per_share_4q_avg": 20.02,
            "equity": 32789361,
            "current_ratio": 178.68,
            "debt_ratio": 55.93,
            "inventory_turnover_ratio": 0.13,
            "account_receivable_turnover_ratio": 1.32,
            "reinvestment_rate": 6.38,
            "research_to_sale_ratio": 0.36,
            "price_fair": 365.4,
            "eps_avg_yearly": 10.44,
            "eps_latest_yearly": 3.96,
            "eps_growth_yearly": 4693.11
        },
        "20161": {
            "year_quarter": 20161,
            "year": 2016,
            "quarter": 1,
            "eps": 1.71,
            "eps_growth_year": 23.91,
            "eps_4q": 6.25,
            "eps_4q_growth_year": 2.44,
            "roe": 6.85,
            "roe_4q": 31.55,
            "gross_profit": 920193,
            "gross_margin": 30.28,
            "gross_margin_4q_avg": 29.04,
            "net_income": 2376930,
            "net_income_4q": null,
            "revenue": 3038765,
            "revenue_4q": null,
            "common_shares": 13934083,
            "book_valuer_per_share": 23.4,
            "book_valuer_per_share_4q_avg": 19.94,
            "equity": 36566736,
            "current_ratio": 165.46,
            "debt_ratio": 52.75,
            "inventory_turnover_ratio": 0.1,
            "account_receivable_turnover_ratio": 1.21,
            "reinvestment_rate": 11.75,
            "research_to_sale_ratio": 0.51,
            "price_fair": 380.28,
            "eps_avg_yearly": 10.87,
            "eps_latest_yearly": 6.84,
            "eps_growth_yearly": 4736.15
        },
        "20162": {
            "year_quarter": 20162,
            "year": 2016,
            "quarter": 2,
            "eps": 0.4,
            "eps_growth_year": -70.15,
            "eps_4q": 5.54,
            "eps_4q_growth_year": -21.77,
            "roe": 1.62,
            "roe_4q": 27.369999999999997,
            "gross_profit": 561104,
            "gross_margin": 18.24,
            "gross_margin_4q_avg": 27.52,
            "net_income": 591319,
            "net_income_4q": null,
            "revenue": 3076170,
            "revenue_4q": null,
            "common_shares": 13934083,
            "book_valuer_per_share": 23.83,
            "book_valuer_per_share_4q_avg": 21.45,
            "equity": 36625076,
            "current_ratio": 163.91,
            "debt_ratio": 53.49,
            "inventory_turnover_ratio": 0.11,
            "account_receivable_turnover_ratio": 1.45,
            "reinvestment_rate": 13.5,
            "research_to_sale_ratio": 0.42,
            "price_fair": 369.43,
            "eps_avg_yearly": 10.56,
            "eps_latest_yearly": 1.6,
            "eps_growth_yearly": 642
        },
        "20163": {
            "year_quarter": 20163,
            "year": 2016,
            "quarter": 3,
            "eps": 1.67,
            "eps_growth_year": -38.6,
            "eps_4q": 4.64,
            "eps_4q_growth_year": -29.9,
            "roe": 6.43,
            "roe_4q": 19.810000000000002,
            "gross_profit": 788200,
            "gross_margin": 24.4,
            "gross_margin_4q_avg": 25.77,
            "net_income": 2417539,
            "net_income_4q": null,
            "revenue": 3229771,
            "revenue_4q": null,
            "common_shares": 13934083,
            "book_valuer_per_share": 25.12,
            "book_valuer_per_share_4q_avg": 23.27,
            "equity": 38605706,
            "current_ratio": 166.67,
            "debt_ratio": 51.33,
            "inventory_turnover_ratio": 0.11,
            "account_receivable_turnover_ratio": 1.71,
            "reinvestment_rate": 12.85,
            "research_to_sale_ratio": 0.45,
            "price_fair": 382.03,
            "eps_avg_yearly": 10.92,
            "eps_latest_yearly": 6.68,
            "eps_growth_yearly": 742.87
        },
        "20164": {
            "year_quarter": 20164,
            "year": 2016,
            "quarter": 4,
            "eps": 2.06,
            "eps_growth_year": 108.83,
            "eps_4q": 5.72,
            "eps_4q_growth_year": -0.73,
            "roe": 8.09,
            "roe_4q": 22.990000000000002,
            "gross_profit": 1148278,
            "gross_margin": 30.43,
            "gross_margin_4q_avg": 25.84,
            "net_income": 3031150,
            "net_income_4q": null,
            "revenue": 3773250,
            "revenue_4q": null,
            "common_shares": 13934083,
            "book_valuer_per_share": 23.3,
            "book_valuer_per_share_4q_avg": 23.91,
            "equity": 36338078,
            "current_ratio": 121.8,
            "debt_ratio": 53.12,
            "inventory_turnover_ratio": 0.12,
            "account_receivable_turnover_ratio": 2.43,
            "reinvestment_rate": 2.38,
            "research_to_sale_ratio": 0.68,
            "price_fair": 386.4,
            "eps_avg_yearly": 11.04,
            "eps_latest_yearly": 8.24,
            "eps_growth_yearly": 604.14
        },
        "20171": {
            "year_quarter": 20171,
            "year": 2017,
            "quarter": 1,
            "eps": 0.33,
            "eps_growth_year": -80.7,
            "eps_4q": 4.38,
            "eps_4q_growth_year": -29.92,
            "roe": 1.41,
            "roe_4q": 17.55,
            "gross_profit": 547601,
            "gross_margin": 22.44,
            "gross_margin_4q_avg": 23.88,
            "net_income": 518458,
            "net_income_4q": null,
            "revenue": 2440160,
            "revenue_4q": null,
            "common_shares": 13934083,
            "book_valuer_per_share": 24.08,
            "book_valuer_per_share_4q_avg": 24.08,
            "equity": 37379188,
            "current_ratio": 129.45,
            "debt_ratio": 53.72,
            "inventory_turnover_ratio": 0.08,
            "account_receivable_turnover_ratio": 2,
            "reinvestment_rate": 12.64,
            "research_to_sale_ratio": 0.79,
            "price_fair": 381.85,
            "eps_avg_yearly": 10.91,
            "eps_latest_yearly": 1.32,
            "eps_growth_yearly": 594.53
        },
        "20172": {
            "year_quarter": 20172,
            "year": 2017,
            "quarter": 2,
            "eps": 0.79,
            "eps_growth_year": 97.5,
            "eps_4q": 3.96,
            "eps_4q_growth_year": -28.51,
            "roe": 2.94,
            "roe_4q": 18.869999999999997,
            "gross_profit": 517090,
            "gross_margin": 21.71,
            "gross_margin_4q_avg": 24.75,
            "net_income": 1156562,
            "net_income_4q": null,
            "revenue": 2381770,
            "revenue_4q": null,
            "common_shares": 13934083,
            "book_valuer_per_share": 27.12,
            "book_valuer_per_share_4q_avg": 24.91,
            "equity": 41259295,
            "current_ratio": 121.24,
            "debt_ratio": 52.05,
            "inventory_turnover_ratio": 0.07,
            "account_receivable_turnover_ratio": 2.05,
            "reinvestment_rate": 30.64,
            "research_to_sale_ratio": 0.78,
            "price_fair": 376.34,
            "eps_avg_yearly": 10.75,
            "eps_latest_yearly": 3.16,
            "eps_growth_yearly": 612.61
        },
        "20173": {
            "year_quarter": 20173,
            "year": 2017,
            "quarter": 3,
            "eps": 1.87,
            "eps_growth_year": 11.98,
            "eps_4q": 4.43,
            "eps_4q_growth_year": -4.57,
            "roe": 7.13,
            "roe_4q": 19.57,
            "gross_profit": 968266,
            "gross_margin": 30.39,
            "gross_margin_4q_avg": 26.24,
            "net_income": 3104144,
            "net_income_4q": null,
            "revenue": 3185952,
            "revenue_4q": null,
            "common_shares": 16720900,
            "book_valuer_per_share": 25.37,
            "book_valuer_per_share_4q_avg": 24.97,
            "equity": 45859403,
            "current_ratio": 116.51,
            "debt_ratio": 49.12,
            "inventory_turnover_ratio": 0.08,
            "account_receivable_turnover_ratio": 2.66,
            "reinvestment_rate": 36.01,
            "research_to_sale_ratio": 0.56,
            "price_fair": 380.98,
            "eps_avg_yearly": 10.89,
            "eps_latest_yearly": 7.48,
            "eps_growth_yearly": 648.2
        },
        "20174": {
            "year_quarter": 20174,
            "year": 2017,
            "quarter": 4,
            "eps": 3.98,
            "eps_growth_year": 93.39,
            "eps_4q": 6.7,
            "eps_4q_growth_year": 17.17,
            "roe": 13.67,
            "roe_4q": 25.150000000000002,
            "gross_profit": 644709,
            "gross_margin": 22.2,
            "gross_margin_4q_avg": 24.19,
            "net_income": 6730923,
            "net_income_4q": null,
            "revenue": 2904594,
            "revenue_4q": null,
            "common_shares": 16720900,
            "book_valuer_per_share": 29.09,
            "book_valuer_per_share_4q_avg": 26.42,
            "equity": 52648659,
            "current_ratio": 140.85,
            "debt_ratio": 49.46,
            "inventory_turnover_ratio": 0.08,
            "account_receivable_turnover_ratio": 2.41,
            "reinvestment_rate": -33.59,
            "research_to_sale_ratio": 0.63,
            "price_fair": 217.61,
            "eps_avg_yearly": 6.22,
            "eps_latest_yearly": 15.92,
            "eps_growth_yearly": 278.83
        },
        "20181": {
            "year_quarter": 20181,
            "year": 2018,
            "quarter": 1,
            "eps": 1.63,
            "eps_growth_year": 393.94,
            "eps_4q": 8.02,
            "eps_4q_growth_year": 82.97,
            "roe": 4.7,
            "roe_4q": 28.44,
            "gross_profit": 666272,
            "gross_margin": 21.84,
            "gross_margin_4q_avg": 24.04,
            "net_income": 2693061,
            "net_income_4q": null,
            "revenue": 3050184,
            "revenue_4q": null,
            "common_shares": 16720900,
            "book_valuer_per_share": 34.53,
            "book_valuer_per_share_4q_avg": 29.03,
            "equity": 61917010,
            "current_ratio": 133.89,
            "debt_ratio": 45.83,
            "inventory_turnover_ratio": 0.08,
            "account_receivable_turnover_ratio": 2.25,
            "reinvestment_rate": -34.62,
            "research_to_sale_ratio": 0.75,
            "price_fair": 224.96,
            "eps_avg_yearly": 6.43,
            "eps_latest_yearly": 6.52,
            "eps_growth_yearly": 288.2
        },
        "20182": {
            "year_quarter": 20182,
            "year": 2018,
            "quarter": 2,
            "eps": 2.29,
            "eps_growth_year": 189.87,
            "eps_4q": 9.6,
            "eps_4q_growth_year": 142.29,
            "roe": 6.3,
            "roe_4q": 31.8,
            "gross_profit": 1201587,
            "gross_margin": 30.48,
            "gross_margin_4q_avg": 26.23,
            "net_income": 3844009,
            "net_income_4q": null,
            "revenue": 3942371,
            "revenue_4q": null,
            "common_shares": 16720900,
            "book_valuer_per_share": 33.4,
            "book_valuer_per_share_4q_avg": 30.6,
            "equity": 60115219,
            "current_ratio": 163.02,
            "debt_ratio": 47.29,
            "inventory_turnover_ratio": 0.1,
            "account_receivable_turnover_ratio": 3.05,
            "reinvestment_rate": -36.33,
            "research_to_sale_ratio": 0.43,
            "price_fair": 242.2,
            "eps_avg_yearly": 6.92,
            "eps_latest_yearly": 9.16,
            "eps_growth_yearly": 313.19
        },
        "20183": {
            "year_quarter": 20183,
            "year": 2018,
            "quarter": 3,
            "eps": 2.37,
            "eps_growth_year": 26.74,
            "eps_4q": 16.06,
            "eps_4q_growth_year": 262.38,
            "roe": 5.97,
            "roe_4q": 30.64,
            "gross_profit": 912319,
            "gross_margin": 23.87,
            "gross_margin_4q_avg": 24.6,
            "net_income": 3275505,
            "net_income_4q": null,
            "revenue": 3821598,
            "revenue_4q": null,
            "common_shares": 10032540,
            "book_valuer_per_share": 45,
            "book_valuer_per_share_4q_avg": 35.51,
            "equity": 49583460,
            "current_ratio": 137.96,
            "debt_ratio": 51.7,
            "inventory_turnover_ratio": 0.1,
            "account_receivable_turnover_ratio": 3.41,
            "reinvestment_rate": -35.03,
            "research_to_sale_ratio": 0.44,
            "price_fair": 242.29,
            "eps_avg_yearly": 6.92,
            "eps_latest_yearly": 9.48,
            "eps_growth_yearly": 154.69
        },
        "20184": {
            "year_quarter": 20184,
            "year": 2018,
            "quarter": 4,
            "eps": 0.51,
            "eps_growth_year": -87.2,
            "eps_4q": 9.93,
            "eps_4q_growth_year": 48.27,
            "roe": 1.5,
            "roe_4q": 18.47,
            "gross_profit": 906902,
            "gross_margin": 22.42,
            "gross_margin_4q_avg": 24.65,
            "net_income": 634605,
            "net_income_4q": null,
            "revenue": 4045277,
            "revenue_4q": null,
            "common_shares": 10032540,
            "book_valuer_per_share": 30.9,
            "book_valuer_per_share_4q_avg": 35.96,
            "equity": 35279014,
            "current_ratio": 260.34,
            "debt_ratio": 59.13,
            "inventory_turnover_ratio": 0.11,
            "account_receivable_turnover_ratio": 3.5,
            "reinvestment_rate": -94.36,
            "research_to_sale_ratio": 0.38,
            "price_fair": 227.85,
            "eps_avg_yearly": 6.51,
            "eps_latest_yearly": 2.04,
            "eps_growth_yearly": 137.19
        },
        "20191": {
            "year_quarter": 20191,
            "year": 2019,
            "quarter": 1,
            "eps": 2.22,
            "eps_growth_year": 36.2,
            "eps_4q": 9.45,
            "eps_4q_growth_year": 17.94,
            "roe": 4.61,
            "roe_4q": 18.38,
            "gross_profit": 787620,
            "gross_margin": 22.18,
            "gross_margin_4q_avg": 24.74,
            "net_income": 2199058,
            "net_income_4q": null,
            "revenue": 3551126,
            "revenue_4q": null,
            "common_shares": 10032540,
            "book_valuer_per_share": 55.68,
            "book_valuer_per_share_4q_avg": 41.25,
            "equity": 60123733,
            "current_ratio": 179.73,
            "debt_ratio": 49.92,
            "inventory_turnover_ratio": 0.1,
            "account_receivable_turnover_ratio": 3.4,
            "reinvestment_rate": 35.23,
            "research_to_sale_ratio": 0.37,
            "price_fair": 235.2,
            "eps_avg_yearly": 6.72,
            "eps_latest_yearly": 8.88,
            "eps_growth_yearly": 230.04
        },
        "20192": {
            "year_quarter": 20192,
            "year": 2019,
            "quarter": 2,
            "eps": 3.98,
            "eps_growth_year": 73.8,
            "eps_4q": 9.61,
            "eps_4q_growth_year": 0.01,
            "roe": 5.93,
            "roe_4q": 18.009999999999998,
            "gross_profit": 959961,
            "gross_margin": 21.85,
            "gross_margin_4q_avg": 22.58,
            "net_income": 3953259,
            "net_income_4q": null,
            "revenue": 4394351,
            "revenue_4q": null,
            "common_shares": 10032540,
            "book_valuer_per_share": 68.85,
            "book_valuer_per_share_4q_avg": 50.11,
            "equity": 73142257,
            "current_ratio": 204.59,
            "debt_ratio": 46.13,
            "inventory_turnover_ratio": 0.13,
            "account_receivable_turnover_ratio": 4.02,
            "reinvestment_rate": 90.54,
            "research_to_sale_ratio": 0.33,
            "price_fair": 258.3,
            "eps_avg_yearly": 7.38,
            "eps_latest_yearly": 15.92,
            "eps_growth_yearly": 250.59
        },
        "20193": {
            "year_quarter": 20193,
            "year": 2019,
            "quarter": 3,
            "eps": 4.46,
            "eps_growth_year": 88.19,
            "eps_4q": 10.85,
            "eps_4q_growth_year": -32.43,
            "roe": 5.65,
            "roe_4q": 17.69,
            "gross_profit": 934744,
            "gross_margin": 21.12,
            "gross_margin_4q_avg": 21.89,
            "net_income": 4515167,
            "net_income_4q": null,
            "revenue": 4426787,
            "revenue_4q": null,
            "common_shares": 10032540,
            "book_valuer_per_share": 82.28,
            "book_valuer_per_share_4q_avg": 59.43,
            "equity": 86635742,
            "current_ratio": 179.12,
            "debt_ratio": 41.61,
            "inventory_turnover_ratio": 0.13,
            "account_receivable_turnover_ratio": 3.32,
            "reinvestment_rate": 136.67,
            "research_to_sale_ratio": 0.26,
            "price_fair": 273.53,
            "eps_avg_yearly": 7.82,
            "eps_latest_yearly": 17.84,
            "eps_growth_yearly": 227.85
        },
        "20194": {
            "year_quarter": 20194,
            "year": 2019,
            "quarter": 4,
            "eps": -1.27,
            "eps_growth_year": -349.9,
            "eps_4q": 9.07,
            "eps_4q_growth_year": -8.7,
            "roe": -1.26,
            "roe_4q": 14.93,
            "gross_profit": 929710,
            "gross_margin": 19.03,
            "gross_margin_4q_avg": 21.05,
            "net_income": -1081365,
            "net_income_4q": null,
            "revenue": 4885666,
            "revenue_4q": null,
            "common_shares": 10032540,
            "book_valuer_per_share": 80.91,
            "book_valuer_per_share_4q_avg": 71.93,
            "equity": 85392280,
            "current_ratio": 185.99,
            "debt_ratio": 43.12,
            "inventory_turnover_ratio": 0.15,
            "account_receivable_turnover_ratio": 3.64,
            "reinvestment_rate": 136.19,
            "research_to_sale_ratio": 0.41,
            "price_fair": 282.52,
            "eps_avg_yearly": 8.07,
            "eps_latest_yearly": 17.84,
            "eps_growth_yearly": 260.01
        },
        "20201": {
            "year_quarter": 20201,
            "year": 2020,
            "quarter": 1,
            "eps": 3.05,
            "eps_growth_year": 37.39,
            "eps_4q": 9.87,
            "eps_4q_growth_year": 4.41,
            "roe": 3.96,
            "roe_4q": 14.280000000000001,
            "gross_profit": 747863,
            "gross_margin": 19.38,
            "gross_margin_4q_avg": 20.35,
            "net_income": 3000283,
            "net_income_4q": null,
            "revenue": 3859108,
            "revenue_4q": null,
            "common_shares": 10032540,
            "book_valuer_per_share": 61.62,
            "book_valuer_per_share_4q_avg": 73.42,
            "equity": 66088688,
            "current_ratio": 155.59,
            "debt_ratio": 49.68,
            "inventory_turnover_ratio": 0.11,
            "account_receivable_turnover_ratio": 3.77,
            "reinvestment_rate": 77.04,
            "research_to_sale_ratio": 0.42,
            "price_fair": 285.6,
            "eps_avg_yearly": 8.16,
            "eps_latest_yearly": 17.84,
            "eps_growth_yearly": 257.8
        },
        "20202": {
            "year_quarter": 20202,
            "year": 2020,
            "quarter": 2,
            "eps": 1.52,
            "eps_growth_year": -61.81,
            "eps_4q": 4.98,
            "eps_4q_growth_year": -48.12,
            "roe": 1.94,
            "roe_4q": 10.290000000000001,
            "gross_profit": 850186,
            "gross_margin": 22.56,
            "gross_margin_4q_avg": 20.52,
            "net_income": 1561259,
            "net_income_4q": null,
            "revenue": 3769339,
            "revenue_4q": null,
            "common_shares": 10032540,
            "book_valuer_per_share": 90.53,
            "book_valuer_per_share_4q_avg": 78.84,
            "equity": 94650852,
            "current_ratio": 150.53,
            "debt_ratio": 42.03,
            "inventory_turnover_ratio": 0.11,
            "account_receivable_turnover_ratio": 3.83,
            "reinvestment_rate": 151.68,
            "research_to_sale_ratio": 0.35,
            "price_fair": 296.8,
            "eps_avg_yearly": 8.48,
            "eps_latest_yearly": 6.08,
            "eps_growth_yearly": 265.35
        },
        "20203": {
            "year_quarter": 20203,
            "year": 2020,
            "quarter": 3,
            "eps": 2.59,
            "eps_growth_year": -41.93,
            "eps_4q": 4.62,
            "eps_4q_growth_year": -57.47,
            "roe": 4.11,
            "roe_4q": 8.750000000000002,
            "gross_profit": 894830,
            "gross_margin": 17.26,
            "gross_margin_4q_avg": 19.56,
            "net_income": 4011750,
            "net_income_4q": null,
            "revenue": 5184336,
            "revenue_4q": null,
            "common_shares": 15048810,
            "book_valuer_per_share": 64.05,
            "book_valuer_per_share_4q_avg": 74.28,
            "equity": 100360040,
            "current_ratio": 172.17,
            "debt_ratio": 40.89,
            "inventory_turnover_ratio": 0.15,
            "account_receivable_turnover_ratio": 4.16,
            "reinvestment_rate": 155.42,
            "research_to_sale_ratio": 0.28,
            "price_fair": 306,
            "eps_avg_yearly": 8.74,
            "eps_latest_yearly": 10.36,
            "eps_growth_yearly": 194.75
        },
        "20204": {
            "year_quarter": 20204,
            "year": 2020,
            "quarter": 4,
            "eps": 0.24,
            "eps_growth_year": null,
            "eps_4q": 5.71,
            "eps_4q_growth_year": -37.08,
            "roe": 0.64,
            "roe_4q": 10.649999999999999,
            "gross_profit": 1446690,
            "gross_margin": 23.07,
            "gross_margin_4q_avg": 20.57,
            "net_income": 702100,
            "net_income_4q": null,
            "revenue": 6271806,
            "revenue_4q": null,
            "common_shares": 15048810,
            "book_valuer_per_share": 76.18,
            "book_valuer_per_share_4q_avg": 73.1,
            "equity": 118965351,
            "current_ratio": 157.77,
            "debt_ratio": 36.17,
            "inventory_turnover_ratio": 0.17,
            "account_receivable_turnover_ratio": 5.12,
            "reinvestment_rate": 218.99,
            "research_to_sale_ratio": 0.28,
            "price_fair": 287.8,
            "eps_avg_yearly": 8.22,
            "eps_latest_yearly": 0.96,
            "eps_growth_yearly": 162.16
        },
        "20211": {
            "year_quarter": 20211,
            "year": 2021,
            "quarter": 1,
            "eps": 4.56,
            "eps_growth_year": 49.51,
            "eps_4q": 8.15,
            "eps_4q_growth_year": -17.4,
            "roe": 6.31,
            "roe_4q": 12.999999999999998,
            "gross_profit": 1023364,
            "gross_margin": 19.54,
            "gross_margin_4q_avg": 20.61,
            "net_income": 6878945,
            "net_income_4q": null,
            "revenue": 5237435,
            "revenue_4q": null,
            "common_shares": 15048810,
            "book_valuer_per_share": 62.7,
            "book_valuer_per_share_4q_avg": 73.37,
            "equity": 99141998,
            "current_ratio": 137.33,
            "debt_ratio": 40.57,
            "inventory_turnover_ratio": 0.14,
            "account_receivable_turnover_ratio": 4.18,
            "reinvestment_rate": 140.96,
            "research_to_sale_ratio": 0.28,
            "price_fair": 330.1,
            "eps_avg_yearly": 9.43,
            "eps_latest_yearly": 18.24,
            "eps_growth_yearly": 700.44
        },
        "20212": {
            "year_quarter": 20212,
            "year": 2021,
            "quarter": 2,
            "eps": 2.6,
            "eps_growth_year": 71.05,
            "eps_4q": 6.92,
            "eps_4q_growth_year": 38.8,
            "roe": 3.8,
            "roe_4q": 14.86,
            "gross_profit": 1402071,
            "gross_margin": 22.06,
            "gross_margin_4q_avg": 20.48,
            "net_income": 4028279,
            "net_income_4q": null,
            "revenue": 6354708,
            "revenue_4q": null,
            "common_shares": 15048810,
            "book_valuer_per_share": 72.02,
            "book_valuer_per_share_4q_avg": 68.74,
            "equity": 112824693,
            "current_ratio": 180.69,
            "debt_ratio": 38.63,
            "inventory_turnover_ratio": 0.17,
            "account_receivable_turnover_ratio": 4.17,
            "reinvestment_rate": 155.62,
            "research_to_sale_ratio": 0.28,
            "price_fair": 348.2,
            "eps_avg_yearly": 9.95,
            "eps_latest_yearly": 10.4,
            "eps_growth_yearly": 648.33
        },
        "20213": {
            "year_quarter": 20213,
            "year": 2021,
            "quarter": 3,
            "eps": 2.02,
            "eps_growth_year": -22.01,
            "eps_4q": 7.09,
            "eps_4q_growth_year": 53.51,
            "roe": 4.01,
            "roe_4q": 14.76,
            "gross_profit": 1803887,
            "gross_margin": 21.3,
            "gross_margin_4q_avg": 21.49,
            "net_income": 4503375,
            "net_income_4q": null,
            "revenue": 8468161,
            "revenue_4q": null,
            "common_shares": 21068334,
            "book_valuer_per_share": 50.52,
            "book_valuer_per_share_4q_avg": 65.36,
            "equity": 111977897,
            "current_ratio": 167.62,
            "debt_ratio": 39.24,
            "inventory_turnover_ratio": 0.23,
            "account_receivable_turnover_ratio": 3.89,
            "reinvestment_rate": 137.88,
            "research_to_sale_ratio": 0.24,
            "price_fair": 349.7,
            "eps_avg_yearly": 9.99,
            "eps_latest_yearly": 8.08,
            "eps_growth_yearly": 602.9
        },
        "20214": {
            "year_quarter": 20214,
            "year": 2021,
            "quarter": 4,
            "eps": 0.82,
            "eps_growth_year": 241.87,
            "eps_4q": 7.74,
            "eps_4q_growth_year": 35.57,
            "roe": 1.77,
            "roe_4q": 15.889999999999997,
            "gross_profit": 1500627,
            "gross_margin": 20.75,
            "gross_margin_4q_avg": 20.91,
            "net_income": 2080089,
            "net_income_4q": null,
            "revenue": 7233580,
            "revenue_4q": null,
            "common_shares": 21068334,
            "book_valuer_per_share": 55.66,
            "book_valuer_per_share_4q_avg": 60.23,
            "equity": 123104552,
            "current_ratio": 200.33,
            "debt_ratio": 35.81,
            "inventory_turnover_ratio": 0.2,
            "account_receivable_turnover_ratio": 2.84,
            "reinvestment_rate": 174.23,
            "research_to_sale_ratio": 0.27,
            "price_fair": 318.1,
            "eps_avg_yearly": 9.09,
            "eps_latest_yearly": 3.28,
            "eps_growth_yearly": 553.68
        },
        "20221": {
            "year_quarter": 20221,
            "year": 2022,
            "quarter": 1,
            "eps": 2.15,
            "eps_growth_year": -52.85,
            "eps_4q": 6.66,
            "eps_4q_growth_year": -18.29,
            "roe": 4.51,
            "roe_4q": 14.09,
            "gross_profit": 1431496,
            "gross_margin": 22.76,
            "gross_margin_4q_avg": 21.72,
            "net_income": 4532800,
            "net_income_4q": null,
            "revenue": 6290194,
            "revenue_4q": null,
            "common_shares": 21068334,
            "book_valuer_per_share": 33.95,
            "book_valuer_per_share_4q_avg": 53.04,
            "equity": 78003235,
            "current_ratio": 176.76,
            "debt_ratio": 46.83,
            "inventory_turnover_ratio": 0.17,
            "account_receivable_turnover_ratio": 2.9,
            "reinvestment_rate": 58.34,
            "research_to_sale_ratio": 0.29,
            "price_fair": 323.3,
            "eps_avg_yearly": 9.24,
            "eps_latest_yearly": 8.6,
            "eps_growth_yearly": 616.9
        },
        "20222": {
            "year_quarter": 20222,
            "year": 2022,
            "quarter": 2,
            "eps": 2.87,
            "eps_growth_year": 10.38,
            "eps_4q": 5.09,
            "eps_4q_growth_year": -26.36,
            "roe": 10.86,
            "roe_4q": 21.15,
            "gross_profit": 1560740,
            "gross_margin": 20.41,
            "gross_margin_4q_avg": 21.31,
            "net_income": 6111796,
            "net_income_4q": null,
            "revenue": 7646569,
            "revenue_4q": null,
            "common_shares": 21068334,
            "book_valuer_per_share": 13.38,
            "book_valuer_per_share_4q_avg": 38.38,
            "equity": 34577487,
            "current_ratio": 156.68,
            "debt_ratio": 69.4,
            "inventory_turnover_ratio": 0.2,
            "account_receivable_turnover_ratio": 3.03,
            "reinvestment_rate": -54.55,
            "research_to_sale_ratio": 0.25,
            "price_fair": 329.1,
            "eps_avg_yearly": 9.4,
            "eps_latest_yearly": 11.48,
            "eps_growth_yearly": 614.89
        },
        "20223": {
            "year_quarter": 20223,
            "year": 2022,
            "quarter": 3,
            "eps": 1.47,
            "eps_growth_year": -27.23,
            "eps_4q": 5.22,
            "eps_4q_growth_year": -26.39,
            "roe": 15.99,
            "roe_4q": 33.13,
            "gross_profit": 1724192,
            "gross_margin": 22.1,
            "gross_margin_4q_avg": 21.51,
            "net_income": 4964219,
            "net_income_4q": null,
            "revenue": 7801698,
            "revenue_4q": null,
            "common_shares": 21068334,
            "book_valuer_per_share": 10.01,
            "book_valuer_per_share_4q_avg": 28.25,
            "equity": 27500722,
            "current_ratio": 167.51,
            "debt_ratio": 73.86,
            "inventory_turnover_ratio": 0.2,
            "account_receivable_turnover_ratio": 2.71,
            "reinvestment_rate": -56.28,
            "research_to_sale_ratio": 0.24,
            "price_fair": 320.1,
            "eps_avg_yearly": 9.15,
            "eps_latest_yearly": 5.88,
            "eps_growth_yearly": 599.96
        },
        "20224": {
            "year_quarter": 20224,
            "year": 2022,
            "quarter": 4,
            "eps": -1.61,
            "eps_growth_year": -295.58,
            "eps_4q": 3.06,
            "eps_4q_growth_year": -60.44,
            "roe": -8.39,
            "roe_4q": 22.97,
            "gross_profit": 2377929,
            "gross_margin": 22.63,
            "gross_margin_4q_avg": 21.98,
            "net_income": -4766893,
            "net_income_4q": null,
            "revenue": 10508716,
            "revenue_4q": null,
            "common_shares": 31602501,
            "book_valuer_per_share": 24.99,
            "book_valuer_per_share_4q_avg": 20.58,
            "equity": 86106117,
            "current_ratio": 144.32,
            "debt_ratio": 47.65,
            "inventory_turnover_ratio": 0.28,
            "account_receivable_turnover_ratio": 4.16,
            "reinvestment_rate": 101.28,
            "research_to_sale_ratio": 0.16,
            "price_fair": 339.23,
            "eps_avg_yearly": 9.69,
            "eps_latest_yearly": 5.88,
            "eps_growth_yearly": 670.26
        },
        "20231": {
            "year_quarter": 20231,
            "year": 2023,
            "quarter": 1,
            "eps": 0.1,
            "eps_growth_year": -95.35,
            "eps_4q": 1.77,
            "eps_4q_growth_year": -73.42,
            "roe": 0.5,
            "roe_4q": 18.96,
            "gross_profit": 1539563,
            "gross_margin": 24.45,
            "gross_margin_4q_avg": 22.4,
            "net_income": 445651,
            "net_income_4q": null,
            "revenue": 6297589,
            "revenue_4q": null,
            "common_shares": 31602501,
            "book_valuer_per_share": 27.3,
            "book_valuer_per_share_4q_avg": 18.92,
            "equity": 93225803,
            "current_ratio": 139.02,
            "debt_ratio": 44.83,
            "inventory_turnover_ratio": 0.16,
            "account_receivable_turnover_ratio": 2.5,
            "reinvestment_rate": 63.95,
            "research_to_sale_ratio": 0.26,
            "price_fair": 341.6,
            "eps_avg_yearly": 9.76,
            "eps_latest_yearly": 5.88,
            "eps_growth_yearly": 614.35
        },
        "20232": {
            "year_quarter": 20232,
            "year": 2023,
            "quarter": 2,
            "eps": 1.52,
            "eps_growth_year": -47.04,
            "eps_4q": 1.37,
            "eps_4q_growth_year": -73.01,
            "roe": 5.08,
            "roe_4q": 13.18,
            "gross_profit": 1897508,
            "gross_margin": 26.98,
            "gross_margin_4q_avg": 24.04,
            "net_income": 4864554,
            "net_income_4q": null,
            "revenue": 7034203,
            "revenue_4q": null,
            "common_shares": 31602501,
            "book_valuer_per_share": 29.22,
            "book_valuer_per_share_4q_avg": 22.88,
            "equity": 98330624,
            "current_ratio": 141.96,
            "debt_ratio": 43.22,
            "inventory_turnover_ratio": 0.17,
            "account_receivable_turnover_ratio": 2.7,
            "reinvestment_rate": 25.38,
            "research_to_sale_ratio": 0.33,
            "price_fair": 312.9,
            "eps_avg_yearly": 8.94,
            "eps_latest_yearly": 6.08,
            "eps_growth_yearly": 1061.25
        },
        "20233": {
            "year_quarter": 20233,
            "year": 2023,
            "quarter": 3,
            "eps": 2.1,
            "eps_growth_year": 42.86,
            "eps_4q": 2.08,
            "eps_4q_growth_year": -60.21,
            "roe": 6.8,
            "roe_4q": 3.9899999999999984,
            "gross_profit": 1390561,
            "gross_margin": 25.99,
            "gross_margin_4q_avg": 25.01,
            "net_income": 6459389,
            "net_income_4q": null,
            "revenue": 5351117,
            "revenue_4q": null,
            "common_shares": 28442251,
            "book_valuer_per_share": 30,
            "book_valuer_per_share_4q_avg": 27.88,
            "equity": 91714441,
            "current_ratio": 138.53,
            "debt_ratio": 46.13,
            "inventory_turnover_ratio": 0.13,
            "account_receivable_turnover_ratio": 1.95,
            "reinvestment_rate": -13.79,
            "research_to_sale_ratio": 0.42,
            "price_fair": 285.37,
            "eps_avg_yearly": 8.15,
            "eps_latest_yearly": 8.4,
            "eps_growth_yearly": 1069.95
        }
    },
    "months": {
        "2003-01": {
            "month": "2003-01",
            "price": "5.96",
            "revenue": 425974
        },
        "2003-02": {
            "month": "2003-02",
            "price": "5.54",
            "revenue": 1708790
        },
        "2003-03": {
            "month": "2003-03",
            "price": "4.96",
            "revenue": 276928
        },
        "2003-04": {
            "month": "2003-04",
            "price": "4.48",
            "revenue": 252966
        },
        "2003-05": {
            "month": "2003-05",
            "price": "3.77",
            "revenue": 372800
        },
        "2003-06": {
            "month": "2003-06",
            "price": "4.36",
            "revenue": 610802
        },
        "2003-07": {
            "month": "2003-07",
            "price": "5.16",
            "revenue": 435175
        },
        "2003-08": {
            "month": "2003-08",
            "price": "5.46",
            "revenue": 420390
        },
        "2003-09": {
            "month": "2003-09",
            "price": "5.45",
            "revenue": 374076
        },
        "2003-10": {
            "month": "2003-10",
            "price": "5.75",
            "revenue": 399933
        },
        "2003-11": {
            "month": "2003-11",
            "price": "5.56",
            "revenue": 359694
        },
        "2003-12": {
            "month": "2003-12",
            "price": "5.32",
            "revenue": 495724
        },
        "2004-01": {
            "month": "2004-01",
            "price": "5.97",
            "revenue": 685044
        },
        "2004-02": {
            "month": "2004-02",
            "price": "8.18",
            "revenue": 275025
        },
        "2004-03": {
            "month": "2004-03",
            "price": "9.27",
            "revenue": 727249
        },
        "2004-04": {
            "month": "2004-04",
            "price": "8.03",
            "revenue": 309420
        },
        "2004-05": {
            "month": "2004-05",
            "price": "6.33",
            "revenue": 416107
        },
        "2004-06": {
            "month": "2004-06",
            "price": "6.50",
            "revenue": 1112489
        },
        "2004-07": {
            "month": "2004-07",
            "price": "5.97",
            "revenue": 504914
        },
        "2004-08": {
            "month": "2004-08",
            "price": "5.41",
            "revenue": 501760
        },
        "2004-09": {
            "month": "2004-09",
            "price": "5.62",
            "revenue": 572530
        },
        "2004-10": {
            "month": "2004-10",
            "price": "6.05",
            "revenue": 517962
        },
        "2004-11": {
            "month": "2004-11",
            "price": "6.30",
            "revenue": 333509
        },
        "2004-12": {
            "month": "2004-12",
            "price": "6.98",
            "revenue": 1706280
        },
        "2005-01": {
            "month": "2005-01",
            "price": "7.20",
            "revenue": 729712
        },
        "2005-02": {
            "month": "2005-02",
            "price": "6.51",
            "revenue": 729620
        },
        "2005-03": {
            "month": "2005-03",
            "price": "6.66",
            "revenue": 745498
        },
        "2005-04": {
            "month": "2005-04",
            "price": "6.15",
            "revenue": 498365
        },
        "2005-05": {
            "month": "2005-05",
            "price": "6.35",
            "revenue": 579833
        },
        "2005-06": {
            "month": "2005-06",
            "price": "7.97",
            "revenue": 576091
        },
        "2005-07": {
            "month": "2005-07",
            "price": "8.58",
            "revenue": 441891
        },
        "2005-08": {
            "month": "2005-08",
            "price": "7.77",
            "revenue": 695772
        },
        "2005-09": {
            "month": "2005-09",
            "price": "7.17",
            "revenue": 545072
        },
        "2005-10": {
            "month": "2005-10",
            "price": "6.65",
            "revenue": 560529
        },
        "2005-11": {
            "month": "2005-11",
            "price": "6.79",
            "revenue": 492876
        },
        "2005-12": {
            "month": "2005-12",
            "price": "7.86",
            "revenue": 1482126
        },
        "2006-01": {
            "month": "2006-01",
            "price": "7.45",
            "revenue": 1008341
        },
        "2006-02": {
            "month": "2006-02",
            "price": "7.33",
            "revenue": 743707
        },
        "2006-03": {
            "month": "2006-03",
            "price": "7.58",
            "revenue": 1216648
        },
        "2006-04": {
            "month": "2006-04",
            "price": "9.76",
            "revenue": 597917
        },
        "2006-05": {
            "month": "2006-05",
            "price": "14.06",
            "revenue": 802175
        },
        "2006-06": {
            "month": "2006-06",
            "price": "16.28",
            "revenue": 921847
        },
        "2006-07": {
            "month": "2006-07",
            "price": "17.81",
            "revenue": 714120
        },
        "2006-08": {
            "month": "2006-08",
            "price": "17.71",
            "revenue": 1060012
        },
        "2006-09": {
            "month": "2006-09",
            "price": "20.58",
            "revenue": 818527
        },
        "2006-10": {
            "month": "2006-10",
            "price": "26.02",
            "revenue": 871178
        },
        "2006-11": {
            "month": "2006-11",
            "price": "27.14",
            "revenue": 1070933
        },
        "2006-12": {
            "month": "2006-12",
            "price": "27.91",
            "revenue": 1735349
        },
        "2007-01": {
            "month": "2007-01",
            "price": "26.30",
            "revenue": 1008300
        },
        "2007-02": {
            "month": "2007-02",
            "price": "26.78",
            "revenue": 1472138
        },
        "2007-03": {
            "month": "2007-03",
            "price": "25.62",
            "revenue": 1133972
        },
        "2007-04": {
            "month": "2007-04",
            "price": "28.52",
            "revenue": 859068
        },
        "2007-05": {
            "month": "2007-05",
            "price": "27.12",
            "revenue": 802581
        },
        "2007-06": {
            "month": "2007-06",
            "price": "27.97",
            "revenue": 989310
        },
        "2007-07": {
            "month": "2007-07",
            "price": "30.53",
            "revenue": 993515
        },
        "2007-08": {
            "month": "2007-08",
            "price": "36.99",
            "revenue": 1043010
        },
        "2007-09": {
            "month": "2007-09",
            "price": "37.12",
            "revenue": 940084
        },
        "2007-10": {
            "month": "2007-10",
            "price": "35.76",
            "revenue": 910983
        },
        "2007-11": {
            "month": "2007-11",
            "price": "28.52",
            "revenue": 819053
        },
        "2007-12": {
            "month": "2007-12",
            "price": "25.69",
            "revenue": 924246
        },
        "2008-01": {
            "month": "2008-01",
            "price": "29.59",
            "revenue": 996617
        },
        "2008-02": {
            "month": "2008-02",
            "price": "32.48",
            "revenue": 1287006
        },
        "2008-03": {
            "month": "2008-03",
            "price": "35.15",
            "revenue": 829289
        },
        "2008-04": {
            "month": "2008-04",
            "price": "36.55",
            "revenue": 698893
        },
        "2008-05": {
            "month": "2008-05",
            "price": "33.28",
            "revenue": 660079
        },
        "2008-06": {
            "month": "2008-06",
            "price": "28.01",
            "revenue": 669130
        },
        "2008-07": {
            "month": "2008-07",
            "price": "26.72",
            "revenue": 664388
        },
        "2008-08": {
            "month": "2008-08",
            "price": "24.92",
            "revenue": 749973
        },
        "2008-09": {
            "month": "2008-09",
            "price": "19.00",
            "revenue": 628483
        },
        "2008-10": {
            "month": "2008-10",
            "price": "14.53",
            "revenue": 538968
        },
        "2008-11": {
            "month": "2008-11",
            "price": "15.24",
            "revenue": 548648
        },
        "2008-12": {
            "month": "2008-12",
            "price": "17.03",
            "revenue": 546459
        },
        "2009-01": {
            "month": "2009-01",
            "price": "17.57",
            "revenue": 1045062
        },
        "2009-02": {
            "month": "2009-02",
            "price": "16.60",
            "revenue": 527972
        },
        "2009-03": {
            "month": "2009-03",
            "price": "19.10",
            "revenue": 578864
        },
        "2009-04": {
            "month": "2009-04",
            "price": "23.69",
            "revenue": 655990
        },
        "2009-05": {
            "month": "2009-05",
            "price": "26.86",
            "revenue": 588330
        },
        "2009-06": {
            "month": "2009-06",
            "price": "26.66",
            "revenue": 744465
        },
        "2009-07": {
            "month": "2009-07",
            "price": "30.96",
            "revenue": 550627
        },
        "2009-08": {
            "month": "2009-08",
            "price": "28.10",
            "revenue": 821065
        },
        "2009-09": {
            "month": "2009-09",
            "price": "30.21",
            "revenue": 630889
        },
        "2009-10": {
            "month": "2009-10",
            "price": "36.41",
            "revenue": 663732
        },
        "2009-11": {
            "month": "2009-11",
            "price": "38.99",
            "revenue": 552489
        },
        "2009-12": {
            "month": "2009-12",
            "price": "41.06",
            "revenue": 639036
        },
        "2010-01": {
            "month": "2010-01",
            "price": "42.72",
            "revenue": 684111
        },
        "2010-02": {
            "month": "2010-02",
            "price": "38.78",
            "revenue": 761573
        },
        "2010-03": {
            "month": "2010-03",
            "price": "41.25",
            "revenue": 552536
        },
        "2010-04": {
            "month": "2010-04",
            "price": "50.21",
            "revenue": 621479
        },
        "2010-05": {
            "month": "2010-05",
            "price": "48.95",
            "revenue": 685881
        },
        "2010-06": {
            "month": "2010-06",
            "price": "52.49",
            "revenue": 734400
        },
        "2010-07": {
            "month": "2010-07",
            "price": "52.94",
            "revenue": 727906
        },
        "2010-08": {
            "month": "2010-08",
            "price": "55.62",
            "revenue": 820831
        },
        "2010-09": {
            "month": "2010-09",
            "price": "54.33",
            "revenue": 749936
        },
        "2010-10": {
            "month": "2010-10",
            "price": "50.40",
            "revenue": 852946
        },
        "2010-11": {
            "month": "2010-11",
            "price": "52.67",
            "revenue": 696906
        },
        "2010-12": {
            "month": "2010-12",
            "price": "53.64",
            "revenue": 870496
        },
        "2011-01": {
            "month": "2011-01",
            "price": "48.42",
            "revenue": 746089
        },
        "2011-02": {
            "month": "2011-02",
            "price": "43.64",
            "revenue": 466767
        },
        "2011-03": {
            "month": "2011-03",
            "price": "47.10",
            "revenue": 469774
        },
        "2011-04": {
            "month": "2011-04",
            "price": "48.42",
            "revenue": 595129
        },
        "2011-05": {
            "month": "2011-05",
            "price": "43.93",
            "revenue": 914335
        },
        "2011-06": {
            "month": "2011-06",
            "price": "39.67",
            "revenue": 856411
        },
        "2011-07": {
            "month": "2011-07",
            "price": "43.27",
            "revenue": 783760
        },
        "2011-08": {
            "month": "2011-08",
            "price": "34.78",
            "revenue": 583529
        },
        "2011-09": {
            "month": "2011-09",
            "price": "32.17",
            "revenue": 1076380
        },
        "2011-10": {
            "month": "2011-10",
            "price": "32.08",
            "revenue": 535751
        },
        "2011-11": {
            "month": "2011-11",
            "price": "35.34",
            "revenue": 428204
        },
        "2011-12": {
            "month": "2011-12",
            "price": "31.57",
            "revenue": 668021
        },
        "2012-01": {
            "month": "2012-01",
            "price": "34.31",
            "revenue": 579345
        },
        "2012-02": {
            "month": "2012-02",
            "price": "36.57",
            "revenue": 667215
        },
        "2012-03": {
            "month": "2012-03",
            "price": "40.49",
            "revenue": 556548
        },
        "2012-04": {
            "month": "2012-04",
            "price": "43.46",
            "revenue": 403042
        },
        "2012-05": {
            "month": "2012-05",
            "price": "42.67",
            "revenue": 532623
        },
        "2012-06": {
            "month": "2012-06",
            "price": "44.01",
            "revenue": 500881
        },
        "2012-07": {
            "month": "2012-07",
            "price": "47.79",
            "revenue": 820722
        },
        "2012-08": {
            "month": "2012-08",
            "price": "49.95",
            "revenue": 696708
        },
        "2012-09": {
            "month": "2012-09",
            "price": "53.70",
            "revenue": 462658
        },
        "2012-10": {
            "month": "2012-10",
            "price": "54.00",
            "revenue": 510987
        },
        "2012-11": {
            "month": "2012-11",
            "price": "53.74",
            "revenue": 435777
        },
        "2012-12": {
            "month": "2012-12",
            "price": "58.45",
            "revenue": 586761
        },
        "2013-01": {
            "month": "2013-01",
            "price": "63.91",
            "revenue": 1288950
        },
        "2013-02": {
            "month": "2013-02",
            "price": "66.60",
            "revenue": 991617
        },
        "2013-03": {
            "month": "2013-03",
            "price": "63.54",
            "revenue": 1257334
        },
        "2013-04": {
            "month": "2013-04",
            "price": "58.16",
            "revenue": 1254810
        },
        "2013-05": {
            "month": "2013-05",
            "price": "58.67",
            "revenue": 1281538
        },
        "2013-06": {
            "month": "2013-06",
            "price": "56.01",
            "revenue": 1132747
        },
        "2013-07": {
            "month": "2013-07",
            "price": "57.01",
            "revenue": 1058161
        },
        "2013-08": {
            "month": "2013-08",
            "price": "58.50",
            "revenue": 1305051
        },
        "2013-09": {
            "month": "2013-09",
            "price": "62.05",
            "revenue": 1244448
        },
        "2013-10": {
            "month": "2013-10",
            "price": "62.00",
            "revenue": 1074823
        },
        "2013-11": {
            "month": "2013-11",
            "price": "60.60",
            "revenue": 1157344
        },
        "2013-12": {
            "month": "2013-12",
            "price": "58.91",
            "revenue": 2051549
        },
        "2014-01": {
            "month": "2014-01",
            "price": "54.55",
            "revenue": 1133090
        },
        "2014-02": {
            "month": "2014-02",
            "price": "53.59",
            "revenue": 801979
        },
        "2014-03": {
            "month": "2014-03",
            "price": "53.47",
            "revenue": 1033188
        },
        "2014-04": {
            "month": "2014-04",
            "price": "54.67",
            "revenue": 1012790
        },
        "2014-05": {
            "month": "2014-05",
            "price": "53.55",
            "revenue": 1010422
        },
        "2014-06": {
            "month": "2014-06",
            "price": "54.16",
            "revenue": 1382037
        },
        "2014-07": {
            "month": "2014-07",
            "price": "54.95",
            "revenue": 1024755
        },
        "2014-08": {
            "month": "2014-08",
            "price": "53.62",
            "revenue": 1033716
        },
        "2014-09": {
            "month": "2014-09",
            "price": "51.85",
            "revenue": 944273
        },
        "2014-10": {
            "month": "2014-10",
            "price": "45.80",
            "revenue": 1010494
        },
        "2014-11": {
            "month": "2014-11",
            "price": "45.79",
            "revenue": 935710
        },
        "2014-12": {
            "month": "2014-12",
            "price": "48.68",
            "revenue": 998278
        },
        "2015-01": {
            "month": "2015-01",
            "price": "48.88",
            "revenue": 864319
        },
        "2015-02": {
            "month": "2015-02",
            "price": "47.06",
            "revenue": 530639
        },
        "2015-03": {
            "month": "2015-03",
            "price": "46.35",
            "revenue": 772217
        },
        "2015-04": {
            "month": "2015-04",
            "price": "52.53",
            "revenue": 628658
        },
        "2015-05": {
            "month": "2015-05",
            "price": "51.42",
            "revenue": 655968
        },
        "2015-06": {
            "month": "2015-06",
            "price": "48.04",
            "revenue": 596546
        },
        "2015-07": {
            "month": "2015-07",
            "price": "42.92",
            "revenue": 878472
        },
        "2015-08": {
            "month": "2015-08",
            "price": "36.07",
            "revenue": 967425
        },
        "2015-09": {
            "month": "2015-09",
            "price": "35.14",
            "revenue": 2918621
        },
        "2015-10": {
            "month": "2015-10",
            "price": "38.65",
            "revenue": 1707960
        },
        "2015-11": {
            "month": "2015-11",
            "price": "41.58",
            "revenue": 1100031
        },
        "2015-12": {
            "month": "2015-12",
            "price": "43.70",
            "revenue": 1432913
        },
        "2016-01": {
            "month": "2016-01",
            "price": "38.88",
            "revenue": 944698
        },
        "2016-02": {
            "month": "2016-02",
            "price": "42.94",
            "revenue": 1236922
        },
        "2016-03": {
            "month": "2016-03",
            "price": "45.63",
            "revenue": 852636
        },
        "2016-04": {
            "month": "2016-04",
            "price": "38.05",
            "revenue": 778213
        },
        "2016-05": {
            "month": "2016-05",
            "price": "34.94",
            "revenue": 845074
        },
        "2016-06": {
            "month": "2016-06",
            "price": "37.42",
            "revenue": 1444305
        },
        "2016-07": {
            "month": "2016-07",
            "price": "37.96",
            "revenue": 918914
        },
        "2016-08": {
            "month": "2016-08",
            "price": "39.01",
            "revenue": 1071038
        },
        "2016-09": {
            "month": "2016-09",
            "price": "37.83",
            "revenue": 1261180
        },
        "2016-10": {
            "month": "2016-10",
            "price": "36.91",
            "revenue": 1097856
        },
        "2016-11": {
            "month": "2016-11",
            "price": "36.24",
            "revenue": 1257185
        },
        "2016-12": {
            "month": "2016-12",
            "price": "37.12",
            "revenue": 1451972
        },
        "2017-01": {
            "month": "2017-01",
            "price": "37.46",
            "revenue": 855110
        },
        "2017-02": {
            "month": "2017-02",
            "price": "39.27",
            "revenue": 763739
        },
        "2017-03": {
            "month": "2017-03",
            "price": "38.42",
            "revenue": 848533
        },
        "2017-04": {
            "month": "2017-04",
            "price": "36.62",
            "revenue": 791100
        },
        "2017-05": {
            "month": "2017-05",
            "price": "35.94",
            "revenue": 814084
        },
        "2017-06": {
            "month": "2017-06",
            "price": "34.16",
            "revenue": 814937
        },
        "2017-07": {
            "month": "2017-07",
            "price": "33.26",
            "revenue": 825103
        },
        "2017-08": {
            "month": "2017-08",
            "price": "32.65",
            "revenue": 737665
        },
        "2017-09": {
            "month": "2017-09",
            "price": "28.75",
            "revenue": 1655423
        },
        "2017-10": {
            "month": "2017-10",
            "price": "29.32",
            "revenue": 788604
        },
        "2017-11": {
            "month": "2017-11",
            "price": "31.47",
            "revenue": 898326
        },
        "2017-12": {
            "month": "2017-12",
            "price": "30.79",
            "revenue": 1251114
        },
        "2018-01": {
            "month": "2018-01",
            "price": "33.32",
            "revenue": 977517
        },
        "2018-02": {
            "month": "2018-02",
            "price": "31.80",
            "revenue": 720404
        },
        "2018-03": {
            "month": "2018-03",
            "price": "33.62",
            "revenue": 1389850
        },
        "2018-04": {
            "month": "2018-04",
            "price": "35.75",
            "revenue": 1106449
        },
        "2018-05": {
            "month": "2018-05",
            "price": "35.62",
            "revenue": 1183815
        },
        "2018-06": {
            "month": "2018-06",
            "price": "35.94",
            "revenue": 1697276
        },
        "2018-07": {
            "month": "2018-07",
            "price": "34.29",
            "revenue": 1198591
        },
        "2018-08": {
            "month": "2018-08",
            "price": "34.17",
            "revenue": 1325678
        },
        "2018-09": {
            "month": "2018-09",
            "price": "34.56",
            "revenue": 1341798
        },
        "2018-10": {
            "month": "2018-10",
            "price": "44.63",
            "revenue": 1308828
        },
        "2018-11": {
            "month": "2018-11",
            "price": "45.67",
            "revenue": 1386847
        },
        "2018-12": {
            "month": "2018-12",
            "price": "46.49",
            "revenue": 1389887
        },
        "2019-01": {
            "month": "2019-01",
            "price": "46.22",
            "revenue": 1393238
        },
        "2019-02": {
            "month": "2019-02",
            "price": "47.70",
            "revenue": 850381
        },
        "2019-03": {
            "month": "2019-03",
            "price": "47.93",
            "revenue": 1352660
        },
        "2019-04": {
            "month": "2019-04",
            "price": "43.21",
            "revenue": 1456816
        },
        "2019-05": {
            "month": "2019-05",
            "price": "40.71",
            "revenue": 1568526
        },
        "2019-06": {
            "month": "2019-06",
            "price": "42.91",
            "revenue": 1422606
        },
        "2019-07": {
            "month": "2019-07",
            "price": "42.36",
            "revenue": 1484640
        },
        "2019-08": {
            "month": "2019-08",
            "price": "42.08",
            "revenue": 1383013
        },
        "2019-09": {
            "month": "2019-09",
            "price": "42.66",
            "revenue": 1602002
        },
        "2019-10": {
            "month": "2019-10",
            "price": "44.61",
            "revenue": 1670152
        },
        "2019-11": {
            "month": "2019-11",
            "price": "46.88",
            "revenue": 1570312
        },
        "2019-12": {
            "month": "2019-12",
            "price": "45.35",
            "revenue": 1701709
        },
        "2020-01": {
            "month": "2020-01",
            "price": "44.58",
            "revenue": 1168710
        },
        "2020-02": {
            "month": "2020-02",
            "price": "42.20",
            "revenue": 1373005
        },
        "2020-03": {
            "month": "2020-03",
            "price": "36.75",
            "revenue": 1364091
        },
        "2020-04": {
            "month": "2020-04",
            "price": "42.11",
            "revenue": 1044406
        },
        "2020-05": {
            "month": "2020-05",
            "price": "44.68",
            "revenue": 1611979
        },
        "2020-06": {
            "month": "2020-06",
            "price": "49.62",
            "revenue": 1146071
        },
        "2020-07": {
            "month": "2020-07",
            "price": "51.41",
            "revenue": 1452792
        },
        "2020-08": {
            "month": "2020-08",
            "price": "47.37",
            "revenue": 1847071
        },
        "2020-09": {
            "month": "2020-09",
            "price": "40.88",
            "revenue": 1927387
        },
        "2020-10": {
            "month": "2020-10",
            "price": "39.20",
            "revenue": 1533763
        },
        "2020-11": {
            "month": "2020-11",
            "price": "40.80",
            "revenue": 2373739
        },
        "2020-12": {
            "month": "2020-12",
            "price": "40.79",
            "revenue": 2385278
        },
        "2021-01": {
            "month": "2021-01",
            "price": "40.02",
            "revenue": 2428261
        },
        "2021-02": {
            "month": "2021-02",
            "price": "40.45",
            "revenue": 1215207
        },
        "2021-03": {
            "month": "2021-03",
            "price": "44.59",
            "revenue": 1610483
        },
        "2021-04": {
            "month": "2021-04",
            "price": "51.64",
            "revenue": 2042077
        },
        "2021-05": {
            "month": "2021-05",
            "price": "51.86",
            "revenue": 2387135
        },
        "2021-06": {
            "month": "2021-06",
            "price": "53.72",
            "revenue": 1928395
        },
        "2021-07": {
            "month": "2021-07",
            "price": "62.56",
            "revenue": 2925757
        },
        "2021-08": {
            "month": "2021-08",
            "price": "65.33",
            "revenue": 3573571
        },
        "2021-09": {
            "month": "2021-09",
            "price": "72.28",
            "revenue": 1976853
        },
        "2021-10": {
            "month": "2021-10",
            "price": "59.26",
            "revenue": 2003578
        },
        "2021-11": {
            "month": "2021-11",
            "price": "67.41",
            "revenue": 1943728
        },
        "2021-12": {
            "month": "2021-12",
            "price": "62.87",
            "revenue": 3207869
        },
        "2022-01": {
            "month": "2022-01",
            "price": "64.95",
            "revenue": 2496170
        },
        "2022-02": {
            "month": "2022-02",
            "price": "69.53",
            "revenue": 1485434
        },
        "2022-03": {
            "month": "2022-03",
            "price": "73.42",
            "revenue": 2307517
        },
        "2022-04": {
            "month": "2022-04",
            "price": "74.39",
            "revenue": 2522275
        },
        "2022-05": {
            "month": "2022-05",
            "price": "73.84",
            "revenue": 1738217
        },
        "2022-06": {
            "month": "2022-06",
            "price": "75.61",
            "revenue": 3384698
        },
        "2022-07": {
            "month": "2022-07",
            "price": "66.79",
            "revenue": 2846856
        },
        "2022-08": {
            "month": "2022-08",
            "price": "61.50",
            "revenue": 2323847
        },
        "2022-09": {
            "month": "2022-09",
            "price": "57.49",
            "revenue": 2627721
        },
        "2022-10": {
            "month": "2022-10",
            "price": "53.44",
            "revenue": 2360372
        },
        "2022-11": {
            "month": "2022-11",
            "price": "43.74",
            "revenue": 2747255
        },
        "2022-12": {
            "month": "2022-12",
            "price": "44.47",
            "revenue": 5195965
        },
        "2023-01": {
            "month": "2023-01",
            "price": "43.61",
            "revenue": 1671450
        },
        "2023-02": {
            "month": "2023-02",
            "price": "44.53",
            "revenue": 2778101
        },
        "2023-03": {
            "month": "2023-03",
            "price": "39.09",
            "revenue": 1836194
        },
        "2023-04": {
            "month": "2023-04",
            "price": "35.61",
            "revenue": 2172003
        },
        "2023-05": {
            "month": "2023-05",
            "price": "35.33",
            "revenue": 2879621
        },
        "2023-06": {
            "month": "2023-06",
            "price": "36.15",
            "revenue": 1970152
        },
        "2023-07": {
            "month": "2023-07",
            "price": "35.54",
            "revenue": 1665515
        },
        "2023-08": {
            "month": "2023-08",
            "price": "34.70",
            "revenue": 1870716
        },
        "2023-09": {
            "month": "2023-09",
            "price": "35.50",
            "revenue": 1802913
        },
        "2023-10": {
            "month": "2023-10",
            "price": "34.16",
            "revenue": 3063088
        },
        "2023-11": {
            "month": "2023-11",
            "price": "35.18",
            "revenue": 2653061
        },
        "2023-12": {
            "month": "2023-12",
            "price": "36.73",
            "revenue": 2916478
        }
    }
}
