{
    "summary": {
        "stock_name": "三發地產",
        "stock_id": "9946",
        "category": "建材營造",
        "main_business": "住宅及大樓開發租售業,新市鎮.新社區開發業.不動產租賃業",
        "website_url": "https://www.sanfar.com.tw",
        "ceo": "鍾鼎晟",
        "pe_ratio": 37,
        "report_year_from": 2001,
        "report_year_to": 2023,
        "age": 22,
        "eps_negative_percentage": 10,
        "eps_growth_avg": {
            "last_all": 16.83,
            "last_2y": -38.37,
            "last_4y": -6.44,
            "last_8y": -8.47,
            "last_12y": 21.96,
            "last_16y": 19.03,
            "last_20y": null,
            "at_2006_last_3y": null,
            "at_2007_last_3y": 0.14,
            "at_2008_last_3y": -33.14,
            "at_2009_last_3y": 0,
            "at_2010_last_3y": 0,
            "at_2011_last_3y": 100,
            "at_2012_last_3y": 87.92,
            "at_2013_last_3y": 90.43,
            "at_2014_last_3y": 41.21,
            "at_2015_last_3y": 41.21,
            "at_2016_last_3y": 13.64,
            "at_2017_last_3y": -11.01,
            "at_2018_last_3y": 8.93,
            "at_2019_last_3y": 8.93,
            "at_2020_last_3y": -1.62,
            "at_2021_last_3y": 1.36,
            "at_2022_last_3y": -3.78,
            "at_2023_last_3y": -3.78,
            "at_2006_last_all": 33.52,
            "at_2007_last_all": 0.14,
            "at_2008_last_all": 0.14,
            "at_2009_last_all": 0.14,
            "at_2010_last_all": 20.11,
            "at_2011_last_all": 33.43,
            "at_2012_last_all": 37.76,
            "at_2013_last_all": 45.28,
            "at_2014_last_all": 29.49,
            "at_2015_last_all": 36.54,
            "at_2016_last_all": 28.99,
            "at_2017_last_all": 26.52,
            "at_2018_last_all": 23.17,
            "at_2019_last_all": 28.65,
            "at_2020_last_all": 20.83,
            "at_2021_last_all": 20.23,
            "at_2022_last_all": 16.83,
            "at_2023_last_all": 16.83
        },
        "latest_eps": 0.39,
        "latest_price": 14.25,
        "latest_roe": 1.96,
        "latest_gross_margin": 24.64,
        "latest_equity": 6517925,
        "latest_revenue": 157870,
        "latest_gross_profit": 38892,
        "latest_net_income": 3714,
        "latest_debt_ratio": 57.12,
        "latest_current_ratio": 234.15,
        "latest_account_receivable_turnover_ratio": 2.54,
        "latest_inventory_turnover_ratio": 0.01,
        "latest_reinvestment_rate": 0.12,
        "latest_research_to_sale_ratio": null
    },
    "eps_dividends": {
        "2001": {
            "cash": 0,
            "stock": 0,
            "eps": 0
        },
        "2002": {
            "cash": 0.6,
            "stock": 0.55,
            "eps": 0
        },
        "2003": {
            "cash": 0.6,
            "stock": 0.53,
            "eps": 0.66
        },
        "2004": {
            "cash": 0.7,
            "stock": 0.5,
            "eps": 1.74
        },
        "2005": {
            "cash": 0.9,
            "stock": 0.31,
            "eps": 0.01
        },
        "2006": {
            "cash": 0,
            "stock": 0,
            "eps": 0.28
        },
        "2007": {
            "cash": 0,
            "stock": 0.5,
            "eps": -1.1
        },
        "2008": {
            "cash": 0,
            "stock": 0,
            "eps": -0.86
        },
        "2009": {
            "cash": 0,
            "stock": 0,
            "eps": 0.28
        },
        "2010": {
            "cash": 0,
            "stock": 0,
            "eps": 0.95
        },
        "2011": {
            "cash": 0,
            "stock": 0,
            "eps": 2.07
        },
        "2012": {
            "cash": 0,
            "stock": 0,
            "eps": 3.39
        },
        "2013": {
            "cash": 2.1,
            "stock": 0,
            "eps": 6.71
        },
        "2014": {
            "cash": 2.5,
            "stock": 0,
            "eps": 0.21
        },
        "2015": {
            "cash": 0,
            "stock": 0.5,
            "eps": 2.86
        },
        "2016": {
            "cash": 1,
            "stock": 0,
            "eps": 1.53
        },
        "2017": {
            "cash": 0.5,
            "stock": 0,
            "eps": 1.52
        },
        "2018": {
            "cash": 0.6,
            "stock": 0.75,
            "eps": 1.26
        },
        "2019": {
            "cash": 0.3,
            "stock": 0.7,
            "eps": 5.5
        },
        "2020": {
            "cash": 0.6,
            "stock": 1,
            "eps": 0.62
        },
        "2021": {
            "cash": 0.3,
            "stock": 0.5,
            "eps": 0.69
        },
        "2022": {
            "cash": 0.68,
            "stock": 0,
            "eps": 0.43
        },
        "2023": {
            "cash": 0.43,
            "stock": 0,
            "eps": 0.01
        }
    },
    "dividends": {
        "2002-06-08": {
            "cash": 0.6,
            "stock": 0.55
        },
        "2003-04-03": {
            "cash": 0.6,
            "stock": 0.53
        },
        "2004-04-02": {
            "cash": 0.7,
            "stock": 0.5
        },
        "2005-03-29": {
            "cash": 0.9,
            "stock": 0.31
        },
        "2007-04-27": {
            "cash": 0,
            "stock": 0.5
        },
        "2013-03-13": {
            "cash": 2.1,
            "stock": 0
        },
        "2014-08-28": {
            "cash": 2.5,
            "stock": 0
        },
        "2015-02-25": {
            "cash": 0,
            "stock": 0.5
        },
        "2016-09-19": {
            "cash": 1,
            "stock": 0
        },
        "2017-09-18": {
            "cash": 0.5,
            "stock": 0
        },
        "2018-10-11": {
            "cash": 0.6,
            "stock": 0.75
        },
        "2019-09-24": {
            "cash": 0.3,
            "stock": 0.7
        },
        "2020-12-24": {
            "cash": 0.6,
            "stock": 1
        },
        "2021-11-03": {
            "cash": 0.3,
            "stock": 0.5
        },
        "2022-10-14": {
            "cash": 0.68,
            "stock": 0
        },
        "2023-04-18": {
            "cash": 0.43,
            "stock": 0
        }
    },
    "prices": {
        "200101": "無",
        "200102": "無",
        "200103": "無",
        "200104": "無",
        "200105": "無",
        "200106": "無",
        "200107": "無",
        "200108": "無",
        "200109": "無",
        "200110": "無",
        "200111": "無",
        "200112": "無",
        "200201": "無",
        "200202": "無",
        "200203": "無",
        "200204": "無",
        "200205": "無",
        "200206": "無",
        "200207": "無",
        "200208": "無",
        "200209": "無",
        "200210": "無",
        "200211": "無",
        "200212": "無",
        "200301": "無",
        "200302": "無",
        "200303": "無",
        "200304": "無",
        "200305": "無",
        "200306": "無",
        "200307": "無",
        "200308": "無",
        "200309": "無",
        "200310": "無",
        "200311": "無",
        "200312": "無",
        "200401": "無",
        "200402": "無",
        "200403": "無",
        "200404": "無",
        "200405": "無",
        "200406": "無",
        "200407": "無",
        "200408": "無",
        "200409": "無",
        "200410": "無",
        "200411": "無",
        "200412": "無",
        "200501": "無",
        "200502": "無",
        "200503": "無",
        "200504": "無",
        "200505": "無",
        "200506": "無",
        "200507": "無",
        "200508": "無",
        "200509": "無",
        "200510": "無",
        "200511": "無",
        "200512": "無",
        "200601": "無",
        "200602": "無",
        "200603": "無",
        "200604": "無",
        "200605": "無",
        "200606": "無",
        "200607": "無",
        "200608": "無",
        "200609": "無",
        "200610": "無",
        "200611": "無",
        "200612": "無",
        "200701": "無",
        "200702": "無",
        "200703": "無",
        "200704": "無",
        "200705": "無",
        "200706": "無",
        "200707": "無",
        "200708": "無",
        "200709": "無",
        "200710": "無",
        "200711": "無",
        "200712": "無",
        "200801": "無",
        "200802": "無",
        "200803": "無",
        "200804": "無",
        "200805": "無",
        "200806": "無",
        "200807": "無",
        "200808": "無",
        "200809": "無",
        "200810": "無",
        "200811": "無",
        "200812": "無",
        "200901": "無",
        "200902": "無",
        "200903": "無",
        "200904": "無",
        "200905": "無",
        "200906": "無",
        "200907": "無",
        "200908": "無",
        "200909": "無",
        "200910": "無",
        "200911": "無",
        "200912": "無",
        "201001": "無",
        "201002": "無",
        "201003": "無",
        "201004": "無",
        "201005": "無",
        "201006": "無",
        "201007": "無",
        "201008": "無",
        "201009": "無",
        "201010": "無",
        "201011": "無",
        "201012": "無",
        "201101": "無",
        "201102": "無",
        "201103": "無",
        "201104": "無",
        "201105": "無",
        "201106": "無",
        "201107": "無",
        "201108": "無",
        "201109": "無",
        "201110": "無",
        "201111": "無",
        "201112": "無",
        "201201": "無",
        "201202": "無",
        "201203": "無",
        "201204": "無",
        "201205": "無",
        "201206": "無",
        "201207": "無",
        "201208": "無",
        "201209": "無",
        "201210": "無",
        "201211": "無",
        "201212": "無",
        "201301": "無",
        "201302": "無",
        "201303": "無",
        "201304": "無",
        "201305": "無",
        "201306": "無",
        "201307": "無",
        "201308": "無",
        "201309": "無",
        "201310": "無",
        "201311": "無",
        "201312": "無",
        "201401": "無",
        "201402": "無",
        "201403": "無",
        "201404": "無",
        "201405": "24.40",
        "201406": "無",
        "201407": "無",
        "201408": "無",
        "201409": "23.60",
        "201410": "20.87",
        "201411": "19.68",
        "201412": "19.87",
        "201501": "20.26",
        "201502": "20.22",
        "201503": "20.48",
        "201504": "22.29",
        "201505": "24.20",
        "201506": "20.27",
        "201507": "17.57",
        "201508": "16.33",
        "201509": "15.91",
        "201510": "16.61",
        "201511": "15.25",
        "201512": "13.54",
        "201601": "11.63",
        "201602": "12.06",
        "201603": "14.59",
        "201604": "14.78",
        "201605": "13.77",
        "201606": "13.45",
        "201607": "13.50",
        "201608": "13.38",
        "201609": "11.88",
        "201610": "11.44",
        "201611": "10.86",
        "201612": "11.08",
        "201701": "10.85",
        "201702": "11.46",
        "201703": "12.18",
        "201704": "12.02",
        "201705": "11.66",
        "201706": "11.93",
        "201707": "12.14",
        "201708": "11.44",
        "201709": "10.80",
        "201710": "11.04",
        "201711": "11.17",
        "201712": "11.46",
        "201801": "13.32",
        "201802": "12.67",
        "201803": "12.96",
        "201804": "14.37",
        "201805": "14.28",
        "201806": "14.89",
        "201807": "14.28",
        "201808": "14.59",
        "201809": "13.49",
        "201810": "12.22",
        "201811": "11.85",
        "201812": "12.41",
        "201901": "12.45",
        "201902": "13.25",
        "201903": "14.40",
        "201904": "17.51",
        "201905": "19.68",
        "201906": "20.84",
        "201907": "21.54",
        "201908": "24.03",
        "201909": "23.46",
        "201910": "23.06",
        "201911": "26.10",
        "201912": "26.96",
        "202001": "27.27",
        "202002": "22.87",
        "202003": "15.01",
        "202004": "14.24",
        "202005": "15.36",
        "202006": "15.15",
        "202007": "15.74",
        "202008": "17.55",
        "202009": "17.72",
        "202010": "18.95",
        "202011": "18.37",
        "202012": "16.47",
        "202101": "14.97",
        "202102": "15.35",
        "202103": "16.59",
        "202104": "16.79",
        "202105": "15.14",
        "202106": "14.87",
        "202107": "14.87",
        "202108": "16.17",
        "202109": "16.53",
        "202110": "15.05",
        "202111": "15.32",
        "202112": "15.07",
        "202201": "14.77",
        "202202": "14.65",
        "202203": "13.88",
        "202204": "13.16",
        "202205": "12.48",
        "202206": "12.99",
        "202207": "12.82",
        "202208": "13.02",
        "202209": "13.05",
        "202210": "11.74",
        "202211": "11.75",
        "202212": "12.25",
        "202301": "12.10",
        "202302": "11.98",
        "202303": "11.98",
        "202304": "13.30",
        "202305": "14.56",
        "202306": "14.75"
    },
    "quarters": {
        "20011": {
            "year_quarter": 20011,
            "year": 2001,
            "quarter": 1,
            "eps": null,
            "eps_growth_year": null,
            "eps_4q": null,
            "eps_4q_growth_year": null,
            "roe": null,
            "roe_4q": 0,
            "gross_profit": null,
            "gross_margin": null,
            "gross_margin_4q_avg": 0,
            "net_income": null,
            "revenue": null,
            "common_shares": null,
            "book_valuer_per_share": null,
            "book_valuer_per_share_4q_avg": 0,
            "equity": null,
            "current_ratio": null,
            "debt_ratio": null,
            "inventory_turnover_ratio": null,
            "account_receivable_turnover_ratio": null,
            "reinvestment_rate": null,
            "research_to_sale_ratio": null,
            "price_fair": 0,
            "eps_avg_yearly": 0,
            "eps_latest_yearly": 0,
            "eps_growth_yearly": 0
        },
        "20012": {
            "year_quarter": 20012,
            "year": 2001,
            "quarter": 2,
            "eps": null,
            "eps_growth_year": null,
            "eps_4q": null,
            "eps_4q_growth_year": null,
            "roe": null,
            "roe_4q": 0,
            "gross_profit": null,
            "gross_margin": null,
            "gross_margin_4q_avg": 0,
            "net_income": null,
            "revenue": null,
            "common_shares": null,
            "book_valuer_per_share": null,
            "book_valuer_per_share_4q_avg": 0,
            "equity": null,
            "current_ratio": null,
            "debt_ratio": null,
            "inventory_turnover_ratio": null,
            "account_receivable_turnover_ratio": null,
            "reinvestment_rate": null,
            "research_to_sale_ratio": null,
            "price_fair": 0,
            "eps_avg_yearly": 0,
            "eps_latest_yearly": 0,
            "eps_growth_yearly": 0
        },
        "20013": {
            "year_quarter": 20013,
            "year": 2001,
            "quarter": 3,
            "eps": null,
            "eps_growth_year": null,
            "eps_4q": null,
            "eps_4q_growth_year": null,
            "roe": null,
            "roe_4q": 0,
            "gross_profit": null,
            "gross_margin": null,
            "gross_margin_4q_avg": 0,
            "net_income": null,
            "revenue": null,
            "common_shares": null,
            "book_valuer_per_share": null,
            "book_valuer_per_share_4q_avg": 0,
            "equity": null,
            "current_ratio": null,
            "debt_ratio": null,
            "inventory_turnover_ratio": null,
            "account_receivable_turnover_ratio": null,
            "reinvestment_rate": null,
            "research_to_sale_ratio": null,
            "price_fair": 0,
            "eps_avg_yearly": 0,
            "eps_latest_yearly": 0,
            "eps_growth_yearly": 0
        },
        "20014": {
            "year_quarter": 20014,
            "year": 2001,
            "quarter": 4,
            "eps": null,
            "eps_growth_year": null,
            "eps_4q": null,
            "eps_4q_growth_year": null,
            "roe": null,
            "roe_4q": 0,
            "gross_profit": null,
            "gross_margin": null,
            "gross_margin_4q_avg": 0,
            "net_income": null,
            "revenue": null,
            "common_shares": 180000,
            "book_valuer_per_share": 13.22,
            "book_valuer_per_share_4q_avg": 3.31,
            "equity": 238024,
            "current_ratio": 383.9,
            "debt_ratio": 13.63,
            "inventory_turnover_ratio": null,
            "account_receivable_turnover_ratio": null,
            "reinvestment_rate": null,
            "research_to_sale_ratio": null,
            "price_fair": 0,
            "eps_avg_yearly": 0,
            "eps_latest_yearly": 0,
            "eps_growth_yearly": 0
        },
        "20021": {
            "year_quarter": 20021,
            "year": 2002,
            "quarter": 1,
            "eps": null,
            "eps_growth_year": null,
            "eps_4q": null,
            "eps_4q_growth_year": null,
            "roe": null,
            "roe_4q": 0,
            "gross_profit": null,
            "gross_margin": null,
            "gross_margin_4q_avg": 0,
            "net_income": null,
            "revenue": null,
            "common_shares": null,
            "book_valuer_per_share": null,
            "book_valuer_per_share_4q_avg": 3.31,
            "equity": null,
            "current_ratio": null,
            "debt_ratio": null,
            "inventory_turnover_ratio": null,
            "account_receivable_turnover_ratio": null,
            "reinvestment_rate": null,
            "research_to_sale_ratio": null,
            "price_fair": 0,
            "eps_avg_yearly": 0,
            "eps_latest_yearly": 0,
            "eps_growth_yearly": 0
        },
        "20022": {
            "year_quarter": 20022,
            "year": 2002,
            "quarter": 2,
            "eps": null,
            "eps_growth_year": null,
            "eps_4q": null,
            "eps_4q_growth_year": null,
            "roe": null,
            "roe_4q": 0,
            "gross_profit": null,
            "gross_margin": null,
            "gross_margin_4q_avg": 0,
            "net_income": null,
            "revenue": null,
            "common_shares": null,
            "book_valuer_per_share": null,
            "book_valuer_per_share_4q_avg": 3.31,
            "equity": null,
            "current_ratio": null,
            "debt_ratio": null,
            "inventory_turnover_ratio": null,
            "account_receivable_turnover_ratio": null,
            "reinvestment_rate": null,
            "research_to_sale_ratio": null,
            "price_fair": 0,
            "eps_avg_yearly": 0,
            "eps_latest_yearly": 0,
            "eps_growth_yearly": 0
        },
        "20023": {
            "year_quarter": 20023,
            "year": 2002,
            "quarter": 3,
            "eps": null,
            "eps_growth_year": null,
            "eps_4q": null,
            "eps_4q_growth_year": null,
            "roe": null,
            "roe_4q": 0,
            "gross_profit": null,
            "gross_margin": null,
            "gross_margin_4q_avg": 0,
            "net_income": null,
            "revenue": null,
            "common_shares": null,
            "book_valuer_per_share": null,
            "book_valuer_per_share_4q_avg": 3.31,
            "equity": null,
            "current_ratio": null,
            "debt_ratio": null,
            "inventory_turnover_ratio": null,
            "account_receivable_turnover_ratio": null,
            "reinvestment_rate": null,
            "research_to_sale_ratio": null,
            "price_fair": 0,
            "eps_avg_yearly": 0,
            "eps_latest_yearly": 0,
            "eps_growth_yearly": 0
        },
        "20024": {
            "year_quarter": 20024,
            "year": 2002,
            "quarter": 4,
            "eps": null,
            "eps_growth_year": null,
            "eps_4q": null,
            "eps_4q_growth_year": null,
            "roe": null,
            "roe_4q": 0,
            "gross_profit": null,
            "gross_margin": null,
            "gross_margin_4q_avg": 0,
            "net_income": null,
            "revenue": null,
            "common_shares": 190000,
            "book_valuer_per_share": 12.89,
            "book_valuer_per_share_4q_avg": 3.22,
            "equity": 244977,
            "current_ratio": 281.03,
            "debt_ratio": 19.92,
            "inventory_turnover_ratio": null,
            "account_receivable_turnover_ratio": null,
            "reinvestment_rate": null,
            "research_to_sale_ratio": null,
            "price_fair": 0,
            "eps_avg_yearly": 0,
            "eps_latest_yearly": 0,
            "eps_growth_yearly": 0
        },
        "20031": {
            "year_quarter": 20031,
            "year": 2003,
            "quarter": 1,
            "eps": null,
            "eps_growth_year": null,
            "eps_4q": null,
            "eps_4q_growth_year": null,
            "roe": null,
            "roe_4q": 0,
            "gross_profit": null,
            "gross_margin": null,
            "gross_margin_4q_avg": 0,
            "net_income": null,
            "revenue": null,
            "common_shares": null,
            "book_valuer_per_share": null,
            "book_valuer_per_share_4q_avg": 3.22,
            "equity": null,
            "current_ratio": null,
            "debt_ratio": null,
            "inventory_turnover_ratio": null,
            "account_receivable_turnover_ratio": null,
            "reinvestment_rate": null,
            "research_to_sale_ratio": null,
            "price_fair": 0,
            "eps_avg_yearly": 0,
            "eps_latest_yearly": 0,
            "eps_growth_yearly": 0
        },
        "20032": {
            "year_quarter": 20032,
            "year": 2003,
            "quarter": 2,
            "eps": null,
            "eps_growth_year": null,
            "eps_4q": null,
            "eps_4q_growth_year": null,
            "roe": null,
            "roe_4q": 0,
            "gross_profit": null,
            "gross_margin": null,
            "gross_margin_4q_avg": 0,
            "net_income": null,
            "revenue": null,
            "common_shares": null,
            "book_valuer_per_share": null,
            "book_valuer_per_share_4q_avg": 3.22,
            "equity": null,
            "current_ratio": null,
            "debt_ratio": null,
            "inventory_turnover_ratio": null,
            "account_receivable_turnover_ratio": null,
            "reinvestment_rate": null,
            "research_to_sale_ratio": null,
            "price_fair": 0,
            "eps_avg_yearly": 0,
            "eps_latest_yearly": 0,
            "eps_growth_yearly": 0
        },
        "20033": {
            "year_quarter": 20033,
            "year": 2003,
            "quarter": 3,
            "eps": 0.47,
            "eps_growth_year": null,
            "eps_4q": null,
            "eps_4q_growth_year": null,
            "roe": 3.72,
            "roe_4q": 3.72,
            "gross_profit": 72204,
            "gross_margin": 69.49,
            "gross_margin_4q_avg": 17.37,
            "net_income": 9386,
            "revenue": 103907,
            "common_shares": 200000,
            "book_valuer_per_share": 12.61,
            "book_valuer_per_share_4q_avg": 6.38,
            "equity": 252265,
            "current_ratio": 288.78,
            "debt_ratio": 19.75,
            "inventory_turnover_ratio": 1.25,
            "account_receivable_turnover_ratio": null,
            "reinvestment_rate": null,
            "research_to_sale_ratio": null,
            "price_fair": 0,
            "eps_avg_yearly": 0,
            "eps_latest_yearly": 0,
            "eps_growth_yearly": 0
        },
        "20034": {
            "year_quarter": 20034,
            "year": 2003,
            "quarter": 4,
            "eps": 0.19,
            "eps_growth_year": null,
            "eps_4q": null,
            "eps_4q_growth_year": null,
            "roe": 1.46,
            "roe_4q": 5.18,
            "gross_profit": 70632,
            "gross_margin": 65.8,
            "gross_margin_4q_avg": 33.82,
            "net_income": 3712,
            "revenue": 107341,
            "common_shares": 200000,
            "book_valuer_per_share": 12.81,
            "book_valuer_per_share_4q_avg": 6.36,
            "equity": 256165,
            "current_ratio": 236.7,
            "debt_ratio": 24.37,
            "inventory_turnover_ratio": 1.3,
            "account_receivable_turnover_ratio": null,
            "reinvestment_rate": null,
            "research_to_sale_ratio": null,
            "price_fair": 2.28,
            "eps_avg_yearly": 0.76,
            "eps_latest_yearly": 0.76,
            "eps_growth_yearly": -238.3
        },
        "20041": {
            "year_quarter": 20041,
            "year": 2004,
            "quarter": 1,
            "eps": 0.9,
            "eps_growth_year": null,
            "eps_4q": null,
            "eps_4q_growth_year": null,
            "roe": 6.8,
            "roe_4q": 11.98,
            "gross_profit": 81396,
            "gross_margin": 72.17,
            "gross_margin_4q_avg": 51.87,
            "net_income": 18012,
            "revenue": 112778,
            "common_shares": 200000,
            "book_valuer_per_share": 13.69,
            "book_valuer_per_share_4q_avg": 9.78,
            "equity": 273717,
            "current_ratio": 276.63,
            "debt_ratio": 21.13,
            "inventory_turnover_ratio": 0.93,
            "account_receivable_turnover_ratio": null,
            "reinvestment_rate": null,
            "research_to_sale_ratio": null,
            "price_fair": 76.3,
            "eps_avg_yearly": 2.18,
            "eps_latest_yearly": 3.6,
            "eps_growth_yearly": 628.22
        },
        "20042": {
            "year_quarter": 20042,
            "year": 2004,
            "quarter": 2,
            "eps": 0.14,
            "eps_growth_year": null,
            "eps_4q": 1.63,
            "eps_4q_growth_year": null,
            "roe": 1.09,
            "roe_4q": 13.07,
            "gross_profit": 66458,
            "gross_margin": 64.45,
            "gross_margin_4q_avg": 67.98,
            "net_income": 2922,
            "revenue": 103118,
            "common_shares": 200000,
            "book_valuer_per_share": 13.05,
            "book_valuer_per_share_4q_avg": 13.04,
            "equity": 261028,
            "current_ratio": 226.45,
            "debt_ratio": 26.14,
            "inventory_turnover_ratio": 0.93,
            "account_receivable_turnover_ratio": null,
            "reinvestment_rate": null,
            "research_to_sale_ratio": null,
            "price_fair": 57.4,
            "eps_avg_yearly": 1.64,
            "eps_latest_yearly": 0.56,
            "eps_growth_yearly": 306.22
        },
        "20043": {
            "year_quarter": 20043,
            "year": 2004,
            "quarter": 3,
            "eps": 0.68,
            "eps_growth_year": 44.68,
            "eps_4q": 1.86,
            "eps_4q_growth_year": null,
            "roe": 5.3,
            "roe_4q": 14.649999999999999,
            "gross_profit": 81338,
            "gross_margin": 70.59,
            "gross_margin_4q_avg": 68.25,
            "net_income": 14207,
            "revenue": 115226,
            "common_shares": 200000,
            "book_valuer_per_share": 13.77,
            "book_valuer_per_share_4q_avg": 13.33,
            "equity": 275373,
            "current_ratio": 232.54,
            "debt_ratio": 24.38,
            "inventory_turnover_ratio": 0.83,
            "account_receivable_turnover_ratio": null,
            "reinvestment_rate": null,
            "research_to_sale_ratio": null,
            "price_fair": 66.85,
            "eps_avg_yearly": 1.91,
            "eps_latest_yearly": 2.72,
            "eps_growth_yearly": 615.38
        },
        "20044": {
            "year_quarter": 20044,
            "year": 2004,
            "quarter": 4,
            "eps": 0.02,
            "eps_growth_year": -89.47,
            "eps_4q": 2.18,
            "eps_4q_growth_year": null,
            "roe": 0.12,
            "roe_4q": 13.309999999999999,
            "gross_profit": 71013,
            "gross_margin": 69.3,
            "gross_margin_4q_avg": 69.13,
            "net_income": 325,
            "revenue": 102473,
            "common_shares": 210000,
            "book_valuer_per_share": 13.07,
            "book_valuer_per_share_4q_avg": 13.4,
            "equity": 274452,
            "current_ratio": 230.15,
            "debt_ratio": 23.12,
            "inventory_turnover_ratio": 0.73,
            "account_receivable_turnover_ratio": null,
            "reinvestment_rate": null,
            "research_to_sale_ratio": null,
            "price_fair": 54.04,
            "eps_avg_yearly": 1.54,
            "eps_latest_yearly": 0.08,
            "eps_growth_yearly": 414.66
        },
        "20051": {
            "year_quarter": 20051,
            "year": 2005,
            "quarter": 1,
            "eps": 0.19,
            "eps_growth_year": -78.89,
            "eps_4q": 0.99,
            "eps_4q_growth_year": null,
            "roe": 1.41,
            "roe_4q": 7.92,
            "gross_profit": 72516,
            "gross_margin": 70.13,
            "gross_margin_4q_avg": 68.62,
            "net_income": 4138,
            "revenue": 103401,
            "common_shares": 236260,
            "book_valuer_per_share": 13.3,
            "book_valuer_per_share_4q_avg": 13.3,
            "equity": 314215,
            "current_ratio": 326.95,
            "debt_ratio": 17.03,
            "inventory_turnover_ratio": 0.6,
            "account_receivable_turnover_ratio": null,
            "reinvestment_rate": null,
            "research_to_sale_ratio": null,
            "price_fair": 49.47,
            "eps_avg_yearly": 1.41,
            "eps_latest_yearly": 0.76,
            "eps_growth_yearly": 912.21
        },
        "20052": {
            "year_quarter": 20052,
            "year": 2005,
            "quarter": 2,
            "eps": -0.37,
            "eps_growth_year": -364.29,
            "eps_4q": 0.43,
            "eps_4q_growth_year": -73.36,
            "roe": -2.83,
            "roe_4q": 3.9999999999999996,
            "gross_profit": 50252,
            "gross_margin": 64.82,
            "gross_margin_4q_avg": 68.71,
            "net_income": -8406,
            "revenue": 77525,
            "common_shares": 236260,
            "book_valuer_per_share": 11.87,
            "book_valuer_per_share_4q_avg": 13,
            "equity": 280364,
            "current_ratio": 237.46,
            "debt_ratio": 30.39,
            "inventory_turnover_ratio": 0.5,
            "account_receivable_turnover_ratio": null,
            "reinvestment_rate": null,
            "research_to_sale_ratio": null,
            "price_fair": 49.47,
            "eps_avg_yearly": 1.41,
            "eps_latest_yearly": 0.76,
            "eps_growth_yearly": 912.21
        },
        "20053": {
            "year_quarter": 20053,
            "year": 2005,
            "quarter": 3,
            "eps": 0.08,
            "eps_growth_year": -88.24,
            "eps_4q": -0.09,
            "eps_4q_growth_year": -104.91,
            "roe": 0.65,
            "roe_4q": -0.6500000000000002,
            "gross_profit": 66552,
            "gross_margin": 71.13,
            "gross_margin_4q_avg": 68.85,
            "net_income": 1841,
            "revenue": 93561,
            "common_shares": 243584,
            "book_valuer_per_share": 11.63,
            "book_valuer_per_share_4q_avg": 12.47,
            "equity": 283182,
            "current_ratio": 281.23,
            "debt_ratio": 27.63,
            "inventory_turnover_ratio": 0.5,
            "account_receivable_turnover_ratio": null,
            "reinvestment_rate": null,
            "research_to_sale_ratio": null,
            "price_fair": 49.47,
            "eps_avg_yearly": 1.41,
            "eps_latest_yearly": 0.76,
            "eps_growth_yearly": 912.21
        },
        "20054": {
            "year_quarter": 20054,
            "year": 2005,
            "quarter": 4,
            "eps": 0.11,
            "eps_growth_year": 450,
            "eps_4q": 0,
            "eps_4q_growth_year": -99.78,
            "roe": 0.89,
            "roe_4q": 0.11999999999999988,
            "gross_profit": 62857,
            "gross_margin": 64.53,
            "gross_margin_4q_avg": 67.65,
            "net_income": 2538,
            "revenue": 97408,
            "common_shares": 243584,
            "book_valuer_per_share": 11.72,
            "book_valuer_per_share_4q_avg": 12.13,
            "equity": 285458,
            "current_ratio": 258.17,
            "debt_ratio": 30.24,
            "inventory_turnover_ratio": 0.64,
            "account_receivable_turnover_ratio": null,
            "reinvestment_rate": null,
            "research_to_sale_ratio": null,
            "price_fair": 44.6,
            "eps_avg_yearly": 1.27,
            "eps_latest_yearly": 0.44,
            "eps_growth_yearly": 803.33
        },
        "20061": {
            "year_quarter": 20061,
            "year": 2006,
            "quarter": 1,
            "eps": 0.02,
            "eps_growth_year": -89.47,
            "eps_4q": -0.12,
            "eps_4q_growth_year": -112.11,
            "roe": 0.2,
            "roe_4q": -1.0899999999999999,
            "gross_profit": 59074,
            "gross_margin": 67.52,
            "gross_margin_4q_avg": 67,
            "net_income": 575,
            "revenue": 87485,
            "common_shares": 243584,
            "book_valuer_per_share": 11.73,
            "book_valuer_per_share_4q_avg": 11.74,
            "equity": 285810,
            "current_ratio": 277.82,
            "debt_ratio": 28.12,
            "inventory_turnover_ratio": 0.53,
            "account_receivable_turnover_ratio": null,
            "reinvestment_rate": null,
            "research_to_sale_ratio": null,
            "price_fair": 39.38,
            "eps_avg_yearly": 1.13,
            "eps_latest_yearly": 0.08,
            "eps_growth_yearly": 662
        },
        "20062": {
            "year_quarter": 20062,
            "year": 2006,
            "quarter": 2,
            "eps": 0.04,
            "eps_growth_year": null,
            "eps_4q": 0.25,
            "eps_4q_growth_year": -42.73,
            "roe": 0.33,
            "roe_4q": 2.07,
            "gross_profit": 46660,
            "gross_margin": 62.38,
            "gross_margin_4q_avg": 66.39,
            "net_income": 949,
            "revenue": 74796,
            "common_shares": 243584,
            "book_valuer_per_share": 11.77,
            "book_valuer_per_share_4q_avg": 11.71,
            "equity": 286697,
            "current_ratio": 280.51,
            "debt_ratio": 27.73,
            "inventory_turnover_ratio": 0.49,
            "account_receivable_turnover_ratio": null,
            "reinvestment_rate": null,
            "research_to_sale_ratio": null,
            "price_fair": 35.62,
            "eps_avg_yearly": 1.02,
            "eps_latest_yearly": 0.16,
            "eps_growth_yearly": 632.89
        },
        "20063": {
            "year_quarter": 20063,
            "year": 2006,
            "quarter": 3,
            "eps": 0.03,
            "eps_growth_year": -62.5,
            "eps_4q": 0.21,
            "eps_4q_growth_year": null,
            "roe": 0.24,
            "roe_4q": 1.6600000000000001,
            "gross_profit": 57451,
            "gross_margin": 64.5,
            "gross_margin_4q_avg": 64.73,
            "net_income": 690,
            "revenue": 89072,
            "common_shares": 243584,
            "book_valuer_per_share": 11.82,
            "book_valuer_per_share_4q_avg": 11.76,
            "equity": 287922,
            "current_ratio": 266.22,
            "debt_ratio": 28.39,
            "inventory_turnover_ratio": 0.46,
            "account_receivable_turnover_ratio": null,
            "reinvestment_rate": null,
            "research_to_sale_ratio": null,
            "price_fair": 32.48,
            "eps_avg_yearly": 0.93,
            "eps_latest_yearly": 0.12,
            "eps_growth_yearly": 559.6
        },
        "20064": {
            "year_quarter": 20064,
            "year": 2006,
            "quarter": 4,
            "eps": 0.19,
            "eps_growth_year": 72.73,
            "eps_4q": 0.28,
            "eps_4q_growth_year": 5742.67,
            "roe": 1.59,
            "roe_4q": 2.3600000000000003,
            "gross_profit": 49513,
            "gross_margin": 62.57,
            "gross_margin_4q_avg": 64.24,
            "net_income": 4618,
            "revenue": 79128,
            "common_shares": 243584,
            "book_valuer_per_share": 12,
            "book_valuer_per_share_4q_avg": 11.83,
            "equity": 292187,
            "current_ratio": 282.72,
            "debt_ratio": 28.47,
            "inventory_turnover_ratio": 0.37,
            "account_receivable_turnover_ratio": null,
            "reinvestment_rate": null,
            "research_to_sale_ratio": null,
            "price_fair": 31.95,
            "eps_avg_yearly": 0.91,
            "eps_latest_yearly": 0.76,
            "eps_growth_yearly": 702.67
        },
        "20071": {
            "year_quarter": 20071,
            "year": 2007,
            "quarter": 1,
            "eps": -0.09,
            "eps_growth_year": -550,
            "eps_4q": 0.15,
            "eps_4q_growth_year": null,
            "roe": -0.79,
            "roe_4q": 1.37,
            "gross_profit": 48973,
            "gross_margin": 63.08,
            "gross_margin_4q_avg": 63.13,
            "net_income": -2312,
            "revenue": 77633,
            "common_shares": 243584,
            "book_valuer_per_share": 11.92,
            "book_valuer_per_share_4q_avg": 11.88,
            "equity": 290282,
            "current_ratio": 272.24,
            "debt_ratio": 27.75,
            "inventory_turnover_ratio": 0.34,
            "account_receivable_turnover_ratio": null,
            "reinvestment_rate": null,
            "research_to_sale_ratio": null,
            "price_fair": 31.95,
            "eps_avg_yearly": 0.91,
            "eps_latest_yearly": 0.76,
            "eps_growth_yearly": 702.67
        },
        "20072": {
            "year_quarter": 20072,
            "year": 2007,
            "quarter": 2,
            "eps": -0.1,
            "eps_growth_year": -350,
            "eps_4q": 0.02,
            "eps_4q_growth_year": -91.32,
            "roe": -0.86,
            "roe_4q": 0.18000000000000016,
            "gross_profit": 43801,
            "gross_margin": 64.78,
            "gross_margin_4q_avg": 63.73,
            "net_income": -2470,
            "revenue": 67618,
            "common_shares": 243584,
            "book_valuer_per_share": 11.79,
            "book_valuer_per_share_4q_avg": 11.88,
            "equity": 287067,
            "current_ratio": 290.62,
            "debt_ratio": 27.04,
            "inventory_turnover_ratio": 0.27,
            "account_receivable_turnover_ratio": null,
            "reinvestment_rate": 315.83,
            "research_to_sale_ratio": null,
            "price_fair": 31.95,
            "eps_avg_yearly": 0.91,
            "eps_latest_yearly": 0.76,
            "eps_growth_yearly": 702.67
        },
        "20073": {
            "year_quarter": 20073,
            "year": 2007,
            "quarter": 3,
            "eps": 0.04,
            "eps_growth_year": 33.33,
            "eps_4q": 0.03,
            "eps_4q_growth_year": -83.7,
            "roe": 0.36,
            "roe_4q": 0.30000000000000004,
            "gross_profit": 56515,
            "gross_margin": 52.66,
            "gross_margin_4q_avg": 60.77,
            "net_income": 1039,
            "revenue": 107324,
            "common_shares": 255763,
            "book_valuer_per_share": 11.26,
            "book_valuer_per_share_4q_avg": 11.74,
            "equity": 287862,
            "current_ratio": 254.41,
            "debt_ratio": 30.2,
            "inventory_turnover_ratio": 0.57,
            "account_receivable_turnover_ratio": null,
            "reinvestment_rate": 146.39,
            "research_to_sale_ratio": null,
            "price_fair": 31.95,
            "eps_avg_yearly": 0.91,
            "eps_latest_yearly": 0.76,
            "eps_growth_yearly": 702.67
        },
        "20074": {
            "year_quarter": 20074,
            "year": 2007,
            "quarter": 4,
            "eps": -0.95,
            "eps_growth_year": -600,
            "eps_4q": -1.1,
            "eps_4q_growth_year": -491.33,
            "roe": -8.85,
            "roe_4q": -10.14,
            "gross_profit": 38067,
            "gross_margin": 38.38,
            "gross_margin_4q_avg": 54.73,
            "net_income": -24399,
            "revenue": 99186,
            "common_shares": 255763,
            "book_valuer_per_share": 10.3,
            "book_valuer_per_share_4q_avg": 11.32,
            "equity": 263322,
            "current_ratio": 300.27,
            "debt_ratio": 30.28,
            "inventory_turnover_ratio": 0.75,
            "account_receivable_turnover_ratio": null,
            "reinvestment_rate": 399.78,
            "research_to_sale_ratio": null,
            "price_fair": 32.48,
            "eps_avg_yearly": 0.93,
            "eps_latest_yearly": 0.76,
            "eps_growth_yearly": 796.76
        },
        "20081": {
            "year_quarter": 20081,
            "year": 2008,
            "quarter": 1,
            "eps": -0.06,
            "eps_growth_year": null,
            "eps_4q": -0.86,
            "eps_4q_growth_year": -662.51,
            "roe": -0.59,
            "roe_4q": -9.94,
            "gross_profit": 51801,
            "gross_margin": 57.03,
            "gross_margin_4q_avg": 53.21,
            "net_income": -1928,
            "revenue": 90828,
            "common_shares": 416800,
            "book_valuer_per_share": 9.39,
            "book_valuer_per_share_4q_avg": 10.69,
            "equity": 391463,
            "current_ratio": 464.05,
            "debt_ratio": 23.53,
            "inventory_turnover_ratio": 0.53,
            "account_receivable_turnover_ratio": null,
            "reinvestment_rate": null,
            "research_to_sale_ratio": null,
            "price_fair": 22.09,
            "eps_avg_yearly": 0.63,
            "eps_latest_yearly": 0.76,
            "eps_growth_yearly": 719.21
        },
        "20082": {
            "year_quarter": 20082,
            "year": 2008,
            "quarter": 2,
            "eps": -0.8,
            "eps_growth_year": null,
            "eps_4q": -1.28,
            "eps_4q_growth_year": -6029.64,
            "roe": -7.44,
            "roe_4q": -16.520000000000003,
            "gross_profit": 41080,
            "gross_margin": 48.7,
            "gross_margin_4q_avg": 49.19,
            "net_income": -28081,
            "revenue": 84354,
            "common_shares": 416800,
            "book_valuer_per_share": 8.72,
            "book_valuer_per_share_4q_avg": 9.92,
            "equity": 363445,
            "current_ratio": 439.36,
            "debt_ratio": 24.43,
            "inventory_turnover_ratio": 0.46,
            "account_receivable_turnover_ratio": null,
            "reinvestment_rate": null,
            "research_to_sale_ratio": null,
            "price_fair": 22.4,
            "eps_avg_yearly": 0.64,
            "eps_latest_yearly": 0.76,
            "eps_growth_yearly": 851.34
        },
        "20083": {
            "year_quarter": 20083,
            "year": 2008,
            "quarter": 3,
            "eps": 0.09,
            "eps_growth_year": 125,
            "eps_4q": -1.45,
            "eps_4q_growth_year": -4414.09,
            "roe": 0.87,
            "roe_4q": -16.009999999999998,
            "gross_profit": 24236,
            "gross_margin": 34.02,
            "gross_margin_4q_avg": 44.53,
            "net_income": 3173,
            "revenue": 71243,
            "common_shares": 416800,
            "book_valuer_per_share": 8.83,
            "book_valuer_per_share_4q_avg": 9.31,
            "equity": 367846,
            "current_ratio": 163.36,
            "debt_ratio": 54.4,
            "inventory_turnover_ratio": 0.15,
            "account_receivable_turnover_ratio": null,
            "reinvestment_rate": null,
            "research_to_sale_ratio": null,
            "price_fair": 12,
            "eps_avg_yearly": 0.34,
            "eps_latest_yearly": 0.76,
            "eps_growth_yearly": 752.55
        },
        "20084": {
            "year_quarter": 20084,
            "year": 2008,
            "quarter": 4,
            "eps": -0.09,
            "eps_growth_year": null,
            "eps_4q": -0.79,
            "eps_4q_growth_year": null,
            "roe": -0.96,
            "roe_4q": -8.120000000000001,
            "gross_profit": 32598,
            "gross_margin": 58.43,
            "gross_margin_4q_avg": 49.55,
            "net_income": -3510,
            "revenue": 55787,
            "common_shares": 416800,
            "book_valuer_per_share": 8.76,
            "book_valuer_per_share_4q_avg": 8.93,
            "equity": 364965,
            "current_ratio": 164.8,
            "debt_ratio": 53.79,
            "inventory_turnover_ratio": 0.05,
            "account_receivable_turnover_ratio": 29.06,
            "reinvestment_rate": null,
            "research_to_sale_ratio": null,
            "price_fair": 13.53,
            "eps_avg_yearly": 0.39,
            "eps_latest_yearly": 0.76,
            "eps_growth_yearly": 942.68
        },
        "20091": {
            "year_quarter": 20091,
            "year": 2009,
            "quarter": 1,
            "eps": -0.14,
            "eps_growth_year": null,
            "eps_4q": -0.82,
            "eps_4q_growth_year": null,
            "roe": -1.56,
            "roe_4q": -9.09,
            "gross_profit": 21518,
            "gross_margin": 59.28,
            "gross_margin_4q_avg": 50.11,
            "net_income": -5637,
            "revenue": 36298,
            "common_shares": 416800,
            "book_valuer_per_share": 8.62,
            "book_valuer_per_share_4q_avg": 8.73,
            "equity": 359328,
            "current_ratio": 179.35,
            "debt_ratio": 51.32,
            "inventory_turnover_ratio": 0.03,
            "account_receivable_turnover_ratio": 9.47,
            "reinvestment_rate": null,
            "research_to_sale_ratio": null,
            "price_fair": 10.92,
            "eps_avg_yearly": 0.31,
            "eps_latest_yearly": 0.76,
            "eps_growth_yearly": 451.21
        },
        "20092": {
            "year_quarter": 20092,
            "year": 2009,
            "quarter": 2,
            "eps": -0.05,
            "eps_growth_year": null,
            "eps_4q": -0.19,
            "eps_4q_growth_year": null,
            "roe": -0.56,
            "roe_4q": -2.21,
            "gross_profit": 24100,
            "gross_margin": 69.39,
            "gross_margin_4q_avg": 55.28,
            "net_income": -2021,
            "revenue": 34733,
            "common_shares": 416800,
            "book_valuer_per_share": 8.57,
            "book_valuer_per_share_4q_avg": 8.7,
            "equity": 357307,
            "current_ratio": 197.22,
            "debt_ratio": 54.79,
            "inventory_turnover_ratio": 0.02,
            "account_receivable_turnover_ratio": 6.66,
            "reinvestment_rate": null,
            "research_to_sale_ratio": null,
            "price_fair": 10.92,
            "eps_avg_yearly": 0.31,
            "eps_latest_yearly": 0.76,
            "eps_growth_yearly": 451.21
        },
        "20093": {
            "year_quarter": 20093,
            "year": 2009,
            "quarter": 3,
            "eps": -0.13,
            "eps_growth_year": -244.44,
            "eps_4q": -0.4,
            "eps_4q_growth_year": null,
            "roe": -1.15,
            "roe_4q": -4.23,
            "gross_profit": 24147,
            "gross_margin": 69.79,
            "gross_margin_4q_avg": 64.22,
            "net_income": -5422,
            "revenue": 34599,
            "common_shares": 416800,
            "book_valuer_per_share": 14.1,
            "book_valuer_per_share_4q_avg": 10.01,
            "equity": 587507,
            "current_ratio": 216.87,
            "debt_ratio": 48.93,
            "inventory_turnover_ratio": 0.02,
            "account_receivable_turnover_ratio": 4.24,
            "reinvestment_rate": null,
            "research_to_sale_ratio": null,
            "price_fair": 10.92,
            "eps_avg_yearly": 0.31,
            "eps_latest_yearly": 0.76,
            "eps_growth_yearly": 451.21
        },
        "20094": {
            "year_quarter": 20094,
            "year": 2009,
            "quarter": 4,
            "eps": 0.6,
            "eps_growth_year": null,
            "eps_4q": 0.23,
            "eps_4q_growth_year": null,
            "roe": 4.9,
            "roe_4q": 1.6300000000000003,
            "gross_profit": 60813,
            "gross_margin": 14.01,
            "gross_margin_4q_avg": 53.12,
            "net_income": 29493,
            "revenue": 433972,
            "common_shares": 700000,
            "book_valuer_per_share": 8.81,
            "book_valuer_per_share_4q_avg": 10.03,
            "equity": 617000,
            "current_ratio": 207.03,
            "debt_ratio": 50.64,
            "inventory_turnover_ratio": 1.2,
            "account_receivable_turnover_ratio": 88.87,
            "reinvestment_rate": null,
            "research_to_sale_ratio": null,
            "price_fair": 9.8,
            "eps_avg_yearly": 0.28,
            "eps_latest_yearly": 0.76,
            "eps_growth_yearly": 526.52
        },
        "20101": {
            "year_quarter": 20101,
            "year": 2010,
            "quarter": 1,
            "eps": -0.13,
            "eps_growth_year": null,
            "eps_4q": 0.18,
            "eps_4q_growth_year": null,
            "roe": -1.52,
            "roe_4q": 1.6700000000000004,
            "gross_profit": 19698,
            "gross_margin": 67.3,
            "gross_margin_4q_avg": 55.12,
            "net_income": -9286,
            "revenue": 29271,
            "common_shares": 700000,
            "book_valuer_per_share": 8.68,
            "book_valuer_per_share_4q_avg": 10.04,
            "equity": 607714,
            "current_ratio": 189.52,
            "debt_ratio": 54.29,
            "inventory_turnover_ratio": 0.12,
            "account_receivable_turnover_ratio": 3.35,
            "reinvestment_rate": null,
            "research_to_sale_ratio": null,
            "price_fair": 12.13,
            "eps_avg_yearly": 0.35,
            "eps_latest_yearly": 0.76,
            "eps_growth_yearly": 811.11
        },
        "20102": {
            "year_quarter": 20102,
            "year": 2010,
            "quarter": 2,
            "eps": -0.08,
            "eps_growth_year": null,
            "eps_4q": 0.13,
            "eps_4q_growth_year": null,
            "roe": -0.9,
            "roe_4q": 1.3300000000000005,
            "gross_profit": 22347,
            "gross_margin": 77.27,
            "gross_margin_4q_avg": 57.09,
            "net_income": -5458,
            "revenue": 28919,
            "common_shares": 700000,
            "book_valuer_per_share": 8.6,
            "book_valuer_per_share_4q_avg": 10.05,
            "equity": 602256,
            "current_ratio": 146.74,
            "debt_ratio": 67.73,
            "inventory_turnover_ratio": 0.05,
            "account_receivable_turnover_ratio": 2.42,
            "reinvestment_rate": null,
            "research_to_sale_ratio": null,
            "price_fair": 15.4,
            "eps_avg_yearly": 0.44,
            "eps_latest_yearly": 0.76,
            "eps_growth_yearly": 1016.67
        },
        "20103": {
            "year_quarter": 20103,
            "year": 2010,
            "quarter": 3,
            "eps": 0.39,
            "eps_growth_year": null,
            "eps_4q": 0.6,
            "eps_4q_growth_year": null,
            "roe": 4.48,
            "roe_4q": 6.960000000000001,
            "gross_profit": 62609,
            "gross_margin": 35.51,
            "gross_margin_4q_avg": 48.52,
            "net_income": 27594,
            "revenue": 176324,
            "common_shares": 700000,
            "book_valuer_per_share": 9,
            "book_valuer_per_share_4q_avg": 8.77,
            "equity": 629850,
            "current_ratio": 140.65,
            "debt_ratio": 70.45,
            "inventory_turnover_ratio": 0.96,
            "account_receivable_turnover_ratio": 7.88,
            "reinvestment_rate": null,
            "research_to_sale_ratio": null,
            "price_fair": 26.6,
            "eps_avg_yearly": 0.76,
            "eps_latest_yearly": 0.76,
            "eps_growth_yearly": 2133.33
        },
        "20104": {
            "year_quarter": 20104,
            "year": 2010,
            "quarter": 4,
            "eps": 0.77,
            "eps_growth_year": 27.54,
            "eps_4q": 0.89,
            "eps_4q_growth_year": 281.18,
            "roe": 8.69,
            "roe_4q": 10.75,
            "gross_profit": 126070,
            "gross_margin": 34.74,
            "gross_margin_4q_avg": 53.71,
            "net_income": 76526,
            "revenue": 362912,
            "common_shares": 1000000,
            "book_valuer_per_share": 11.31,
            "book_valuer_per_share_4q_avg": 9.4,
            "equity": 1131013,
            "current_ratio": 133.18,
            "debt_ratio": 74.5,
            "inventory_turnover_ratio": 0.12,
            "account_receivable_turnover_ratio": 13.64,
            "reinvestment_rate": 26.62,
            "research_to_sale_ratio": null,
            "price_fair": 107.8,
            "eps_avg_yearly": 3.08,
            "eps_latest_yearly": 3.08,
            "eps_growth_yearly": 389.74
        },
        "20111": {
            "year_quarter": 20111,
            "year": 2011,
            "quarter": 1,
            "eps": 0.07,
            "eps_growth_year": null,
            "eps_4q": 1.06,
            "eps_4q_growth_year": 481.42,
            "roe": 0.65,
            "roe_4q": 12.92,
            "gross_profit": 41897,
            "gross_margin": 36.36,
            "gross_margin_4q_avg": 45.97,
            "net_income": 7355,
            "revenue": 115237,
            "common_shares": 1000000,
            "book_valuer_per_share": 11.38,
            "book_valuer_per_share_4q_avg": 10.07,
            "equity": 1138368,
            "current_ratio": 130.77,
            "debt_ratio": 75.76,
            "inventory_turnover_ratio": 0.02,
            "account_receivable_turnover_ratio": 5.79,
            "reinvestment_rate": 93.36,
            "research_to_sale_ratio": null,
            "price_fair": 38.73,
            "eps_avg_yearly": 1.68,
            "eps_latest_yearly": 0.28,
            "eps_growth_yearly": 13.05
        },
        "20112": {
            "year_quarter": 20112,
            "year": 2011,
            "quarter": 2,
            "eps": 0.84,
            "eps_growth_year": null,
            "eps_4q": 1.53,
            "eps_4q_growth_year": 1050.13,
            "roe": 8.35,
            "roe_4q": 22.169999999999998,
            "gross_profit": 184013,
            "gross_margin": 32.5,
            "gross_margin_4q_avg": 34.78,
            "net_income": 133720,
            "revenue": 566138,
            "common_shares": 1600000,
            "book_valuer_per_share": 12.89,
            "book_valuer_per_share_4q_avg": 11.15,
            "equity": 2062763,
            "current_ratio": 154.97,
            "debt_ratio": 64.16,
            "inventory_turnover_ratio": 0.09,
            "account_receivable_turnover_ratio": 31.52,
            "reinvestment_rate": 35.8,
            "research_to_sale_ratio": null,
            "price_fair": 78.4,
            "eps_avg_yearly": 2.24,
            "eps_latest_yearly": 3.36,
            "eps_growth_yearly": 1475.37
        },
        "20113": {
            "year_quarter": 20113,
            "year": 2011,
            "quarter": 3,
            "eps": 0.64,
            "eps_growth_year": 63.13,
            "eps_4q": 2,
            "eps_4q_growth_year": 231.14,
            "roe": 4.87,
            "roe_4q": 22.56,
            "gross_profit": 157429,
            "gross_margin": 34.86,
            "gross_margin_4q_avg": 34.62,
            "net_income": 102891,
            "revenue": 451552,
            "common_shares": 1600000,
            "book_valuer_per_share": 13.54,
            "book_valuer_per_share_4q_avg": 12.28,
            "equity": 2165654,
            "current_ratio": 151.51,
            "debt_ratio": 65.57,
            "inventory_turnover_ratio": 0.06,
            "account_receivable_turnover_ratio": 19.23,
            "reinvestment_rate": 33.66,
            "research_to_sale_ratio": null,
            "price_fair": 81.2,
            "eps_avg_yearly": 2.32,
            "eps_latest_yearly": 2.56,
            "eps_growth_yearly": 1082.72
        },
        "20114": {
            "year_quarter": 20114,
            "year": 2011,
            "quarter": 4,
            "eps": 0.52,
            "eps_growth_year": -31.91,
            "eps_4q": 2.05,
            "eps_4q_growth_year": 128.91,
            "roe": 3.78,
            "roe_4q": 17.65,
            "gross_profit": 93390,
            "gross_margin": 27.6,
            "gross_margin_4q_avg": 32.83,
            "net_income": 83374,
            "revenue": 338323,
            "common_shares": 1600000,
            "book_valuer_per_share": 14.06,
            "book_valuer_per_share_4q_avg": 12.97,
            "equity": 2249028,
            "current_ratio": 145.27,
            "debt_ratio": 68.27,
            "inventory_turnover_ratio": 0.04,
            "account_receivable_turnover_ratio": 17.27,
            "reinvestment_rate": 24.82,
            "research_to_sale_ratio": null,
            "price_fair": 79.52,
            "eps_avg_yearly": 2.27,
            "eps_latest_yearly": 2.08,
            "eps_growth_yearly": 851.17
        },
        "20121": {
            "year_quarter": 20121,
            "year": 2012,
            "quarter": 1,
            "eps": 0.36,
            "eps_growth_year": 414.29,
            "eps_4q": 2.36,
            "eps_4q_growth_year": 123.04,
            "roe": 2.56,
            "roe_4q": 19.560000000000002,
            "gross_profit": 99951,
            "gross_margin": 33.62,
            "gross_margin_4q_avg": 32.15,
            "net_income": 58358,
            "revenue": 297286,
            "common_shares": 1600000,
            "book_valuer_per_share": 14.42,
            "book_valuer_per_share_4q_avg": 13.73,
            "equity": 2307386,
            "current_ratio": 139.42,
            "debt_ratio": 71.13,
            "inventory_turnover_ratio": 0.03,
            "account_receivable_turnover_ratio": 18.01,
            "reinvestment_rate": 22.21,
            "research_to_sale_ratio": null,
            "price_fair": 74.67,
            "eps_avg_yearly": 2.13,
            "eps_latest_yearly": 1.44,
            "eps_growth_yearly": 688.8
        },
        "20122": {
            "year_quarter": 20122,
            "year": 2012,
            "quarter": 2,
            "eps": 0.78,
            "eps_growth_year": -6.31,
            "eps_4q": 2.01,
            "eps_4q_growth_year": 30.91,
            "roe": 5.98,
            "roe_4q": 17.19,
            "gross_profit": 274000,
            "gross_margin": 31.71,
            "gross_margin_4q_avg": 31.95,
            "net_income": 156603,
            "revenue": 864065,
            "common_shares": 2000000,
            "book_valuer_per_share": 14.64,
            "book_valuer_per_share_4q_avg": 14.17,
            "equity": 2928096,
            "current_ratio": 144.06,
            "debt_ratio": 68.94,
            "inventory_turnover_ratio": 0.08,
            "account_receivable_turnover_ratio": 41.54,
            "reinvestment_rate": 38.48,
            "research_to_sale_ratio": null,
            "price_fair": 79.6,
            "eps_avg_yearly": 2.27,
            "eps_latest_yearly": 3.12,
            "eps_growth_yearly": 657.07
        },
        "20123": {
            "year_quarter": 20123,
            "year": 2012,
            "quarter": 3,
            "eps": 1.13,
            "eps_growth_year": 75.31,
            "eps_4q": 2.62,
            "eps_4q_growth_year": 30.75,
            "roe": 7.41,
            "roe_4q": 19.73,
            "gross_profit": 296181,
            "gross_margin": 35.91,
            "gross_margin_4q_avg": 32.21,
            "net_income": 225467,
            "revenue": 824787,
            "common_shares": 2000000,
            "book_valuer_per_share": 15.78,
            "book_valuer_per_share_4q_avg": 14.73,
            "equity": 3156136,
            "current_ratio": 150.3,
            "debt_ratio": 70.31,
            "inventory_turnover_ratio": 0.06,
            "account_receivable_turnover_ratio": 36.94,
            "reinvestment_rate": 30.08,
            "research_to_sale_ratio": null,
            "price_fair": 89.43,
            "eps_avg_yearly": 2.56,
            "eps_latest_yearly": 4.52,
            "eps_growth_yearly": 597.37
        },
        "20124": {
            "year_quarter": 20124,
            "year": 2012,
            "quarter": 4,
            "eps": 1.12,
            "eps_growth_year": 115.33,
            "eps_4q": 3.31,
            "eps_4q_growth_year": 61.7,
            "roe": 6.89,
            "roe_4q": 22.84,
            "gross_profit": 394811,
            "gross_margin": 48.98,
            "gross_margin_4q_avg": 37.56,
            "net_income": 226060,
            "revenue": 806078,
            "common_shares": 2000000,
            "book_valuer_per_share": 16.89,
            "book_valuer_per_share_4q_avg": 15.43,
            "equity": 3403702,
            "current_ratio": 162.17,
            "debt_ratio": 65.43,
            "inventory_turnover_ratio": 0.05,
            "account_receivable_turnover_ratio": 1.6,
            "reinvestment_rate": 15.03,
            "research_to_sale_ratio": null,
            "price_fair": 96.91,
            "eps_avg_yearly": 2.77,
            "eps_latest_yearly": 4.48,
            "eps_growth_yearly": 530.6
        },
        "20131": {
            "year_quarter": 20131,
            "year": 2013,
            "quarter": 1,
            "eps": 1.99,
            "eps_growth_year": 452.78,
            "eps_4q": 4.99,
            "eps_4q_growth_year": 110.92,
            "roe": 12.12,
            "roe_4q": 32.4,
            "gross_profit": 551017,
            "gross_margin": 37.54,
            "gross_margin_4q_avg": 38.54,
            "net_income": 401367,
            "revenue": 1467930,
            "common_shares": 2014680,
            "book_valuer_per_share": 15.9,
            "book_valuer_per_share_4q_avg": 15.8,
            "equity": 3217548,
            "current_ratio": 163.32,
            "debt_ratio": 65.19,
            "inventory_turnover_ratio": 0.12,
            "account_receivable_turnover_ratio": 2.96,
            "reinvestment_rate": -0.09,
            "research_to_sale_ratio": null,
            "price_fair": 115.08,
            "eps_avg_yearly": 3.29,
            "eps_latest_yearly": 7.96,
            "eps_growth_yearly": 508.61
        },
        "20132": {
            "year_quarter": 20132,
            "year": 2013,
            "quarter": 2,
            "eps": 1.46,
            "eps_growth_year": 86.46,
            "eps_4q": 5.66,
            "eps_4q_growth_year": 181.92,
            "roe": 9.34,
            "roe_4q": 35.760000000000005,
            "gross_profit": 448062,
            "gross_margin": 31.92,
            "gross_margin_4q_avg": 38.59,
            "net_income": 295047,
            "revenue": 1403828,
            "common_shares": 2024040,
            "book_valuer_per_share": 15.26,
            "book_valuer_per_share_4q_avg": 15.96,
            "equity": 3097800,
            "current_ratio": 157.61,
            "debt_ratio": 67.25,
            "inventory_turnover_ratio": 0.13,
            "account_receivable_turnover_ratio": 64.96,
            "reinvestment_rate": -0.12,
            "research_to_sale_ratio": null,
            "price_fair": 123.2,
            "eps_avg_yearly": 3.52,
            "eps_latest_yearly": 5.84,
            "eps_growth_yearly": 452.69
        },
        "20133": {
            "year_quarter": 20133,
            "year": 2013,
            "quarter": 3,
            "eps": 2.58,
            "eps_growth_year": 128.86,
            "eps_4q": 7.11,
            "eps_4q_growth_year": 171.43,
            "roe": 15.61,
            "roe_4q": 43.96,
            "gross_profit": 791357,
            "gross_margin": 38.78,
            "gross_margin_4q_avg": 39.31,
            "net_income": 525407,
            "revenue": 2040661,
            "common_shares": 2029697,
            "book_valuer_per_share": 17.84,
            "book_valuer_per_share_4q_avg": 16.47,
            "equity": 3632820,
            "current_ratio": 162.61,
            "debt_ratio": 60.91,
            "inventory_turnover_ratio": 0.17,
            "account_receivable_turnover_ratio": 91.54,
            "reinvestment_rate": -0.23,
            "research_to_sale_ratio": null,
            "price_fair": 143.03,
            "eps_avg_yearly": 4.09,
            "eps_latest_yearly": 10.32,
            "eps_growth_yearly": 440.54
        },
        "20134": {
            "year_quarter": 20134,
            "year": 2013,
            "quarter": 4,
            "eps": 0.68,
            "eps_growth_year": -39.58,
            "eps_4q": 6.65,
            "eps_4q_growth_year": 101.06,
            "roe": 3.74,
            "roe_4q": 40.81,
            "gross_profit": 215306,
            "gross_margin": 37.22,
            "gross_margin_4q_avg": 36.37,
            "net_income": 138672,
            "revenue": 578521,
            "common_shares": 2036777,
            "book_valuer_per_share": 18.5,
            "book_valuer_per_share_4q_avg": 16.88,
            "equity": 3784746,
            "current_ratio": 170.96,
            "debt_ratio": 62.99,
            "inventory_turnover_ratio": 0.05,
            "account_receivable_turnover_ratio": 54.72,
            "reinvestment_rate": -1.39,
            "research_to_sale_ratio": null,
            "price_fair": 139.35,
            "eps_avg_yearly": 3.98,
            "eps_latest_yearly": 2.72,
            "eps_growth_yearly": 383.99
        },
        "20141": {
            "year_quarter": 20141,
            "year": 2014,
            "quarter": 1,
            "eps": 0.23,
            "eps_growth_year": -88.44,
            "eps_4q": 4.92,
            "eps_4q_growth_year": -1.42,
            "roe": 1.25,
            "roe_4q": 29.94,
            "gross_profit": 104182,
            "gross_margin": 21.74,
            "gross_margin_4q_avg": 32.42,
            "net_income": 47492,
            "revenue": 479306,
            "common_shares": 2045463,
            "book_valuer_per_share": 18.73,
            "book_valuer_per_share_4q_avg": 17.58,
            "equity": 3834714,
            "current_ratio": 164.45,
            "debt_ratio": 64.91,
            "inventory_turnover_ratio": 0.04,
            "account_receivable_turnover_ratio": 50.98,
            "reinvestment_rate": -1.36,
            "research_to_sale_ratio": null,
            "price_fair": 131.7,
            "eps_avg_yearly": 3.76,
            "eps_latest_yearly": 0.92,
            "eps_growth_yearly": 337.65
        },
        "20142": {
            "year_quarter": 20142,
            "year": 2014,
            "quarter": 2,
            "eps": -0.35,
            "eps_growth_year": -123.97,
            "eps_4q": 3.14,
            "eps_4q_growth_year": -44.51,
            "roe": -2.02,
            "roe_4q": 18.58,
            "gross_profit": 17119,
            "gross_margin": 60.47,
            "gross_margin_4q_avg": 39.55,
            "net_income": -71549,
            "revenue": 28310,
            "common_shares": 2047288,
            "book_valuer_per_share": 15.85,
            "book_valuer_per_share_4q_avg": 17.73,
            "equity": 3232485,
            "current_ratio": 146.44,
            "debt_ratio": 71.9,
            "inventory_turnover_ratio": 0,
            "account_receivable_turnover_ratio": 3.35,
            "reinvestment_rate": -1.41,
            "research_to_sale_ratio": null,
            "price_fair": 131.7,
            "eps_avg_yearly": 3.76,
            "eps_latest_yearly": 0.92,
            "eps_growth_yearly": 337.65
        },
        "20143": {
            "year_quarter": 20143,
            "year": 2014,
            "quarter": 3,
            "eps": -0.08,
            "eps_growth_year": -103.1,
            "eps_4q": 0.48,
            "eps_4q_growth_year": -93.24,
            "roe": -0.49,
            "roe_4q": 2.4800000000000004,
            "gross_profit": 12263,
            "gross_margin": 71.71,
            "gross_margin_4q_avg": 47.79,
            "net_income": -15715,
            "revenue": 17101,
            "common_shares": 2047653,
            "book_valuer_per_share": 15.74,
            "book_valuer_per_share_4q_avg": 17.21,
            "equity": 3239834,
            "current_ratio": 144.52,
            "debt_ratio": 72.67,
            "inventory_turnover_ratio": 0,
            "account_receivable_turnover_ratio": 1.91,
            "reinvestment_rate": -1.49,
            "research_to_sale_ratio": null,
            "price_fair": 131.7,
            "eps_avg_yearly": 3.76,
            "eps_latest_yearly": 0.92,
            "eps_growth_yearly": 337.65
        },
        "20144": {
            "year_quarter": 20144,
            "year": 2014,
            "quarter": 4,
            "eps": 0.41,
            "eps_growth_year": -40.26,
            "eps_4q": 0.21,
            "eps_4q_growth_year": -96.81,
            "roe": 2.54,
            "roe_4q": 1.2799999999999998,
            "gross_profit": 54146,
            "gross_margin": 46.35,
            "gross_margin_4q_avg": 50.07,
            "net_income": 83517,
            "revenue": 116816,
            "common_shares": 2058242,
            "book_valuer_per_share": 16.14,
            "book_valuer_per_share_4q_avg": 16.62,
            "equity": 3328233,
            "current_ratio": 142.81,
            "debt_ratio": 73.22,
            "inventory_turnover_ratio": 0.01,
            "account_receivable_turnover_ratio": 15.69,
            "reinvestment_rate": -1.59,
            "research_to_sale_ratio": null,
            "price_fair": 133.54,
            "eps_avg_yearly": 3.82,
            "eps_latest_yearly": 0.92,
            "eps_growth_yearly": 333.65
        },
        "20151": {
            "year_quarter": 20151,
            "year": 2015,
            "quarter": 1,
            "eps": 0.1,
            "eps_growth_year": -56.52,
            "eps_4q": 0.08,
            "eps_4q_growth_year": -98.29,
            "roe": 0.64,
            "roe_4q": 0.6700000000000004,
            "gross_profit": 53308,
            "gross_margin": 38.75,
            "gross_margin_4q_avg": 54.32,
            "net_income": 21909,
            "revenue": 137577,
            "common_shares": 2062027,
            "book_valuer_per_share": 16.05,
            "book_valuer_per_share_4q_avg": 15.95,
            "equity": 3469937,
            "current_ratio": 143.22,
            "debt_ratio": 72.94,
            "inventory_turnover_ratio": 0.01,
            "account_receivable_turnover_ratio": 22.97,
            "reinvestment_rate": -3.24,
            "research_to_sale_ratio": null,
            "price_fair": 133.86,
            "eps_avg_yearly": 3.82,
            "eps_latest_yearly": 0.4,
            "eps_growth_yearly": 338.35
        },
        "20152": {
            "year_quarter": 20152,
            "year": 2015,
            "quarter": 2,
            "eps": 0.17,
            "eps_growth_year": null,
            "eps_4q": 0.49,
            "eps_4q_growth_year": -84.52,
            "roe": 1.04,
            "roe_4q": 3.7300000000000004,
            "gross_profit": 98037,
            "gross_margin": 34.09,
            "gross_margin_4q_avg": 47.73,
            "net_income": 38668,
            "revenue": 287568,
            "common_shares": 2161369,
            "book_valuer_per_share": 15.56,
            "book_valuer_per_share_4q_avg": 15.87,
            "equity": 3951968,
            "current_ratio": 147.12,
            "debt_ratio": 70.99,
            "inventory_turnover_ratio": 0.02,
            "account_receivable_turnover_ratio": 11.63,
            "reinvestment_rate": -4.01,
            "research_to_sale_ratio": null,
            "price_fair": 113.73,
            "eps_avg_yearly": 3.62,
            "eps_latest_yearly": 0.68,
            "eps_growth_yearly": 21.43
        },
        "20153": {
            "year_quarter": 20153,
            "year": 2015,
            "quarter": 3,
            "eps": 1.52,
            "eps_growth_year": null,
            "eps_4q": 2.07,
            "eps_4q_growth_year": 329.99,
            "roe": 9.68,
            "roe_4q": 13.899999999999999,
            "gross_profit": 808722,
            "gross_margin": 28.65,
            "gross_margin_4q_avg": 36.96,
            "net_income": 401844,
            "revenue": 2822632,
            "common_shares": 2661425,
            "book_valuer_per_share": 16.48,
            "book_valuer_per_share_4q_avg": 16.06,
            "equity": 4353258,
            "current_ratio": 173.7,
            "debt_ratio": 61.64,
            "inventory_turnover_ratio": 0.18,
            "account_receivable_turnover_ratio": 65.77,
            "reinvestment_rate": -4.66,
            "research_to_sale_ratio": null,
            "price_fair": 136.12,
            "eps_avg_yearly": 3.89,
            "eps_latest_yearly": 6.08,
            "eps_growth_yearly": 273.1
        },
        "20154": {
            "year_quarter": 20154,
            "year": 2015,
            "quarter": 4,
            "eps": 1.07,
            "eps_growth_year": 164.64,
            "eps_4q": 2.82,
            "eps_4q_growth_year": 1230.19,
            "roe": 6.3,
            "roe_4q": 17.66,
            "gross_profit": 510510,
            "gross_margin": 28.9,
            "gross_margin_4q_avg": 32.6,
            "net_income": 283220,
            "revenue": 1766531,
            "common_shares": 2642295,
            "book_valuer_per_share": 17.55,
            "book_valuer_per_share_4q_avg": 16.41,
            "equity": 4635956,
            "current_ratio": 222.96,
            "debt_ratio": 58.12,
            "inventory_turnover_ratio": 0.13,
            "account_receivable_turnover_ratio": 46.37,
            "reinvestment_rate": -4.28,
            "research_to_sale_ratio": null,
            "price_fair": 142.05,
            "eps_avg_yearly": 4.06,
            "eps_latest_yearly": 4.28,
            "eps_growth_yearly": 269.76
        },
        "20161": {
            "year_quarter": 20161,
            "year": 2016,
            "quarter": 1,
            "eps": 0.67,
            "eps_growth_year": 570,
            "eps_4q": 3.41,
            "eps_4q_growth_year": 3953.76,
            "roe": 3.73,
            "roe_4q": 20.75,
            "gross_profit": 229417,
            "gross_margin": 31.73,
            "gross_margin_4q_avg": 30.84,
            "net_income": 176332,
            "revenue": 722944,
            "common_shares": 2642295,
            "book_valuer_per_share": 18.21,
            "book_valuer_per_share_4q_avg": 16.95,
            "equity": 4812288,
            "current_ratio": 250.63,
            "debt_ratio": 53.94,
            "inventory_turnover_ratio": 0.05,
            "account_receivable_turnover_ratio": 16.89,
            "reinvestment_rate": -4.19,
            "research_to_sale_ratio": null,
            "price_fair": 145.38,
            "eps_avg_yearly": 4.15,
            "eps_latest_yearly": 2.68,
            "eps_growth_yearly": 267.73
        },
        "20162": {
            "year_quarter": 20162,
            "year": 2016,
            "quarter": 2,
            "eps": 0.36,
            "eps_growth_year": 111.76,
            "eps_4q": 3.65,
            "eps_4q_growth_year": 652.09,
            "roe": 2,
            "roe_4q": 21.71,
            "gross_profit": 210566,
            "gross_margin": 24.74,
            "gross_margin_4q_avg": 28.51,
            "net_income": 94229,
            "revenue": 851085,
            "common_shares": 2615265,
            "book_valuer_per_share": 17.61,
            "book_valuer_per_share_4q_avg": 17.46,
            "equity": 4605061,
            "current_ratio": 238.61,
            "debt_ratio": 55.87,
            "inventory_turnover_ratio": 0.07,
            "account_receivable_turnover_ratio": 16.16,
            "reinvestment_rate": -9.39,
            "research_to_sale_ratio": null,
            "price_fair": 140.86,
            "eps_avg_yearly": 4.02,
            "eps_latest_yearly": 1.44,
            "eps_growth_yearly": 217.59
        },
        "20163": {
            "year_quarter": 20163,
            "year": 2016,
            "quarter": 3,
            "eps": 0.12,
            "eps_growth_year": -92.11,
            "eps_4q": 2.24,
            "eps_4q_growth_year": 8.52,
            "roe": 0.71,
            "roe_4q": 12.739999999999998,
            "gross_profit": 139185,
            "gross_margin": 21.37,
            "gross_margin_4q_avg": 26.69,
            "net_income": 32598,
            "revenue": 651389,
            "common_shares": 2615265,
            "book_valuer_per_share": 17.73,
            "book_valuer_per_share_4q_avg": 17.78,
            "equity": 4637659,
            "current_ratio": 253.28,
            "debt_ratio": 54.24,
            "inventory_turnover_ratio": 0.06,
            "account_receivable_turnover_ratio": 23.21,
            "reinvestment_rate": -10.28,
            "research_to_sale_ratio": null,
            "price_fair": 129.98,
            "eps_avg_yearly": 3.71,
            "eps_latest_yearly": 0.48,
            "eps_growth_yearly": 183.27
        },
        "20164": {
            "year_quarter": 20164,
            "year": 2016,
            "quarter": 4,
            "eps": 0.38,
            "eps_growth_year": -64.59,
            "eps_4q": 1.54,
            "eps_4q_growth_year": -45.47,
            "roe": 2.12,
            "roe_4q": 8.56,
            "gross_profit": 177466,
            "gross_margin": 37.43,
            "gross_margin_4q_avg": 28.82,
            "net_income": 99273,
            "revenue": 474142,
            "common_shares": 2615265,
            "book_valuer_per_share": 18.12,
            "book_valuer_per_share_4q_avg": 17.92,
            "equity": 4737844,
            "current_ratio": 257.63,
            "debt_ratio": 53.53,
            "inventory_turnover_ratio": 0.04,
            "account_receivable_turnover_ratio": 12.8,
            "reinvestment_rate": -6.86,
            "research_to_sale_ratio": null,
            "price_fair": 122.02,
            "eps_avg_yearly": 3.49,
            "eps_latest_yearly": 1.52,
            "eps_growth_yearly": 250.21
        },
        "20171": {
            "year_quarter": 20171,
            "year": 2017,
            "quarter": 1,
            "eps": 0.35,
            "eps_growth_year": -47.76,
            "eps_4q": 1.21,
            "eps_4q_growth_year": -64.42,
            "roe": 1.9,
            "roe_4q": 6.7299999999999995,
            "gross_profit": 149682,
            "gross_margin": 34.7,
            "gross_margin_4q_avg": 29.56,
            "net_income": 90867,
            "revenue": 431410,
            "common_shares": 2615265,
            "book_valuer_per_share": 18.46,
            "book_valuer_per_share_4q_avg": 17.98,
            "equity": 4828711,
            "current_ratio": 255.03,
            "debt_ratio": 53.47,
            "inventory_turnover_ratio": 0.03,
            "account_receivable_turnover_ratio": 7.8,
            "reinvestment_rate": -0.37,
            "research_to_sale_ratio": null,
            "price_fair": 104.35,
            "eps_avg_yearly": 2.98,
            "eps_latest_yearly": 1.4,
            "eps_growth_yearly": 223.88
        },
        "20172": {
            "year_quarter": 20172,
            "year": 2017,
            "quarter": 2,
            "eps": 0.01,
            "eps_growth_year": -97.22,
            "eps_4q": 0.86,
            "eps_4q_growth_year": -76.55,
            "roe": 0.03,
            "roe_4q": 4.76,
            "gross_profit": 38430,
            "gross_margin": 32.42,
            "gross_margin_4q_avg": 31.48,
            "net_income": 1313,
            "revenue": 118556,
            "common_shares": 2615265,
            "book_valuer_per_share": 17.97,
            "book_valuer_per_share_4q_avg": 18.07,
            "equity": 4699261,
            "current_ratio": 245.26,
            "debt_ratio": 54.86,
            "inventory_turnover_ratio": 0.01,
            "account_receivable_turnover_ratio": 3.77,
            "reinvestment_rate": -0.4,
            "research_to_sale_ratio": null,
            "price_fair": 88.74,
            "eps_avg_yearly": 2.54,
            "eps_latest_yearly": 0.04,
            "eps_growth_yearly": 202.19
        },
        "20173": {
            "year_quarter": 20173,
            "year": 2017,
            "quarter": 3,
            "eps": 0.19,
            "eps_growth_year": 58.33,
            "eps_4q": 0.93,
            "eps_4q_growth_year": -58.7,
            "roe": 1.07,
            "roe_4q": 5.12,
            "gross_profit": 104036,
            "gross_margin": 41.41,
            "gross_margin_4q_avg": 36.49,
            "net_income": 50735,
            "revenue": 251255,
            "common_shares": 2615265,
            "book_valuer_per_share": 18.16,
            "book_valuer_per_share_4q_avg": 18.18,
            "equity": 4749996,
            "current_ratio": 312.64,
            "debt_ratio": 55.53,
            "inventory_turnover_ratio": 0.02,
            "account_receivable_turnover_ratio": 8.29,
            "reinvestment_rate": -0.37,
            "research_to_sale_ratio": null,
            "price_fair": 63,
            "eps_avg_yearly": 1.8,
            "eps_latest_yearly": 0.76,
            "eps_growth_yearly": 732.43
        },
        "20174": {
            "year_quarter": 20174,
            "year": 2017,
            "quarter": 4,
            "eps": 0.97,
            "eps_growth_year": 154.96,
            "eps_4q": 1.51,
            "eps_4q_growth_year": -1.59,
            "roe": 5.19,
            "roe_4q": 8.190000000000001,
            "gross_profit": 291288,
            "gross_margin": 34.21,
            "gross_margin_4q_avg": 35.69,
            "net_income": 253108,
            "revenue": 851489,
            "common_shares": 2615265,
            "book_valuer_per_share": 19.13,
            "book_valuer_per_share_4q_avg": 18.43,
            "equity": 5003342,
            "current_ratio": 266.5,
            "debt_ratio": 54.83,
            "inventory_turnover_ratio": 0.06,
            "account_receivable_turnover_ratio": 14.87,
            "reinvestment_rate": -3.52,
            "research_to_sale_ratio": null,
            "price_fair": 66.12,
            "eps_avg_yearly": 1.89,
            "eps_latest_yearly": 3.88,
            "eps_growth_yearly": 881.4
        },
        "20181": {
            "year_quarter": 20181,
            "year": 2018,
            "quarter": 1,
            "eps": 0.21,
            "eps_growth_year": -40,
            "eps_4q": 1.38,
            "eps_4q_growth_year": 13.53,
            "roe": 1.09,
            "roe_4q": 7.380000000000001,
            "gross_profit": 98926,
            "gross_margin": 32.95,
            "gross_margin_4q_avg": 35.25,
            "net_income": 54702,
            "revenue": 300226,
            "common_shares": 2615265,
            "book_valuer_per_share": 19.34,
            "book_valuer_per_share_4q_avg": 18.65,
            "equity": 5058044,
            "current_ratio": 278.43,
            "debt_ratio": 53.55,
            "inventory_turnover_ratio": 0.02,
            "account_receivable_turnover_ratio": 7.25,
            "reinvestment_rate": -3.5,
            "research_to_sale_ratio": null,
            "price_fair": 65.91,
            "eps_avg_yearly": 1.88,
            "eps_latest_yearly": 0.84,
            "eps_growth_yearly": 877.66
        },
        "20182": {
            "year_quarter": 20182,
            "year": 2018,
            "quarter": 2,
            "eps": 0.08,
            "eps_growth_year": 700,
            "eps_4q": 1.35,
            "eps_4q_growth_year": 57.17,
            "roe": 0.4,
            "roe_4q": 7.750000000000001,
            "gross_profit": 90635,
            "gross_margin": 29.07,
            "gross_margin_4q_avg": 34.41,
            "net_income": 20007,
            "revenue": 311762,
            "common_shares": 2615265,
            "book_valuer_per_share": 18.82,
            "book_valuer_per_share_4q_avg": 18.86,
            "equity": 4921135,
            "current_ratio": 263.54,
            "debt_ratio": 55.35,
            "inventory_turnover_ratio": 0.02,
            "account_receivable_turnover_ratio": 27.26,
            "reinvestment_rate": -3.49,
            "research_to_sale_ratio": null,
            "price_fair": 62,
            "eps_avg_yearly": 1.77,
            "eps_latest_yearly": 0.32,
            "eps_growth_yearly": 797.28
        },
        "20183": {
            "year_quarter": 20183,
            "year": 2018,
            "quarter": 3,
            "eps": 0.24,
            "eps_growth_year": 26.32,
            "eps_4q": 1.4,
            "eps_4q_growth_year": 51.59,
            "roe": 1.35,
            "roe_4q": 8.030000000000001,
            "gross_profit": 104870,
            "gross_margin": 33.27,
            "gross_margin_4q_avg": 32.38,
            "net_income": 66846,
            "revenue": 315194,
            "common_shares": 2811410,
            "book_valuer_per_share": 17.74,
            "book_valuer_per_share_4q_avg": 18.76,
            "equity": 4987981,
            "current_ratio": 255.16,
            "debt_ratio": 56.07,
            "inventory_turnover_ratio": 0.02,
            "account_receivable_turnover_ratio": 26.92,
            "reinvestment_rate": -3.29,
            "research_to_sale_ratio": null,
            "price_fair": 60.11,
            "eps_avg_yearly": 1.72,
            "eps_latest_yearly": 0.96,
            "eps_growth_yearly": 797.46
        },
        "20184": {
            "year_quarter": 20184,
            "year": 2018,
            "quarter": 4,
            "eps": 0.73,
            "eps_growth_year": -24.62,
            "eps_4q": 1.23,
            "eps_4q_growth_year": -18.57,
            "roe": 4.03,
            "roe_4q": 6.870000000000001,
            "gross_profit": 286009,
            "gross_margin": 43.81,
            "gross_margin_4q_avg": 34.78,
            "net_income": 205097,
            "revenue": 652792,
            "common_shares": 2811410,
            "book_valuer_per_share": 18.47,
            "book_valuer_per_share_4q_avg": 18.59,
            "equity": 5193387,
            "current_ratio": 256.44,
            "debt_ratio": 55.43,
            "inventory_turnover_ratio": 0.04,
            "account_receivable_turnover_ratio": 3.74,
            "reinvestment_rate": -3.04,
            "research_to_sale_ratio": null,
            "price_fair": 62.74,
            "eps_avg_yearly": 1.79,
            "eps_latest_yearly": 2.92,
            "eps_growth_yearly": 798.66
        },
        "20191": {
            "year_quarter": 20191,
            "year": 2019,
            "quarter": 1,
            "eps": 1.88,
            "eps_growth_year": 795.24,
            "eps_4q": 2.92,
            "eps_4q_growth_year": 112.03,
            "roe": 9.68,
            "roe_4q": 15.46,
            "gross_profit": 640887,
            "gross_margin": 42.87,
            "gross_margin_4q_avg": 37.26,
            "net_income": 528267,
            "revenue": 1494990,
            "common_shares": 2811410,
            "book_valuer_per_share": 20.36,
            "book_valuer_per_share_4q_avg": 18.85,
            "equity": 5723814,
            "current_ratio": 407.81,
            "debt_ratio": 50.86,
            "inventory_turnover_ratio": 0.09,
            "account_receivable_turnover_ratio": 5.36,
            "reinvestment_rate": -2.39,
            "research_to_sale_ratio": null,
            "price_fair": 78.31,
            "eps_avg_yearly": 2.24,
            "eps_latest_yearly": 7.52,
            "eps_growth_yearly": 856.95
        },
        "20192": {
            "year_quarter": 20192,
            "year": 2019,
            "quarter": 2,
            "eps": 1.39,
            "eps_growth_year": 1637.5,
            "eps_4q": 3.95,
            "eps_4q_growth_year": 193.72,
            "roe": 6.62,
            "roe_4q": 21.680000000000003,
            "gross_profit": 523004,
            "gross_margin": 39.25,
            "gross_margin_4q_avg": 39.8,
            "net_income": 389511,
            "revenue": 1332401,
            "common_shares": 2811410,
            "book_valuer_per_share": 21.53,
            "book_valuer_per_share_4q_avg": 19.53,
            "equity": 6052023,
            "current_ratio": 458.84,
            "debt_ratio": 48.16,
            "inventory_turnover_ratio": 0.09,
            "account_receivable_turnover_ratio": 9.42,
            "reinvestment_rate": -2.07,
            "research_to_sale_ratio": null,
            "price_fair": 88.99,
            "eps_avg_yearly": 2.54,
            "eps_latest_yearly": 5.56,
            "eps_growth_yearly": 832.93
        },
        "20193": {
            "year_quarter": 20193,
            "year": 2019,
            "quarter": 3,
            "eps": 1.19,
            "eps_growth_year": 395.83,
            "eps_4q": 4.92,
            "eps_4q_growth_year": 250.73,
            "roe": 5.75,
            "roe_4q": 26.080000000000002,
            "gross_profit": 442808,
            "gross_margin": 40.15,
            "gross_margin_4q_avg": 41.52,
            "net_income": 358233,
            "revenue": 1102981,
            "common_shares": 3008209,
            "book_valuer_per_share": 21.29,
            "book_valuer_per_share_4q_avg": 20.41,
            "equity": 6403056,
            "current_ratio": 512.05,
            "debt_ratio": 45.74,
            "inventory_turnover_ratio": 0.08,
            "account_receivable_turnover_ratio": 11.15,
            "reinvestment_rate": -2.07,
            "research_to_sale_ratio": null,
            "price_fair": 86.1,
            "eps_avg_yearly": 2.46,
            "eps_latest_yearly": 4.76,
            "eps_growth_yearly": 630.81
        },
        "20194": {
            "year_quarter": 20194,
            "year": 2019,
            "quarter": 4,
            "eps": 1.04,
            "eps_growth_year": 42.3,
            "eps_4q": 5.28,
            "eps_4q_growth_year": 328.21,
            "roe": 4.76,
            "roe_4q": 26.81,
            "gross_profit": 406007,
            "gross_margin": 35.34,
            "gross_margin_4q_avg": 39.4,
            "net_income": 312293,
            "revenue": 1148763,
            "common_shares": 3008209,
            "book_valuer_per_share": 22.3,
            "book_valuer_per_share_4q_avg": 21.37,
            "equity": 6708342,
            "current_ratio": 415.55,
            "debt_ratio": 41.99,
            "inventory_turnover_ratio": 0.1,
            "account_receivable_turnover_ratio": 8.59,
            "reinvestment_rate": -2.04,
            "research_to_sale_ratio": null,
            "price_fair": 85.84,
            "eps_avg_yearly": 2.45,
            "eps_latest_yearly": 4.16,
            "eps_growth_yearly": 635.06
        },
        "20201": {
            "year_quarter": 20201,
            "year": 2020,
            "quarter": 1,
            "eps": 0.48,
            "eps_growth_year": -74.47,
            "eps_4q": 4,
            "eps_4q_growth_year": 37.16,
            "roe": 2.12,
            "roe_4q": 19.25,
            "gross_profit": 198027,
            "gross_margin": 35.6,
            "gross_margin_4q_avg": 37.59,
            "net_income": 143705,
            "revenue": 556195,
            "common_shares": 3008209,
            "book_valuer_per_share": 22.74,
            "book_valuer_per_share_4q_avg": 21.97,
            "equity": 6840167,
            "current_ratio": 422.42,
            "debt_ratio": 41.46,
            "inventory_turnover_ratio": 0.05,
            "account_receivable_turnover_ratio": 3.98,
            "reinvestment_rate": -2.05,
            "research_to_sale_ratio": null,
            "price_fair": 84.18,
            "eps_avg_yearly": 2.41,
            "eps_latest_yearly": 1.92,
            "eps_growth_yearly": 630.94
        },
        "20202": {
            "year_quarter": 20202,
            "year": 2020,
            "quarter": 2,
            "eps": 0.07,
            "eps_growth_year": -94.96,
            "eps_4q": 2.53,
            "eps_4q_growth_year": -36.12,
            "roe": 0.32,
            "roe_4q": 12.95,
            "gross_profit": 104379,
            "gross_margin": 26.37,
            "gross_margin_4q_avg": 34.37,
            "net_income": 21763,
            "revenue": 395793,
            "common_shares": 3008209,
            "book_valuer_per_share": 22.23,
            "book_valuer_per_share_4q_avg": 22.14,
            "equity": 6688458,
            "current_ratio": 409.25,
            "debt_ratio": 42.31,
            "inventory_turnover_ratio": 0.04,
            "account_receivable_turnover_ratio": 4.38,
            "reinvestment_rate": -2.09,
            "research_to_sale_ratio": null,
            "price_fair": 81.64,
            "eps_avg_yearly": 2.33,
            "eps_latest_yearly": 0.28,
            "eps_growth_yearly": 621.15
        },
        "20203": {
            "year_quarter": 20203,
            "year": 2020,
            "quarter": 3,
            "eps": 0.13,
            "eps_growth_year": -89.08,
            "eps_4q": 1.59,
            "eps_4q_growth_year": -67.75,
            "roe": 0.57,
            "roe_4q": 7.77,
            "gross_profit": 64476,
            "gross_margin": 23.81,
            "gross_margin_4q_avg": 30.28,
            "net_income": 38119,
            "revenue": 270758,
            "common_shares": 3008209,
            "book_valuer_per_share": 22.5,
            "book_valuer_per_share_4q_avg": 22.44,
            "equity": 6632576,
            "current_ratio": 353.77,
            "debt_ratio": 45.22,
            "inventory_turnover_ratio": 0.03,
            "account_receivable_turnover_ratio": 7.5,
            "reinvestment_rate": -2.27,
            "research_to_sale_ratio": null,
            "price_fair": 81.73,
            "eps_avg_yearly": 2.34,
            "eps_latest_yearly": 0.52,
            "eps_growth_yearly": 659.25
        },
        "20204": {
            "year_quarter": 20204,
            "year": 2020,
            "quarter": 4,
            "eps": -0.06,
            "eps_growth_year": -106.19,
            "eps_4q": 0.57,
            "eps_4q_growth_year": -89.2,
            "roe": -0.31,
            "roe_4q": 2.7,
            "gross_profit": 69174,
            "gross_margin": 25.71,
            "gross_margin_4q_avg": 27.87,
            "net_income": -20612,
            "revenue": 269026,
            "common_shares": 3309030,
            "book_valuer_per_share": 20.37,
            "book_valuer_per_share_4q_avg": 21.96,
            "equity": 6540343,
            "current_ratio": 482.07,
            "debt_ratio": 39.88,
            "inventory_turnover_ratio": 0.03,
            "account_receivable_turnover_ratio": 5.55,
            "reinvestment_rate": -2.35,
            "research_to_sale_ratio": null,
            "price_fair": 83.63,
            "eps_avg_yearly": 2.39,
            "eps_latest_yearly": 0.52,
            "eps_growth_yearly": 645.42
        },
        "20211": {
            "year_quarter": 20211,
            "year": 2021,
            "quarter": 1,
            "eps": 0.03,
            "eps_growth_year": -93.75,
            "eps_4q": 0.16,
            "eps_4q_growth_year": -96.1,
            "roe": 0.14,
            "roe_4q": 0.72,
            "gross_profit": 37964,
            "gross_margin": 25.99,
            "gross_margin_4q_avg": 25.47,
            "net_income": 9301,
            "revenue": 146047,
            "common_shares": 3210040,
            "book_valuer_per_share": 20.67,
            "book_valuer_per_share_4q_avg": 21.44,
            "equity": 6427775,
            "current_ratio": 353.57,
            "debt_ratio": 45.4,
            "inventory_turnover_ratio": 0.01,
            "account_receivable_turnover_ratio": 2.3,
            "reinvestment_rate": -2.19,
            "research_to_sale_ratio": null,
            "price_fair": 86.1,
            "eps_avg_yearly": 2.46,
            "eps_latest_yearly": 0.52,
            "eps_growth_yearly": 693.78
        },
        "20212": {
            "year_quarter": 20212,
            "year": 2021,
            "quarter": 2,
            "eps": 0.13,
            "eps_growth_year": 85.71,
            "eps_4q": 0.22,
            "eps_4q_growth_year": -91.41,
            "roe": 0.64,
            "roe_4q": 1.04,
            "gross_profit": 78658,
            "gross_margin": 25.82,
            "gross_margin_4q_avg": 25.33,
            "net_income": 40650,
            "revenue": 304690,
            "common_shares": 3110040,
            "book_valuer_per_share": 20.4,
            "book_valuer_per_share_4q_avg": 20.99,
            "equity": 6343264,
            "current_ratio": 224.88,
            "debt_ratio": 57.37,
            "inventory_turnover_ratio": 0.02,
            "account_receivable_turnover_ratio": 4.53,
            "reinvestment_rate": -2.12,
            "research_to_sale_ratio": null,
            "price_fair": 87.3,
            "eps_avg_yearly": 2.49,
            "eps_latest_yearly": 0.52,
            "eps_growth_yearly": 816.77
        },
        "20213": {
            "year_quarter": 20213,
            "year": 2021,
            "quarter": 3,
            "eps": 0.31,
            "eps_growth_year": 138.46,
            "eps_4q": 0.4,
            "eps_4q_growth_year": -74.93,
            "roe": 1.57,
            "roe_4q": 2.04,
            "gross_profit": 162945,
            "gross_margin": 22.77,
            "gross_margin_4q_avg": 25.07,
            "net_income": 100664,
            "revenue": 715630,
            "common_shares": 3110040,
            "book_valuer_per_share": 20.74,
            "book_valuer_per_share_4q_avg": 20.55,
            "equity": 6450768,
            "current_ratio": 193.78,
            "debt_ratio": 57.36,
            "inventory_turnover_ratio": 0.05,
            "account_receivable_turnover_ratio": 8.82,
            "reinvestment_rate": -2.1,
            "research_to_sale_ratio": null,
            "price_fair": 88.5,
            "eps_avg_yearly": 2.53,
            "eps_latest_yearly": 1.24,
            "eps_growth_yearly": 342.05
        },
        "20214": {
            "year_quarter": 20214,
            "year": 2021,
            "quarter": 4,
            "eps": 0.22,
            "eps_growth_year": null,
            "eps_4q": 0.68,
            "eps_4q_growth_year": 19.42,
            "roe": 1.1,
            "roe_4q": 3.45,
            "gross_profit": 139150,
            "gross_margin": 25.32,
            "gross_margin_4q_avg": 24.98,
            "net_income": 71663,
            "revenue": 549601,
            "common_shares": 3265542,
            "book_valuer_per_share": 20.04,
            "book_valuer_per_share_4q_avg": 20.46,
            "equity": 6544571,
            "current_ratio": 208.27,
            "debt_ratio": 57.24,
            "inventory_turnover_ratio": 0.03,
            "account_receivable_turnover_ratio": 7.03,
            "reinvestment_rate": -0.09,
            "research_to_sale_ratio": null,
            "price_fair": 81,
            "eps_avg_yearly": 2.31,
            "eps_latest_yearly": 0.88,
            "eps_growth_yearly": 216.46
        },
        "20221": {
            "year_quarter": 20221,
            "year": 2022,
            "quarter": 1,
            "eps": 0.05,
            "eps_growth_year": 66.67,
            "eps_4q": 0.7,
            "eps_4q_growth_year": 348.1,
            "roe": 0.24,
            "roe_4q": 3.5500000000000003,
            "gross_profit": 63460,
            "gross_margin": 30.31,
            "gross_margin_4q_avg": 26.06,
            "net_income": 15554,
            "revenue": 209375,
            "common_shares": 3265542,
            "book_valuer_per_share": 20.09,
            "book_valuer_per_share_4q_avg": 20.32,
            "equity": 6560305,
            "current_ratio": 239.11,
            "debt_ratio": 57.65,
            "inventory_turnover_ratio": 0.01,
            "account_receivable_turnover_ratio": 5.18,
            "reinvestment_rate": -0.07,
            "research_to_sale_ratio": null,
            "price_fair": 79.4,
            "eps_avg_yearly": 2.27,
            "eps_latest_yearly": 0.2,
            "eps_growth_yearly": 216.77
        },
        "20222": {
            "year_quarter": 20222,
            "year": 2022,
            "quarter": 2,
            "eps": 0.05,
            "eps_growth_year": -61.54,
            "eps_4q": 0.63,
            "eps_4q_growth_year": 188.31,
            "roe": 0.25,
            "roe_4q": 3.16,
            "gross_profit": 108201,
            "gross_margin": 13.79,
            "gross_margin_4q_avg": 23.05,
            "net_income": 16333,
            "revenue": 784504,
            "common_shares": 3265542,
            "book_valuer_per_share": 19.45,
            "book_valuer_per_share_4q_avg": 20.08,
            "equity": 6350441,
            "current_ratio": 229.4,
            "debt_ratio": 59.27,
            "inventory_turnover_ratio": 0.06,
            "account_receivable_turnover_ratio": 21.09,
            "reinvestment_rate": 0.12,
            "research_to_sale_ratio": null,
            "price_fair": 79.1,
            "eps_avg_yearly": 2.26,
            "eps_latest_yearly": 0.2,
            "eps_growth_yearly": 234.45
        },
        "20223": {
            "year_quarter": 20223,
            "year": 2022,
            "quarter": 3,
            "eps": 0.2,
            "eps_growth_year": -35.48,
            "eps_4q": 0.52,
            "eps_4q_growth_year": 30.63,
            "roe": 1.04,
            "roe_4q": 2.63,
            "gross_profit": 165575,
            "gross_margin": 16.15,
            "gross_margin_4q_avg": 21.39,
            "net_income": 66276,
            "revenue": 1024970,
            "common_shares": 3265542,
            "book_valuer_per_share": 19.66,
            "book_valuer_per_share_4q_avg": 19.81,
            "equity": 6421577,
            "current_ratio": 272.69,
            "debt_ratio": 58.53,
            "inventory_turnover_ratio": 0.08,
            "account_receivable_turnover_ratio": 18.18,
            "reinvestment_rate": 0.11,
            "research_to_sale_ratio": null,
            "price_fair": 78.7,
            "eps_avg_yearly": 2.25,
            "eps_latest_yearly": 0.8,
            "eps_growth_yearly": 263.02
        },
        "20224": {
            "year_quarter": 20224,
            "year": 2022,
            "quarter": 4,
            "eps": 0.13,
            "eps_growth_year": -42.07,
            "eps_4q": 0.43,
            "eps_4q_growth_year": -37.16,
            "roe": 0.64,
            "roe_4q": 2.17,
            "gross_profit": 49757,
            "gross_margin": 19.52,
            "gross_margin_4q_avg": 19.94,
            "net_income": 41514,
            "revenue": 254855,
            "common_shares": 3265542,
            "book_valuer_per_share": 19.77,
            "book_valuer_per_share_4q_avg": 19.74,
            "equity": 6455891,
            "current_ratio": 274.14,
            "debt_ratio": 58.3,
            "inventory_turnover_ratio": 0.02,
            "account_receivable_turnover_ratio": 6.66,
            "reinvestment_rate": 0.09,
            "research_to_sale_ratio": null,
            "price_fair": 72.7,
            "eps_avg_yearly": 2.08,
            "eps_latest_yearly": 0.52,
            "eps_growth_yearly": 194.69
        },
        "20231": {
            "year_quarter": 20231,
            "year": 2023,
            "quarter": 1,
            "eps": 0.01,
            "eps_growth_year": -80,
            "eps_4q": 0.39,
            "eps_4q_growth_year": -44.06,
            "roe": 0.06,
            "roe_4q": 1.99,
            "gross_profit": 38892,
            "gross_margin": 24.64,
            "gross_margin_4q_avg": 18.53,
            "net_income": 3714,
            "revenue": 157870,
            "common_shares": 3265542,
            "book_valuer_per_share": 19.96,
            "book_valuer_per_share_4q_avg": 19.71,
            "equity": 6517925,
            "current_ratio": 234.15,
            "debt_ratio": 57.12,
            "inventory_turnover_ratio": 0.01,
            "account_receivable_turnover_ratio": 2.54,
            "reinvestment_rate": 0.12,
            "research_to_sale_ratio": null,
            "price_fair": 54,
            "eps_avg_yearly": 1.54,
            "eps_latest_yearly": 0.04,
            "eps_growth_yearly": 123.31
        }
    },
    "months": {
        "2014-05": {
            "month": "2014-05",
            "price": "24.40",
            "revenue": 5874
        },
        "2014-09": {
            "month": "2014-09",
            "price": "23.60",
            "revenue": 5968
        },
        "2014-10": {
            "month": "2014-10",
            "price": "20.87",
            "revenue": 5229
        },
        "2014-11": {
            "month": "2014-11",
            "price": "19.68",
            "revenue": 4566
        },
        "2014-12": {
            "month": "2014-12",
            "price": "19.87",
            "revenue": 106989
        },
        "2015-01": {
            "month": "2015-01",
            "price": "20.26",
            "revenue": 69991
        },
        "2015-02": {
            "month": "2015-02",
            "price": "20.22",
            "revenue": 16627
        },
        "2015-03": {
            "month": "2015-03",
            "price": "20.48",
            "revenue": 51050
        },
        "2015-04": {
            "month": "2015-04",
            "price": "22.29",
            "revenue": 19922
        },
        "2015-05": {
            "month": "2015-05",
            "price": "24.20",
            "revenue": 84324
        },
        "2015-06": {
            "month": "2015-06",
            "price": "20.27",
            "revenue": 183326
        },
        "2015-07": {
            "month": "2015-07",
            "price": "17.57",
            "revenue": 1051211
        },
        "2015-08": {
            "month": "2015-08",
            "price": "16.33",
            "revenue": 1070071
        },
        "2015-09": {
            "month": "2015-09",
            "price": "15.91",
            "revenue": 701345
        },
        "2015-10": {
            "month": "2015-10",
            "price": "16.61",
            "revenue": 661765
        },
        "2015-11": {
            "month": "2015-11",
            "price": "15.25",
            "revenue": 662427
        },
        "2015-12": {
            "month": "2015-12",
            "price": "13.54",
            "revenue": 442344
        },
        "2016-01": {
            "month": "2016-01",
            "price": "11.63",
            "revenue": 323143
        },
        "2016-02": {
            "month": "2016-02",
            "price": "12.06",
            "revenue": 179521
        },
        "2016-03": {
            "month": "2016-03",
            "price": "14.59",
            "revenue": 220291
        },
        "2016-04": {
            "month": "2016-04",
            "price": "14.78",
            "revenue": 228944
        },
        "2016-05": {
            "month": "2016-05",
            "price": "13.77",
            "revenue": 283813
        },
        "2016-06": {
            "month": "2016-06",
            "price": "13.45",
            "revenue": 338329
        },
        "2016-07": {
            "month": "2016-07",
            "price": "13.50",
            "revenue": 404138
        },
        "2016-08": {
            "month": "2016-08",
            "price": "13.38",
            "revenue": 145313
        },
        "2016-09": {
            "month": "2016-09",
            "price": "11.88",
            "revenue": 101938
        },
        "2016-10": {
            "month": "2016-10",
            "price": "11.44",
            "revenue": 141699
        },
        "2016-11": {
            "month": "2016-11",
            "price": "10.86",
            "revenue": 120243
        },
        "2016-12": {
            "month": "2016-12",
            "price": "11.08",
            "revenue": 212200
        },
        "2017-01": {
            "month": "2017-01",
            "price": "10.85",
            "revenue": 85643
        },
        "2017-02": {
            "month": "2017-02",
            "price": "11.46",
            "revenue": 104627
        },
        "2017-03": {
            "month": "2017-03",
            "price": "12.18",
            "revenue": 241140
        },
        "2017-04": {
            "month": "2017-04",
            "price": "12.02",
            "revenue": 41058
        },
        "2017-05": {
            "month": "2017-05",
            "price": "11.66",
            "revenue": 17298
        },
        "2017-06": {
            "month": "2017-06",
            "price": "11.93",
            "revenue": 60200
        },
        "2017-07": {
            "month": "2017-07",
            "price": "12.14",
            "revenue": 82237
        },
        "2017-08": {
            "month": "2017-08",
            "price": "11.44",
            "revenue": 88308
        },
        "2017-09": {
            "month": "2017-09",
            "price": "10.80",
            "revenue": 80710
        },
        "2017-10": {
            "month": "2017-10",
            "price": "11.04",
            "revenue": 56498
        },
        "2017-11": {
            "month": "2017-11",
            "price": "11.17",
            "revenue": 388892
        },
        "2017-12": {
            "month": "2017-12",
            "price": "11.46",
            "revenue": 406099
        },
        "2018-01": {
            "month": "2018-01",
            "price": "13.32",
            "revenue": 162321
        },
        "2018-02": {
            "month": "2018-02",
            "price": "12.67",
            "revenue": 20647
        },
        "2018-03": {
            "month": "2018-03",
            "price": "12.96",
            "revenue": 117258
        },
        "2018-04": {
            "month": "2018-04",
            "price": "14.37",
            "revenue": 84392
        },
        "2018-05": {
            "month": "2018-05",
            "price": "14.28",
            "revenue": 163872
        },
        "2018-06": {
            "month": "2018-06",
            "price": "14.89",
            "revenue": 70295
        },
        "2018-07": {
            "month": "2018-07",
            "price": "14.28",
            "revenue": 180235
        },
        "2018-08": {
            "month": "2018-08",
            "price": "14.59",
            "revenue": 89822
        },
        "2018-09": {
            "month": "2018-09",
            "price": "13.49",
            "revenue": 45067
        },
        "2018-10": {
            "month": "2018-10",
            "price": "12.22",
            "revenue": 53503
        },
        "2018-11": {
            "month": "2018-11",
            "price": "11.85",
            "revenue": 100998
        },
        "2018-12": {
            "month": "2018-12",
            "price": "12.41",
            "revenue": 498403
        },
        "2019-01": {
            "month": "2019-01",
            "price": "12.45",
            "revenue": 748197
        },
        "2019-02": {
            "month": "2019-02",
            "price": "13.25",
            "revenue": 450156
        },
        "2019-03": {
            "month": "2019-03",
            "price": "14.40",
            "revenue": 296639
        },
        "2019-04": {
            "month": "2019-04",
            "price": "17.51",
            "revenue": 480697
        },
        "2019-05": {
            "month": "2019-05",
            "price": "19.68",
            "revenue": 529739
        },
        "2019-06": {
            "month": "2019-06",
            "price": "20.84",
            "revenue": 321964
        },
        "2019-07": {
            "month": "2019-07",
            "price": "21.54",
            "revenue": 528145
        },
        "2019-08": {
            "month": "2019-08",
            "price": "24.03",
            "revenue": 320703
        },
        "2019-09": {
            "month": "2019-09",
            "price": "23.46",
            "revenue": 205584
        },
        "2019-10": {
            "month": "2019-10",
            "price": "23.06",
            "revenue": 429148
        },
        "2019-11": {
            "month": "2019-11",
            "price": "26.10",
            "revenue": 300619
        },
        "2019-12": {
            "month": "2019-12",
            "price": "26.96",
            "revenue": 467554
        },
        "2020-01": {
            "month": "2020-01",
            "price": "27.27",
            "revenue": 207738
        },
        "2020-02": {
            "month": "2020-02",
            "price": "22.87",
            "revenue": 159125
        },
        "2020-03": {
            "month": "2020-03",
            "price": "15.01",
            "revenue": 189322
        },
        "2020-04": {
            "month": "2020-04",
            "price": "14.24",
            "revenue": 109278
        },
        "2020-05": {
            "month": "2020-05",
            "price": "15.36",
            "revenue": 182266
        },
        "2020-06": {
            "month": "2020-06",
            "price": "15.15",
            "revenue": 104250
        },
        "2020-07": {
            "month": "2020-07",
            "price": "15.74",
            "revenue": 73318
        },
        "2020-08": {
            "month": "2020-08",
            "price": "17.55",
            "revenue": 115460
        },
        "2020-09": {
            "month": "2020-09",
            "price": "17.72",
            "revenue": 81983
        },
        "2020-10": {
            "month": "2020-10",
            "price": "18.95",
            "revenue": 90579
        },
        "2020-11": {
            "month": "2020-11",
            "price": "18.37",
            "revenue": 107984
        },
        "2020-12": {
            "month": "2020-12",
            "price": "16.47",
            "revenue": 71609
        },
        "2021-01": {
            "month": "2021-01",
            "price": "14.97",
            "revenue": 28333
        },
        "2021-02": {
            "month": "2021-02",
            "price": "15.35",
            "revenue": 47917
        },
        "2021-03": {
            "month": "2021-03",
            "price": "16.59",
            "revenue": 69799
        },
        "2021-04": {
            "month": "2021-04",
            "price": "16.79",
            "revenue": 110783
        },
        "2021-05": {
            "month": "2021-05",
            "price": "15.14",
            "revenue": 73576
        },
        "2021-06": {
            "month": "2021-06",
            "price": "14.87",
            "revenue": 120322
        },
        "2021-07": {
            "month": "2021-07",
            "price": "14.87",
            "revenue": 330979
        },
        "2021-08": {
            "month": "2021-08",
            "price": "16.17",
            "revenue": 198644
        },
        "2021-09": {
            "month": "2021-09",
            "price": "16.53",
            "revenue": 186010
        },
        "2021-10": {
            "month": "2021-10",
            "price": "15.05",
            "revenue": 289775
        },
        "2021-11": {
            "month": "2021-11",
            "price": "15.32",
            "revenue": 141404
        },
        "2021-12": {
            "month": "2021-12",
            "price": "15.07",
            "revenue": 118424
        },
        "2022-01": {
            "month": "2022-01",
            "price": "14.77",
            "revenue": 63196
        },
        "2022-02": {
            "month": "2022-02",
            "price": "14.65",
            "revenue": 87628
        },
        "2022-03": {
            "month": "2022-03",
            "price": "13.88",
            "revenue": 58541
        },
        "2022-04": {
            "month": "2022-04",
            "price": "13.16",
            "revenue": 22474
        },
        "2022-05": {
            "month": "2022-05",
            "price": "12.48",
            "revenue": 95265
        },
        "2022-06": {
            "month": "2022-06",
            "price": "12.99",
            "revenue": 666768
        },
        "2022-07": {
            "month": "2022-07",
            "price": "12.82",
            "revenue": 363580
        },
        "2022-08": {
            "month": "2022-08",
            "price": "13.02",
            "revenue": 503063
        },
        "2022-09": {
            "month": "2022-09",
            "price": "13.05",
            "revenue": 158329
        },
        "2022-10": {
            "month": "2022-10",
            "price": "11.74",
            "revenue": 94749
        },
        "2022-11": {
            "month": "2022-11",
            "price": "11.75",
            "revenue": 133308
        },
        "2022-12": {
            "month": "2022-12",
            "price": "12.25",
            "revenue": 26801
        },
        "2023-01": {
            "month": "2023-01",
            "price": "12.10",
            "revenue": 18769
        },
        "2023-02": {
            "month": "2023-02",
            "price": "11.98",
            "revenue": 60061
        },
        "2023-03": {
            "month": "2023-03",
            "price": "11.98",
            "revenue": 78921
        },
        "2023-04": {
            "month": "2023-04",
            "price": "13.30",
            "revenue": 95717
        },
        "2023-05": {
            "month": "2023-05",
            "price": "14.56",
            "revenue": 58173
        }
    }
}
