{
    "summary": {
        "stock_name": "琉園",
        "stock_id": "9949",
        "category": "文化創意",
        "main_business": "水晶玻璃藝品之設計加工製造買賣業務<br>水晶玻璃原料及其書籍之買賣業務<br>水晶玻璃藝品之諮詢顧問業務",
        "website_url": "http://www.tittot.com",
        "ceo": "王永山",
        "pe_ratio": -37,
        "report_year_from": 2001,
        "report_year_to": 2023,
        "age": 23,
        "eps_negative_percentage": 39,
        "eps_growth_avg": {
            "last_all": -9.82,
            "last_2y": null,
            "last_4y": null,
            "last_8y": -100,
            "last_12y": -52.48,
            "last_16y": -27.38,
            "last_20y": -2.97,
            "at_2006_last_3y": 51.95,
            "at_2007_last_3y": 26.31,
            "at_2008_last_3y": -18.3,
            "at_2009_last_3y": 2.16,
            "at_2010_last_3y": 3.99,
            "at_2011_last_3y": -3.53,
            "at_2012_last_3y": 21.15,
            "at_2013_last_3y": -18.78,
            "at_2014_last_3y": -40.6,
            "at_2015_last_3y": -57.44,
            "at_2016_last_3y": -83.35,
            "at_2017_last_3y": -95.16,
            "at_2018_last_3y": -100,
            "at_2019_last_3y": null,
            "at_2020_last_3y": null,
            "at_2021_last_3y": null,
            "at_2022_last_3y": null,
            "at_2023_last_3y": null,
            "at_2024_last_3y": null,
            "at_2006_last_all": 21.8,
            "at_2007_last_all": 17.73,
            "at_2008_last_all": 4,
            "at_2009_last_all": 16,
            "at_2010_last_all": 13.88,
            "at_2011_last_all": 9.23,
            "at_2012_last_all": 10.24,
            "at_2013_last_all": 4.41,
            "at_2014_last_all": -2.88,
            "at_2015_last_all": -9.82,
            "at_2016_last_all": -9.82,
            "at_2017_last_all": -9.82,
            "at_2018_last_all": -9.82,
            "at_2019_last_all": -9.82,
            "at_2020_last_all": -9.82,
            "at_2021_last_all": -9.82,
            "at_2022_last_all": -9.82,
            "at_2023_last_all": -9.82,
            "at_2024_last_all": -9.82
        },
        "latest_eps": -0.5,
        "latest_price": 18.65,
        "latest_roe": -5.66,
        "latest_gross_margin": 68.55,
        "latest_equity": 376623,
        "latest_revenue": 33717,
        "latest_gross_profit": 23112,
        "latest_net_income": -8912,
        "latest_debt_ratio": 16.91,
        "latest_current_ratio": 463.52,
        "latest_account_receivable_turnover_ratio": 2.02,
        "latest_inventory_turnover_ratio": 0.06,
        "latest_reinvestment_rate": null,
        "latest_research_to_sale_ratio": 4.42
    },
    "eps_dividends": {
        "2001": {
            "cash": 0,
            "stock": 1.74,
            "eps": 1.69
        },
        "2002": {
            "cash": 0,
            "stock": 1.85,
            "eps": 0.02
        },
        "2003": {
            "cash": 0.25,
            "stock": 0,
            "eps": 0.96
        },
        "2004": {
            "cash": 0.19,
            "stock": 0.51,
            "eps": 2.2
        },
        "2005": {
            "cash": 0.5,
            "stock": 1,
            "eps": 2.6
        },
        "2006": {
            "cash": 0.8,
            "stock": 1,
            "eps": 2.33
        },
        "2007": {
            "cash": 0.6,
            "stock": 1,
            "eps": 2.27
        },
        "2008": {
            "cash": 0.69,
            "stock": 0.75,
            "eps": 0.49
        },
        "2009": {
            "cash": 0.46,
            "stock": 0,
            "eps": 0.98
        },
        "2010": {
            "cash": 0.87,
            "stock": 0,
            "eps": 0.95
        },
        "2011": {
            "cash": 0.8,
            "stock": 0.4,
            "eps": 0.64
        },
        "2012": {
            "cash": 0.55,
            "stock": 0.45,
            "eps": 0.77
        },
        "2013": {
            "cash": 0.65,
            "stock": 0,
            "eps": 0.31
        },
        "2014": {
            "cash": 0.6,
            "stock": 0,
            "eps": 0.03
        },
        "2015": {
            "cash": 0.3,
            "stock": 0,
            "eps": -1.27
        },
        "2016": {
            "cash": 0,
            "stock": 0,
            "eps": -0.56
        },
        "2017": {
            "cash": 0,
            "stock": 0,
            "eps": -0.46
        },
        "2018": {
            "cash": 0,
            "stock": 0,
            "eps": -0.54
        },
        "2019": {
            "cash": 0,
            "stock": 0,
            "eps": -0.47
        },
        "2020": {
            "cash": 0,
            "stock": 0,
            "eps": -0.65
        },
        "2021": {
            "cash": 0,
            "stock": 0,
            "eps": -0.76
        },
        "2022": {
            "cash": 0,
            "stock": 0,
            "eps": -0.79
        },
        "2023": {
            "cash": 0,
            "stock": 0,
            "eps": -0.63
        }
    },
    "dividends": {
        "2001-04-20": {
            "cash": 0,
            "stock": 1.74
        },
        "2002-03-08": {
            "cash": 0,
            "stock": 1.85
        },
        "2003-06-23": {
            "cash": 0.25,
            "stock": 0
        },
        "2004-06-24": {
            "cash": 0.19,
            "stock": 0.51
        },
        "2005-05-12": {
            "cash": 0.5,
            "stock": 1
        },
        "2006-05-11": {
            "cash": 0.8,
            "stock": 1
        },
        "2007-05-14": {
            "cash": 0.6,
            "stock": 1
        },
        "2008-05-14": {
            "cash": 0.69,
            "stock": 0.75
        },
        "2009-05-05": {
            "cash": 0.46,
            "stock": 0
        },
        "2010-03-30": {
            "cash": 0.87,
            "stock": 0
        },
        "2011-05-10": {
            "cash": 0.8,
            "stock": 0.4
        },
        "2012-06-28": {
            "cash": 0.55,
            "stock": 0.45
        },
        "2013-06-25": {
            "cash": 0.65,
            "stock": 0
        },
        "2014-08-15": {
            "cash": 0.6,
            "stock": 0
        },
        "2015-12-17": {
            "cash": 0.3,
            "stock": 0
        }
    },
    "prices": {
        "200101": "無",
        "200102": "無",
        "200103": "無",
        "200104": "無",
        "200105": "無",
        "200106": "無",
        "200107": "無",
        "200108": "無",
        "200109": "無",
        "200110": "無",
        "200111": "無",
        "200112": "無",
        "200201": "無",
        "200202": "無",
        "200203": "無",
        "200204": "無",
        "200205": "無",
        "200206": "無",
        "200207": "無",
        "200208": "無",
        "200209": "無",
        "200210": "無",
        "200211": "無",
        "200212": "無",
        "200301": "無",
        "200302": "無",
        "200303": "無",
        "200304": "無",
        "200305": "無",
        "200306": "無",
        "200307": "無",
        "200308": "無",
        "200309": "無",
        "200310": "14.85",
        "200311": "18.02",
        "200312": "16.75",
        "200401": "16.61",
        "200402": "20.19",
        "200403": "24.13",
        "200404": "22.74",
        "200405": "20.82",
        "200406": "22.93",
        "200407": "21.43",
        "200408": "21.03",
        "200409": "23.16",
        "200410": "23.23",
        "200411": "22.32",
        "200412": "22.35",
        "200501": "22.71",
        "200502": "22.83",
        "200503": "23.29",
        "200504": "22.87",
        "200505": "23.07",
        "200506": "23.66",
        "200507": "23.67",
        "200508": "23.34",
        "200509": "21.02",
        "200510": "19.31",
        "200511": "19.51",
        "200512": "19.77",
        "200601": "20.09",
        "200602": "21.59",
        "200603": "22.01",
        "200604": "21.66",
        "200605": "31.43",
        "200606": "33.17",
        "200607": "38.27",
        "200608": "37.45",
        "200609": "34.87",
        "200610": "36.15",
        "200611": "35.01",
        "200612": "36.67",
        "200701": "36.85",
        "200702": "41.31",
        "200703": "54.08",
        "200704": "67.17",
        "200705": "64.67",
        "200706": "58.88",
        "200707": "61.55",
        "200708": "59.69",
        "200709": "53.76",
        "200710": "49.22",
        "200711": "45.12",
        "200712": "51.97",
        "200801": "50.35",
        "200802": "44.19",
        "200803": "48.62",
        "200804": "50.19",
        "200805": "49.45",
        "200806": "46.89",
        "200807": "37.64",
        "200808": "37.02",
        "200809": "26.05",
        "200810": "18.14",
        "200811": "16.49",
        "200812": "17.53",
        "200901": "17.36",
        "200902": "16.88",
        "200903": "20.74",
        "200904": "25.98",
        "200905": "29.29",
        "200906": "37.54",
        "200907": "35.49",
        "200908": "28.01",
        "200909": "28.09",
        "200910": "27.15",
        "200911": "26.92",
        "200912": "30.46",
        "201001": "31.22",
        "201002": "31.45",
        "201003": "36.49",
        "201004": "39.95",
        "201005": "33.74",
        "201006": "31.17",
        "201007": "35.40",
        "201008": "44.25",
        "201009": "39.06",
        "201010": "29.07",
        "201011": "25.45",
        "201012": "24.51",
        "201101": "24.76",
        "201102": "29.25",
        "201103": "44.78",
        "201104": "38.07",
        "201105": "33.11",
        "201106": "34.11",
        "201107": "31.38",
        "201108": "26.02",
        "201109": "23.98",
        "201110": "23.65",
        "201111": "23.10",
        "201112": "20.75",
        "201201": "23.54",
        "201202": "25.20",
        "201203": "23.68",
        "201204": "20.09",
        "201205": "19.89",
        "201206": "19.29",
        "201207": "20.15",
        "201208": "20.65",
        "201209": "20.31",
        "201210": "18.51",
        "201211": "17.41",
        "201212": "17.85",
        "201301": "19.33",
        "201302": "18.87",
        "201303": "18.01",
        "201304": "18.10",
        "201305": "17.99",
        "201306": "17.56",
        "201307": "16.97",
        "201308": "16.89",
        "201309": "16.20",
        "201310": "16.14",
        "201311": "16.23",
        "201312": "22.47",
        "201401": "22.87",
        "201402": "21.15",
        "201403": "20.37",
        "201404": "19.55",
        "201405": "18.75",
        "201406": "19.58",
        "201407": "20.02",
        "201408": "18.50",
        "201409": "18.14",
        "201410": "17.69",
        "201411": "17.88",
        "201412": "18.51",
        "201501": "19.25",
        "201502": "18.20",
        "201503": "17.10",
        "201504": "17.02",
        "201505": "16.31",
        "201506": "15.21",
        "201507": "14.93",
        "201508": "14.73",
        "201509": "14.46",
        "201510": "14.60",
        "201511": "14.11",
        "201512": "13.26",
        "201601": "13.66",
        "201602": "13.42",
        "201603": "13.18",
        "201604": "12.91",
        "201605": "11.66",
        "201606": "11.30",
        "201607": "10.65",
        "201608": "12.34",
        "201609": "14.13",
        "201610": "12.88",
        "201611": "12.18",
        "201612": "11.51",
        "201701": "11.26",
        "201702": "11.56",
        "201703": "11.46",
        "201704": "11.18",
        "201705": "10.22",
        "201706": "10.20",
        "201707": "11.01",
        "201708": "11.00",
        "201709": "10.92",
        "201710": "10.87",
        "201711": "10.91",
        "201712": "11.07",
        "201801": "11.15",
        "201802": "10.67",
        "201803": "10.63",
        "201804": "10.45",
        "201805": "10.47",
        "201806": "10.24",
        "201807": "10.01",
        "201808": "10.08",
        "201809": "10.04",
        "201810": "9.77",
        "201811": "9.44",
        "201812": "9.75",
        "201901": "9.52",
        "201902": "9.34",
        "201903": "9.16",
        "201904": "8.87",
        "201905": "8.59",
        "201906": "8.76",
        "201907": "9.82",
        "201908": "11.09",
        "201909": "11.25",
        "201910": "12.12",
        "201911": "11.88",
        "201912": "12.13",
        "202001": "12.95",
        "202002": "12.78",
        "202003": "12.04",
        "202004": "12.56",
        "202005": "12.61",
        "202006": "13.08",
        "202007": "12.94",
        "202008": "12.84",
        "202009": "12.37",
        "202010": "12.93",
        "202011": "12.74",
        "202012": "12.02",
        "202101": "11.92",
        "202102": "11.76",
        "202103": "11.41",
        "202104": "11.24",
        "202105": "10.97",
        "202106": "10.91",
        "202107": "10.82",
        "202108": "10.78",
        "202109": "10.86",
        "202110": "11.33",
        "202111": "11.56",
        "202112": "12.26",
        "202201": "12.12",
        "202202": "12.66",
        "202203": "12.89",
        "202204": "13.68",
        "202205": "15.87",
        "202206": "19.38",
        "202207": "19.80",
        "202208": "19.46",
        "202209": "19.47",
        "202210": "19.10",
        "202211": "18.79",
        "202212": "18.95",
        "202301": "19.93",
        "202302": "20.75",
        "202303": "22.26",
        "202304": "19.99",
        "202305": "16.03",
        "202306": "15.54",
        "202307": "15.58",
        "202308": "13.17",
        "202309": "13.42",
        "202310": "13.46",
        "202311": "14.52",
        "202312": "16.78"
    },
    "quarters": {
        "20011": {
            "year_quarter": 20011,
            "year": 2001,
            "quarter": 1,
            "eps": 1.26,
            "eps_growth_year": null,
            "eps_4q": null,
            "eps_4q_growth_year": null,
            "roe": 9.13,
            "roe_4q": 9.13,
            "gross_profit": 51183,
            "gross_margin": 71.84,
            "gross_margin_4q_avg": 71.84,
            "net_income": 21365,
            "net_income_4q": null,
            "revenue": 71242,
            "revenue_4q": null,
            "common_shares": 170000,
            "book_valuer_per_share": 14.39,
            "book_valuer_per_share_4q_avg": 14.39,
            "equity": 244627,
            "current_ratio": 399.47,
            "debt_ratio": 18.66,
            "inventory_turnover_ratio": 0.25,
            "account_receivable_turnover_ratio": null,
            "reinvestment_rate": null,
            "research_to_sale_ratio": null,
            "price_fair": 0,
            "eps_avg_yearly": 0,
            "eps_latest_yearly": 0,
            "eps_growth_yearly": 0
        },
        "20012": {
            "year_quarter": 20012,
            "year": 2001,
            "quarter": 2,
            "eps": 0.43,
            "eps_growth_year": null,
            "eps_4q": null,
            "eps_4q_growth_year": null,
            "roe": 2.91,
            "roe_4q": 12.040000000000001,
            "gross_profit": 47519,
            "gross_margin": 67.98,
            "gross_margin_4q_avg": 69.91,
            "net_income": 7236,
            "net_income_4q": null,
            "revenue": 69901,
            "revenue_4q": null,
            "common_shares": 170000,
            "book_valuer_per_share": 14.87,
            "book_valuer_per_share_4q_avg": 14.63,
            "equity": 252714,
            "current_ratio": 369.71,
            "debt_ratio": 19.74,
            "inventory_turnover_ratio": 0.26,
            "account_receivable_turnover_ratio": null,
            "reinvestment_rate": null,
            "research_to_sale_ratio": null,
            "price_fair": 0,
            "eps_avg_yearly": 0,
            "eps_latest_yearly": 0,
            "eps_growth_yearly": 0
        },
        "20013": {
            "year_quarter": 20013,
            "year": 2001,
            "quarter": 3,
            "eps": null,
            "eps_growth_year": null,
            "eps_4q": null,
            "eps_4q_growth_year": null,
            "roe": null,
            "roe_4q": 12.040000000000001,
            "gross_profit": null,
            "gross_margin": null,
            "gross_margin_4q_avg": 46.61,
            "net_income": null,
            "net_income_4q": null,
            "revenue": null,
            "revenue_4q": null,
            "common_shares": null,
            "book_valuer_per_share": null,
            "book_valuer_per_share_4q_avg": 9.75,
            "equity": null,
            "current_ratio": null,
            "debt_ratio": null,
            "inventory_turnover_ratio": null,
            "account_receivable_turnover_ratio": null,
            "reinvestment_rate": null,
            "research_to_sale_ratio": null,
            "price_fair": 0,
            "eps_avg_yearly": 0,
            "eps_latest_yearly": 0,
            "eps_growth_yearly": 0
        },
        "20014": {
            "year_quarter": 20014,
            "year": 2001,
            "quarter": 4,
            "eps": null,
            "eps_growth_year": null,
            "eps_4q": null,
            "eps_4q_growth_year": null,
            "roe": null,
            "roe_4q": 12.040000000000001,
            "gross_profit": null,
            "gross_margin": null,
            "gross_margin_4q_avg": 34.96,
            "net_income": null,
            "net_income_4q": null,
            "revenue": null,
            "revenue_4q": null,
            "common_shares": 205000,
            "book_valuer_per_share": 13.46,
            "book_valuer_per_share_4q_avg": 10.68,
            "equity": 275961,
            "current_ratio": 506.8,
            "debt_ratio": 15.94,
            "inventory_turnover_ratio": null,
            "account_receivable_turnover_ratio": null,
            "reinvestment_rate": null,
            "research_to_sale_ratio": null,
            "price_fair": 0,
            "eps_avg_yearly": 0,
            "eps_latest_yearly": 0,
            "eps_growth_yearly": 0
        },
        "20021": {
            "year_quarter": 20021,
            "year": 2002,
            "quarter": 1,
            "eps": 0.3,
            "eps_growth_year": -76.19,
            "eps_4q": null,
            "eps_4q_growth_year": null,
            "roe": 2.21,
            "roe_4q": 5.12,
            "gross_profit": 45415,
            "gross_margin": 64.99,
            "gross_margin_4q_avg": 33.24,
            "net_income": 6156,
            "net_income_4q": null,
            "revenue": 69878,
            "revenue_4q": null,
            "common_shares": 205000,
            "book_valuer_per_share": 13.76,
            "book_valuer_per_share_4q_avg": 10.52,
            "equity": 282126,
            "current_ratio": 527.44,
            "debt_ratio": 14.39,
            "inventory_turnover_ratio": 0.22,
            "account_receivable_turnover_ratio": null,
            "reinvestment_rate": null,
            "research_to_sale_ratio": null,
            "price_fair": 0,
            "eps_avg_yearly": 0,
            "eps_latest_yearly": 0,
            "eps_growth_yearly": 0
        },
        "20022": {
            "year_quarter": 20022,
            "year": 2002,
            "quarter": 2,
            "eps": -0.28,
            "eps_growth_year": -165.12,
            "eps_4q": null,
            "eps_4q_growth_year": null,
            "roe": -2.05,
            "roe_4q": 0.16000000000000014,
            "gross_profit": 44433,
            "gross_margin": 64.36,
            "gross_margin_4q_avg": 32.34,
            "net_income": -5687,
            "net_income_4q": null,
            "revenue": 69039,
            "revenue_4q": null,
            "common_shares": 205000,
            "book_valuer_per_share": 13.33,
            "book_valuer_per_share_4q_avg": 10.14,
            "equity": 273295,
            "current_ratio": 475.26,
            "debt_ratio": 15.7,
            "inventory_turnover_ratio": 0.25,
            "account_receivable_turnover_ratio": null,
            "reinvestment_rate": null,
            "research_to_sale_ratio": null,
            "price_fair": 0,
            "eps_avg_yearly": 0,
            "eps_latest_yearly": 0,
            "eps_growth_yearly": 0
        },
        "20023": {
            "year_quarter": 20023,
            "year": 2002,
            "quarter": 3,
            "eps": null,
            "eps_growth_year": null,
            "eps_4q": null,
            "eps_4q_growth_year": null,
            "roe": null,
            "roe_4q": 0.16000000000000014,
            "gross_profit": null,
            "gross_margin": null,
            "gross_margin_4q_avg": 32.34,
            "net_income": null,
            "net_income_4q": null,
            "revenue": null,
            "revenue_4q": null,
            "common_shares": null,
            "book_valuer_per_share": null,
            "book_valuer_per_share_4q_avg": 10.14,
            "equity": null,
            "current_ratio": null,
            "debt_ratio": null,
            "inventory_turnover_ratio": null,
            "account_receivable_turnover_ratio": null,
            "reinvestment_rate": null,
            "research_to_sale_ratio": null,
            "price_fair": 0,
            "eps_avg_yearly": 0,
            "eps_latest_yearly": 0,
            "eps_growth_yearly": 0
        },
        "20024": {
            "year_quarter": 20024,
            "year": 2002,
            "quarter": 4,
            "eps": null,
            "eps_growth_year": null,
            "eps_4q": null,
            "eps_4q_growth_year": null,
            "roe": null,
            "roe_4q": 0.16000000000000014,
            "gross_profit": null,
            "gross_margin": null,
            "gross_margin_4q_avg": 32.34,
            "net_income": null,
            "net_income_4q": null,
            "revenue": null,
            "revenue_4q": null,
            "common_shares": 250000,
            "book_valuer_per_share": 11.31,
            "book_valuer_per_share_4q_avg": 9.6,
            "equity": 282710,
            "current_ratio": 832.32,
            "debt_ratio": 10.14,
            "inventory_turnover_ratio": null,
            "account_receivable_turnover_ratio": null,
            "reinvestment_rate": null,
            "research_to_sale_ratio": null,
            "price_fair": 0,
            "eps_avg_yearly": 0,
            "eps_latest_yearly": 0,
            "eps_growth_yearly": 0
        },
        "20031": {
            "year_quarter": 20031,
            "year": 2003,
            "quarter": 1,
            "eps": 0.21,
            "eps_growth_year": -30,
            "eps_4q": null,
            "eps_4q_growth_year": null,
            "roe": 1.82,
            "roe_4q": -0.22999999999999976,
            "gross_profit": 42595,
            "gross_margin": 65.97,
            "gross_margin_4q_avg": 32.58,
            "net_income": 5195,
            "net_income_4q": null,
            "revenue": 64569,
            "revenue_4q": null,
            "common_shares": 250000,
            "book_valuer_per_share": 11.52,
            "book_valuer_per_share_4q_avg": 9.04,
            "equity": 287905,
            "current_ratio": 480.05,
            "debt_ratio": 15.99,
            "inventory_turnover_ratio": 0.22,
            "account_receivable_turnover_ratio": null,
            "reinvestment_rate": null,
            "research_to_sale_ratio": null,
            "price_fair": 0,
            "eps_avg_yearly": 0,
            "eps_latest_yearly": 0,
            "eps_growth_yearly": 0
        },
        "20032": {
            "year_quarter": 20032,
            "year": 2003,
            "quarter": 2,
            "eps": -0.06,
            "eps_growth_year": null,
            "eps_4q": null,
            "eps_4q_growth_year": null,
            "roe": -0.57,
            "roe_4q": 1.25,
            "gross_profit": 37172,
            "gross_margin": 67.69,
            "gross_margin_4q_avg": 33.42,
            "net_income": -1605,
            "net_income_4q": null,
            "revenue": 54912,
            "revenue_4q": null,
            "common_shares": 250000,
            "book_valuer_per_share": 11.15,
            "book_valuer_per_share_4q_avg": 8.5,
            "equity": 278639,
            "current_ratio": 770.24,
            "debt_ratio": 10.46,
            "inventory_turnover_ratio": 0.21,
            "account_receivable_turnover_ratio": null,
            "reinvestment_rate": null,
            "research_to_sale_ratio": null,
            "price_fair": 0,
            "eps_avg_yearly": 0,
            "eps_latest_yearly": 0,
            "eps_growth_yearly": 0
        },
        "20033": {
            "year_quarter": 20033,
            "year": 2003,
            "quarter": 3,
            "eps": 0.39,
            "eps_growth_year": null,
            "eps_4q": null,
            "eps_4q_growth_year": null,
            "roe": 3.44,
            "roe_4q": 4.69,
            "gross_profit": 44746,
            "gross_margin": 69.14,
            "gross_margin_4q_avg": 50.7,
            "net_income": 9757,
            "net_income_4q": null,
            "revenue": 64716,
            "revenue_4q": null,
            "common_shares": 250000,
            "book_valuer_per_share": 11.54,
            "book_valuer_per_share_4q_avg": 11.38,
            "equity": 288395,
            "current_ratio": 854.39,
            "debt_ratio": 9.58,
            "inventory_turnover_ratio": 0.25,
            "account_receivable_turnover_ratio": null,
            "reinvestment_rate": null,
            "research_to_sale_ratio": null,
            "price_fair": 0,
            "eps_avg_yearly": 0,
            "eps_latest_yearly": 0,
            "eps_growth_yearly": 0
        },
        "20034": {
            "year_quarter": 20034,
            "year": 2003,
            "quarter": 4,
            "eps": 0.42,
            "eps_growth_year": null,
            "eps_4q": 0.96,
            "eps_4q_growth_year": null,
            "roe": 3.57,
            "roe_4q": 8.26,
            "gross_profit": 64657,
            "gross_margin": 68.7,
            "gross_margin_4q_avg": 67.88,
            "net_income": 10463,
            "net_income_4q": null,
            "revenue": 94113,
            "revenue_4q": null,
            "common_shares": 250000,
            "book_valuer_per_share": 11.92,
            "book_valuer_per_share_4q_avg": 11.53,
            "equity": 298098,
            "current_ratio": 583.23,
            "debt_ratio": 14.92,
            "inventory_turnover_ratio": 0.32,
            "account_receivable_turnover_ratio": null,
            "reinvestment_rate": null,
            "research_to_sale_ratio": null,
            "price_fair": 58.8,
            "eps_avg_yearly": 1.68,
            "eps_latest_yearly": 1.68,
            "eps_growth_yearly": 30.77
        },
        "20041": {
            "year_quarter": 20041,
            "year": 2004,
            "quarter": 1,
            "eps": 0.52,
            "eps_growth_year": 147.62,
            "eps_4q": 1.26,
            "eps_4q_growth_year": null,
            "roe": 4.29,
            "roe_4q": 10.729999999999999,
            "gross_profit": 51190,
            "gross_margin": 70.02,
            "gross_margin_4q_avg": 68.89,
            "net_income": 13042,
            "net_income_4q": null,
            "revenue": 73108,
            "revenue_4q": null,
            "common_shares": 250000,
            "book_valuer_per_share": 12.4,
            "book_valuer_per_share_4q_avg": 11.75,
            "equity": 310096,
            "current_ratio": 909.87,
            "debt_ratio": 9.78,
            "inventory_turnover_ratio": 0.24,
            "account_receivable_turnover_ratio": null,
            "reinvestment_rate": null,
            "research_to_sale_ratio": null,
            "price_fair": 65.8,
            "eps_avg_yearly": 1.88,
            "eps_latest_yearly": 2.08,
            "eps_growth_yearly": 63
        },
        "20042": {
            "year_quarter": 20042,
            "year": 2004,
            "quarter": 2,
            "eps": 0.68,
            "eps_growth_year": null,
            "eps_4q": 2,
            "eps_4q_growth_year": null,
            "roe": 5.42,
            "roe_4q": 16.720000000000002,
            "gross_profit": 68336,
            "gross_margin": 72.93,
            "gross_margin_4q_avg": 70.2,
            "net_income": 17103,
            "net_income_4q": null,
            "revenue": 93699,
            "revenue_4q": null,
            "common_shares": 250000,
            "book_valuer_per_share": 12.84,
            "book_valuer_per_share_4q_avg": 12.18,
            "equity": 321004,
            "current_ratio": 630.27,
            "debt_ratio": 13.85,
            "inventory_turnover_ratio": 0.34,
            "account_receivable_turnover_ratio": null,
            "reinvestment_rate": null,
            "research_to_sale_ratio": null,
            "price_fair": 75.6,
            "eps_avg_yearly": 2.16,
            "eps_latest_yearly": 2.72,
            "eps_growth_yearly": 83.03
        },
        "20043": {
            "year_quarter": 20043,
            "year": 2004,
            "quarter": 3,
            "eps": 0.47,
            "eps_growth_year": 20.51,
            "eps_4q": 2,
            "eps_4q_growth_year": null,
            "roe": 3.81,
            "roe_4q": 17.09,
            "gross_profit": 55810,
            "gross_margin": 72.72,
            "gross_margin_4q_avg": 71.09,
            "net_income": 12491,
            "net_income_4q": null,
            "revenue": 76748,
            "revenue_4q": null,
            "common_shares": 265000,
            "book_valuer_per_share": 12.6,
            "book_valuer_per_share_4q_avg": 12.44,
            "equity": 333845,
            "current_ratio": 774.37,
            "debt_ratio": 11.46,
            "inventory_turnover_ratio": 0.26,
            "account_receivable_turnover_ratio": null,
            "reinvestment_rate": null,
            "research_to_sale_ratio": null,
            "price_fair": 73.15,
            "eps_avg_yearly": 2.09,
            "eps_latest_yearly": 1.88,
            "eps_growth_yearly": 31.39
        },
        "20044": {
            "year_quarter": 20044,
            "year": 2004,
            "quarter": 4,
            "eps": 0.53,
            "eps_growth_year": 26.19,
            "eps_4q": 2.14,
            "eps_4q_growth_year": 124.31,
            "roe": 4.13,
            "roe_4q": 17.65,
            "gross_profit": 65214,
            "gross_margin": 71.67,
            "gross_margin_4q_avg": 71.84,
            "net_income": 14002,
            "net_income_4q": null,
            "revenue": 90990,
            "revenue_4q": null,
            "common_shares": 265000,
            "book_valuer_per_share": 13,
            "book_valuer_per_share_4q_avg": 12.71,
            "equity": 344567,
            "current_ratio": 630.57,
            "debt_ratio": 14.1,
            "inventory_turnover_ratio": 0.23,
            "account_receivable_turnover_ratio": null,
            "reinvestment_rate": null,
            "research_to_sale_ratio": null,
            "price_fair": 73.36,
            "eps_avg_yearly": 2.1,
            "eps_latest_yearly": 2.12,
            "eps_growth_yearly": 35.32
        },
        "20051": {
            "year_quarter": 20051,
            "year": 2005,
            "quarter": 1,
            "eps": 0.68,
            "eps_growth_year": 30.77,
            "eps_4q": 2.32,
            "eps_4q_growth_year": 83.46,
            "roe": 5.13,
            "roe_4q": 18.490000000000002,
            "gross_profit": 58382,
            "gross_margin": 71.96,
            "gross_margin_4q_avg": 72.32,
            "net_income": 18125,
            "net_income_4q": null,
            "revenue": 81131,
            "revenue_4q": null,
            "common_shares": 265000,
            "book_valuer_per_share": 13.65,
            "book_valuer_per_share_4q_avg": 13.02,
            "equity": 361728,
            "current_ratio": 837.09,
            "debt_ratio": 10.07,
            "inventory_turnover_ratio": 0.21,
            "account_receivable_turnover_ratio": null,
            "reinvestment_rate": null,
            "research_to_sale_ratio": null,
            "price_fair": 77,
            "eps_avg_yearly": 2.2,
            "eps_latest_yearly": 2.72,
            "eps_growth_yearly": 48.3
        },
        "20052": {
            "year_quarter": 20052,
            "year": 2005,
            "quarter": 2,
            "eps": 0.65,
            "eps_growth_year": -4.41,
            "eps_4q": 2.32,
            "eps_4q_growth_year": 16.1,
            "roe": 4.79,
            "roe_4q": 17.86,
            "gross_profit": 60903,
            "gross_margin": 74.07,
            "gross_margin_4q_avg": 72.61,
            "net_income": 17316,
            "net_income_4q": null,
            "revenue": 82228,
            "revenue_4q": null,
            "common_shares": 265000,
            "book_valuer_per_share": 13.62,
            "book_valuer_per_share_4q_avg": 13.22,
            "equity": 360845,
            "current_ratio": 515.49,
            "debt_ratio": 15.05,
            "inventory_turnover_ratio": 0.26,
            "account_receivable_turnover_ratio": null,
            "reinvestment_rate": null,
            "research_to_sale_ratio": null,
            "price_fair": 79,
            "eps_avg_yearly": 2.26,
            "eps_latest_yearly": 2.6,
            "eps_growth_yearly": 38.88
        },
        "20053": {
            "year_quarter": 20053,
            "year": 2005,
            "quarter": 3,
            "eps": 0.64,
            "eps_growth_year": 36.17,
            "eps_4q": 2.33,
            "eps_4q_growth_year": 16.49,
            "roe": 5.03,
            "roe_4q": 19.08,
            "gross_profit": 55947,
            "gross_margin": 72.64,
            "gross_margin_4q_avg": 72.59,
            "net_income": 18752,
            "net_income_4q": null,
            "revenue": 77020,
            "revenue_4q": null,
            "common_shares": 295000,
            "book_valuer_per_share": 13.03,
            "book_valuer_per_share_4q_avg": 13.33,
            "equity": 384303,
            "current_ratio": 456.46,
            "debt_ratio": 15.36,
            "inventory_turnover_ratio": 0.25,
            "account_receivable_turnover_ratio": null,
            "reinvestment_rate": null,
            "research_to_sale_ratio": null,
            "price_fair": 80.33,
            "eps_avg_yearly": 2.3,
            "eps_latest_yearly": 2.56,
            "eps_growth_yearly": 33.25
        },
        "20054": {
            "year_quarter": 20054,
            "year": 2005,
            "quarter": 4,
            "eps": 0.63,
            "eps_growth_year": 18.87,
            "eps_4q": 2.48,
            "eps_4q_growth_year": 15.46,
            "roe": 4.7,
            "roe_4q": 19.65,
            "gross_profit": 61689,
            "gross_margin": 67.35,
            "gross_margin_4q_avg": 71.51,
            "net_income": 18503,
            "net_income_4q": null,
            "revenue": 91595,
            "revenue_4q": null,
            "common_shares": 295000,
            "book_valuer_per_share": 13.65,
            "book_valuer_per_share_4q_avg": 13.49,
            "equity": 402663,
            "current_ratio": 589.25,
            "debt_ratio": 15.74,
            "inventory_turnover_ratio": 0.25,
            "account_receivable_turnover_ratio": null,
            "reinvestment_rate": null,
            "research_to_sale_ratio": null,
            "price_fair": 81.2,
            "eps_avg_yearly": 2.32,
            "eps_latest_yearly": 2.52,
            "eps_growth_yearly": 28.86
        },
        "20061": {
            "year_quarter": 20061,
            "year": 2006,
            "quarter": 1,
            "eps": 0.97,
            "eps_growth_year": 42.65,
            "eps_4q": 2.82,
            "eps_4q_growth_year": 21.58,
            "roe": 6.86,
            "roe_4q": 21.38,
            "gross_profit": 62402,
            "gross_margin": 69.12,
            "gross_margin_4q_avg": 70.8,
            "net_income": 28684,
            "net_income_4q": null,
            "revenue": 90279,
            "revenue_4q": null,
            "common_shares": 295000,
            "book_valuer_per_share": 14.69,
            "book_valuer_per_share_4q_avg": 13.75,
            "equity": 433256,
            "current_ratio": 864.13,
            "debt_ratio": 8.43,
            "inventory_turnover_ratio": 0.25,
            "account_receivable_turnover_ratio": null,
            "reinvestment_rate": null,
            "research_to_sale_ratio": null,
            "price_fair": 86.66,
            "eps_avg_yearly": 2.48,
            "eps_latest_yearly": 3.88,
            "eps_growth_yearly": 47.56
        },
        "20062": {
            "year_quarter": 20062,
            "year": 2006,
            "quarter": 2,
            "eps": 0.49,
            "eps_growth_year": -24.62,
            "eps_4q": 2.72,
            "eps_4q_growth_year": 17.09,
            "roe": 3.41,
            "roe_4q": 20,
            "gross_profit": 61738,
            "gross_margin": 70.57,
            "gross_margin_4q_avg": 69.92,
            "net_income": 14475,
            "net_income_4q": null,
            "revenue": 87487,
            "revenue_4q": null,
            "common_shares": 295000,
            "book_valuer_per_share": 14.09,
            "book_valuer_per_share_4q_avg": 13.87,
            "equity": 415509,
            "current_ratio": 397.21,
            "debt_ratio": 16.1,
            "inventory_turnover_ratio": 0.36,
            "account_receivable_turnover_ratio": null,
            "reinvestment_rate": null,
            "research_to_sale_ratio": null,
            "price_fair": 85.02,
            "eps_avg_yearly": 2.43,
            "eps_latest_yearly": 1.96,
            "eps_growth_yearly": 25.25
        },
        "20063": {
            "year_quarter": 20063,
            "year": 2006,
            "quarter": 3,
            "eps": 0.33,
            "eps_growth_year": -48.44,
            "eps_4q": 2.19,
            "eps_4q_growth_year": -5.83,
            "roe": 2.58,
            "roe_4q": 17.55,
            "gross_profit": 54178,
            "gross_margin": 70.02,
            "gross_margin_4q_avg": 69.27,
            "net_income": 10930,
            "net_income_4q": null,
            "revenue": 77379,
            "revenue_4q": null,
            "common_shares": 330000,
            "book_valuer_per_share": 13.09,
            "book_valuer_per_share_4q_avg": 13.88,
            "equity": 431832,
            "current_ratio": 508.51,
            "debt_ratio": 12.14,
            "inventory_turnover_ratio": 0.31,
            "account_receivable_turnover_ratio": null,
            "reinvestment_rate": null,
            "research_to_sale_ratio": null,
            "price_fair": 52.01,
            "eps_avg_yearly": 2.34,
            "eps_latest_yearly": 1.32,
            "eps_growth_yearly": 12.26
        },
        "20064": {
            "year_quarter": 20064,
            "year": 2006,
            "quarter": 4,
            "eps": 0.54,
            "eps_growth_year": -14.29,
            "eps_4q": 2.17,
            "eps_4q_growth_year": -12.39,
            "roe": 4.07,
            "roe_4q": 16.92,
            "gross_profit": 64153,
            "gross_margin": 69.37,
            "gross_margin_4q_avg": 69.77,
            "net_income": 17936,
            "net_income_4q": null,
            "revenue": 92483,
            "revenue_4q": null,
            "common_shares": 330000,
            "book_valuer_per_share": 13.62,
            "book_valuer_per_share_4q_avg": 13.87,
            "equity": 449381,
            "current_ratio": 410.66,
            "debt_ratio": 21.21,
            "inventory_turnover_ratio": 0.22,
            "account_receivable_turnover_ratio": null,
            "reinvestment_rate": 17.27,
            "research_to_sale_ratio": null,
            "price_fair": 81.31,
            "eps_avg_yearly": 2.32,
            "eps_latest_yearly": 2.16,
            "eps_growth_yearly": 30.9
        },
        "20071": {
            "year_quarter": 20071,
            "year": 2007,
            "quarter": 1,
            "eps": 0.97,
            "eps_growth_year": 0,
            "eps_4q": 2.28,
            "eps_4q_growth_year": -18.99,
            "roe": 6.86,
            "roe_4q": 16.92,
            "gross_profit": 63768,
            "gross_margin": 69.78,
            "gross_margin_4q_avg": 69.94,
            "net_income": 32075,
            "net_income_4q": null,
            "revenue": 91380,
            "revenue_4q": null,
            "common_shares": 330000,
            "book_valuer_per_share": 14.74,
            "book_valuer_per_share_4q_avg": 13.89,
            "equity": 486380,
            "current_ratio": 537.9,
            "debt_ratio": 10.7,
            "inventory_turnover_ratio": 0.22,
            "account_receivable_turnover_ratio": null,
            "reinvestment_rate": -5.78,
            "research_to_sale_ratio": null,
            "price_fair": 85.2,
            "eps_avg_yearly": 2.43,
            "eps_latest_yearly": 3.88,
            "eps_growth_yearly": 51.44
        },
        "20072": {
            "year_quarter": 20072,
            "year": 2007,
            "quarter": 2,
            "eps": 0.36,
            "eps_growth_year": -26.53,
            "eps_4q": 2.2,
            "eps_4q_growth_year": -19.05,
            "roe": 2.48,
            "roe_4q": 15.99,
            "gross_profit": 60422,
            "gross_margin": 70.55,
            "gross_margin_4q_avg": 69.93,
            "net_income": 11900,
            "net_income_4q": null,
            "revenue": 85650,
            "revenue_4q": null,
            "common_shares": 330000,
            "book_valuer_per_share": 14.35,
            "book_valuer_per_share_4q_avg": 13.95,
            "equity": 473588,
            "current_ratio": 358.01,
            "debt_ratio": 15.69,
            "inventory_turnover_ratio": 0.33,
            "account_receivable_turnover_ratio": null,
            "reinvestment_rate": -3.5,
            "research_to_sale_ratio": null,
            "price_fair": 82.88,
            "eps_avg_yearly": 2.37,
            "eps_latest_yearly": 1.44,
            "eps_growth_yearly": 31.24
        },
        "20073": {
            "year_quarter": 20073,
            "year": 2007,
            "quarter": 3,
            "eps": 0.16,
            "eps_growth_year": -51.52,
            "eps_4q": 1.8,
            "eps_4q_growth_year": -17.72,
            "roe": 1.06,
            "roe_4q": 14.47,
            "gross_profit": 53730,
            "gross_margin": 64.57,
            "gross_margin_4q_avg": 68.57,
            "net_income": 6028,
            "net_income_4q": null,
            "revenue": 83209,
            "revenue_4q": null,
            "common_shares": 368500,
            "book_valuer_per_share": 17.99,
            "book_valuer_per_share_4q_avg": 15.18,
            "equity": 663007,
            "current_ratio": 821.39,
            "debt_ratio": 8.84,
            "inventory_turnover_ratio": 0.38,
            "account_receivable_turnover_ratio": null,
            "reinvestment_rate": -3.15,
            "research_to_sale_ratio": null,
            "price_fair": 57.4,
            "eps_avg_yearly": 2.26,
            "eps_latest_yearly": 0.64,
            "eps_growth_yearly": 15.4
        },
        "20074": {
            "year_quarter": 20074,
            "year": 2007,
            "quarter": 4,
            "eps": 0.78,
            "eps_growth_year": 44.44,
            "eps_4q": 2.1,
            "eps_4q_growth_year": -3.38,
            "roe": 4.21,
            "roe_4q": 14.61,
            "gross_profit": 87241,
            "gross_margin": 70.87,
            "gross_margin_4q_avg": 68.94,
            "net_income": 29655,
            "net_income_4q": null,
            "revenue": 123095,
            "revenue_4q": null,
            "common_shares": 418500,
            "book_valuer_per_share": 17.8,
            "book_valuer_per_share_4q_avg": 16.22,
            "equity": 745115,
            "current_ratio": 402.17,
            "debt_ratio": 19.5,
            "inventory_turnover_ratio": 0.26,
            "account_receivable_turnover_ratio": null,
            "reinvestment_rate": 45.89,
            "research_to_sale_ratio": null,
            "price_fair": 82.25,
            "eps_avg_yearly": 2.35,
            "eps_latest_yearly": 3.12,
            "eps_growth_yearly": 110.35
        },
        "20081": {
            "year_quarter": 20081,
            "year": 2008,
            "quarter": 1,
            "eps": 0.47,
            "eps_growth_year": -51.55,
            "eps_4q": 1.6,
            "eps_4q_growth_year": -29.7,
            "roe": 2.64,
            "roe_4q": 10.39,
            "gross_profit": 115581,
            "gross_margin": 71,
            "gross_margin_4q_avg": 69.25,
            "net_income": 19734,
            "net_income_4q": null,
            "revenue": 162782,
            "revenue_4q": null,
            "common_shares": 418500,
            "book_valuer_per_share": 17.88,
            "book_valuer_per_share_4q_avg": 17.01,
            "equity": 748136,
            "current_ratio": 434.24,
            "debt_ratio": 17.65,
            "inventory_turnover_ratio": 0.24,
            "account_receivable_turnover_ratio": null,
            "reinvestment_rate": 59.49,
            "research_to_sale_ratio": null,
            "price_fair": 81.81,
            "eps_avg_yearly": 2.34,
            "eps_latest_yearly": 1.88,
            "eps_growth_yearly": 94.46
        },
        "20082": {
            "year_quarter": 20082,
            "year": 2008,
            "quarter": 2,
            "eps": 0.15,
            "eps_growth_year": -58.33,
            "eps_4q": 1.46,
            "eps_4q_growth_year": -33.54,
            "roe": 0.88,
            "roe_4q": 8.790000000000001,
            "gross_profit": 93829,
            "gross_margin": 73.79,
            "gross_margin_4q_avg": 70.06,
            "net_income": 6324,
            "net_income_4q": null,
            "revenue": 127156,
            "revenue_4q": null,
            "common_shares": 418500,
            "book_valuer_per_share": 16.35,
            "book_valuer_per_share_4q_avg": 17.51,
            "equity": 684086,
            "current_ratio": 321.26,
            "debt_ratio": 22.71,
            "inventory_turnover_ratio": 0.17,
            "account_receivable_turnover_ratio": null,
            "reinvestment_rate": 68.17,
            "research_to_sale_ratio": null,
            "price_fair": 77.18,
            "eps_avg_yearly": 2.21,
            "eps_latest_yearly": 0.6,
            "eps_growth_yearly": 69.75
        },
        "20083": {
            "year_quarter": 20083,
            "year": 2008,
            "quarter": 3,
            "eps": -0.35,
            "eps_growth_year": -318.75,
            "eps_4q": 0.89,
            "eps_4q_growth_year": -50.52,
            "roe": -2.29,
            "roe_4q": 5.4399999999999995,
            "gross_profit": 88404,
            "gross_margin": 69.89,
            "gross_margin_4q_avg": 71.39,
            "net_income": -15384,
            "net_income_4q": null,
            "revenue": 126492,
            "revenue_4q": null,
            "common_shares": 452000,
            "book_valuer_per_share": 14.55,
            "book_valuer_per_share_4q_avg": 16.65,
            "equity": 657881,
            "current_ratio": 275.97,
            "debt_ratio": 24.82,
            "inventory_turnover_ratio": 0.18,
            "account_receivable_turnover_ratio": null,
            "reinvestment_rate": 86.28,
            "research_to_sale_ratio": null,
            "price_fair": 77.93,
            "eps_avg_yearly": 2.23,
            "eps_latest_yearly": 0.6,
            "eps_growth_yearly": 82.63
        },
        "20084": {
            "year_quarter": 20084,
            "year": 2008,
            "quarter": 4,
            "eps": 0.22,
            "eps_growth_year": -71.79,
            "eps_4q": 0.46,
            "eps_4q_growth_year": -77.96,
            "roe": 1.48,
            "roe_4q": 2.71,
            "gross_profit": 98929,
            "gross_margin": 70.95,
            "gross_margin_4q_avg": 71.41,
            "net_income": 9713,
            "net_income_4q": null,
            "revenue": 139438,
            "revenue_4q": null,
            "common_shares": 452000,
            "book_valuer_per_share": 14.53,
            "book_valuer_per_share_4q_avg": 15.83,
            "equity": 656734,
            "current_ratio": 330.78,
            "debt_ratio": 18.79,
            "inventory_turnover_ratio": 0.19,
            "account_receivable_turnover_ratio": 3.34,
            "reinvestment_rate": 82.7,
            "research_to_sale_ratio": null,
            "price_fair": 78.2,
            "eps_avg_yearly": 2.23,
            "eps_latest_yearly": 0.6,
            "eps_growth_yearly": 84.89
        },
        "20091": {
            "year_quarter": 20091,
            "year": 2009,
            "quarter": 1,
            "eps": 0.25,
            "eps_growth_year": -46.81,
            "eps_4q": 0.27,
            "eps_4q_growth_year": -83.43,
            "roe": 1.56,
            "roe_4q": 1.63,
            "gross_profit": 86135,
            "gross_margin": 70.43,
            "gross_margin_4q_avg": 71.27,
            "net_income": 10399,
            "net_income_4q": null,
            "revenue": 122294,
            "revenue_4q": null,
            "common_shares": 452000,
            "book_valuer_per_share": 15.02,
            "book_valuer_per_share_4q_avg": 15.11,
            "equity": 678872,
            "current_ratio": 351.78,
            "debt_ratio": 17.81,
            "inventory_turnover_ratio": 0.17,
            "account_receivable_turnover_ratio": 1.66,
            "reinvestment_rate": 102.28,
            "research_to_sale_ratio": null,
            "price_fair": 73.9,
            "eps_avg_yearly": 2.11,
            "eps_latest_yearly": 1,
            "eps_growth_yearly": 80.7
        },
        "20092": {
            "year_quarter": 20092,
            "year": 2009,
            "quarter": 2,
            "eps": 0.14,
            "eps_growth_year": -6.67,
            "eps_4q": 0.25,
            "eps_4q_growth_year": -82.67,
            "roe": 0.87,
            "roe_4q": 1.62,
            "gross_profit": 73467,
            "gross_margin": 72.57,
            "gross_margin_4q_avg": 70.96,
            "net_income": 5815,
            "net_income_4q": null,
            "revenue": 101238,
            "revenue_4q": null,
            "common_shares": 452000,
            "book_valuer_per_share": 14.45,
            "book_valuer_per_share_4q_avg": 14.64,
            "equity": 653265,
            "current_ratio": 318.03,
            "debt_ratio": 19.97,
            "inventory_turnover_ratio": 0.13,
            "account_receivable_turnover_ratio": 1.51,
            "reinvestment_rate": 103.53,
            "research_to_sale_ratio": null,
            "price_fair": 68.8,
            "eps_avg_yearly": 1.97,
            "eps_latest_yearly": 0.56,
            "eps_growth_yearly": 69.39
        },
        "20093": {
            "year_quarter": 20093,
            "year": 2009,
            "quarter": 3,
            "eps": 0.06,
            "eps_growth_year": null,
            "eps_4q": 0.68,
            "eps_4q_growth_year": -24.2,
            "roe": 0.39,
            "roe_4q": 4.300000000000001,
            "gross_profit": 73980,
            "gross_margin": 71.75,
            "gross_margin_4q_avg": 71.43,
            "net_income": 2524,
            "net_income_4q": null,
            "revenue": 103101,
            "revenue_4q": null,
            "common_shares": 452000,
            "book_valuer_per_share": 14.36,
            "book_valuer_per_share_4q_avg": 14.59,
            "equity": 648932,
            "current_ratio": 378.59,
            "debt_ratio": 16.3,
            "inventory_turnover_ratio": 0.14,
            "account_receivable_turnover_ratio": 1.6,
            "reinvestment_rate": 114.38,
            "research_to_sale_ratio": null,
            "price_fair": 63,
            "eps_avg_yearly": 1.8,
            "eps_latest_yearly": 0.24,
            "eps_growth_yearly": 53.5
        },
        "20094": {
            "year_quarter": 20094,
            "year": 2009,
            "quarter": 4,
            "eps": 0.53,
            "eps_growth_year": 140.91,
            "eps_4q": 0.97,
            "eps_4q_growth_year": 110.44,
            "roe": 3.38,
            "roe_4q": 6.199999999999999,
            "gross_profit": 99682,
            "gross_margin": 73.37,
            "gross_margin_4q_avg": 72.03,
            "net_income": 22270,
            "net_income_4q": null,
            "revenue": 135869,
            "revenue_4q": null,
            "common_shares": 452000,
            "book_valuer_per_share": 14.8,
            "book_valuer_per_share_4q_avg": 14.66,
            "equity": 668968,
            "current_ratio": 388.06,
            "debt_ratio": 21.78,
            "inventory_turnover_ratio": 0.17,
            "account_receivable_turnover_ratio": 3.14,
            "reinvestment_rate": 280.15,
            "research_to_sale_ratio": null,
            "price_fair": 62,
            "eps_avg_yearly": 1.77,
            "eps_latest_yearly": 2.12,
            "eps_growth_yearly": 277.76
        },
        "20101": {
            "year_quarter": 20101,
            "year": 2010,
            "quarter": 1,
            "eps": 0.43,
            "eps_growth_year": 72,
            "eps_4q": 1.15,
            "eps_4q_growth_year": 333.34,
            "roe": 2.66,
            "roe_4q": 7.3,
            "gross_profit": 91507,
            "gross_margin": 72.87,
            "gross_margin_4q_avg": 72.64,
            "net_income": 17979,
            "net_income_4q": null,
            "revenue": 125577,
            "revenue_4q": null,
            "common_shares": 452000,
            "book_valuer_per_share": 15.15,
            "book_valuer_per_share_4q_avg": 14.69,
            "equity": 684818,
            "current_ratio": 470.7,
            "debt_ratio": 19.32,
            "inventory_turnover_ratio": 0.17,
            "account_receivable_turnover_ratio": 1.67,
            "reinvestment_rate": 316.69,
            "research_to_sale_ratio": 3.82,
            "price_fair": 56.6,
            "eps_avg_yearly": 1.62,
            "eps_latest_yearly": 1.72,
            "eps_growth_yearly": 256.95
        },
        "20102": {
            "year_quarter": 20102,
            "year": 2010,
            "quarter": 2,
            "eps": 0.17,
            "eps_growth_year": 22.82,
            "eps_4q": 1.19,
            "eps_4q_growth_year": 367.05,
            "roe": 1.08,
            "roe_4q": 7.51,
            "gross_profit": 74798,
            "gross_margin": 74.1,
            "gross_margin_4q_avg": 73.02,
            "net_income": 7256,
            "net_income_4q": null,
            "revenue": 100940,
            "revenue_4q": null,
            "common_shares": 452000,
            "book_valuer_per_share": 15.69,
            "book_valuer_per_share_4q_avg": 15,
            "equity": 661999,
            "current_ratio": 353.65,
            "debt_ratio": 22.79,
            "inventory_turnover_ratio": 0.13,
            "account_receivable_turnover_ratio": 1.6,
            "reinvestment_rate": 344.39,
            "research_to_sale_ratio": 5.55,
            "price_fair": 53.4,
            "eps_avg_yearly": 1.53,
            "eps_latest_yearly": 0.68,
            "eps_growth_yearly": 253.81
        },
        "20103": {
            "year_quarter": 20103,
            "year": 2010,
            "quarter": 3,
            "eps": 0.02,
            "eps_growth_year": -58.53,
            "eps_4q": 1.15,
            "eps_4q_growth_year": 70.12,
            "roe": 0.16,
            "roe_4q": 7.28,
            "gross_profit": 65302,
            "gross_margin": 70.07,
            "gross_margin_4q_avg": 72.6,
            "net_income": 1050,
            "net_income_4q": null,
            "revenue": 93191,
            "revenue_4q": null,
            "common_shares": 452000,
            "book_valuer_per_share": 15.58,
            "book_valuer_per_share_4q_avg": 15.31,
            "equity": 657657,
            "current_ratio": 511.77,
            "debt_ratio": 17.74,
            "inventory_turnover_ratio": 0.14,
            "account_receivable_turnover_ratio": 1.55,
            "reinvestment_rate": 357.46,
            "research_to_sale_ratio": 4.58,
            "price_fair": 50.3,
            "eps_avg_yearly": 1.44,
            "eps_latest_yearly": 0.08,
            "eps_growth_yearly": 237.93
        },
        "20104": {
            "year_quarter": 20104,
            "year": 2010,
            "quarter": 4,
            "eps": 0.33,
            "eps_growth_year": -37.57,
            "eps_4q": 0.95,
            "eps_4q_growth_year": -1.85,
            "roe": 2.13,
            "roe_4q": 6.03,
            "gross_profit": 88075,
            "gross_margin": 71.7,
            "gross_margin_4q_avg": 72.19,
            "net_income": 13963,
            "net_income_4q": null,
            "revenue": 122841,
            "revenue_4q": null,
            "common_shares": 452000,
            "book_valuer_per_share": 15.44,
            "book_valuer_per_share_4q_avg": 15.47,
            "equity": 651537,
            "current_ratio": 449.84,
            "debt_ratio": 19.76,
            "inventory_turnover_ratio": 0.17,
            "account_receivable_turnover_ratio": 1.85,
            "reinvestment_rate": 299.55,
            "research_to_sale_ratio": 3.64,
            "price_fair": 48.2,
            "eps_avg_yearly": 1.38,
            "eps_latest_yearly": 1.32,
            "eps_growth_yearly": 662.6
        },
        "20111": {
            "year_quarter": 20111,
            "year": 2011,
            "quarter": 1,
            "eps": 0.32,
            "eps_growth_year": -25.58,
            "eps_4q": 0.84,
            "eps_4q_growth_year": -26.76,
            "roe": 2.02,
            "roe_4q": 5.390000000000001,
            "gross_profit": 82876,
            "gross_margin": 69.73,
            "gross_margin_4q_avg": 71.4,
            "net_income": 13317,
            "net_income_4q": null,
            "revenue": 118856,
            "revenue_4q": null,
            "common_shares": 452000,
            "book_valuer_per_share": 15.88,
            "book_valuer_per_share_4q_avg": 15.65,
            "equity": 670152,
            "current_ratio": 585.38,
            "debt_ratio": 16.83,
            "inventory_turnover_ratio": 0.18,
            "account_receivable_turnover_ratio": 1.77,
            "reinvestment_rate": 394.77,
            "research_to_sale_ratio": 3.2,
            "price_fair": 41.7,
            "eps_avg_yearly": 1.19,
            "eps_latest_yearly": 1.28,
            "eps_growth_yearly": 638.99
        },
        "20112": {
            "year_quarter": 20112,
            "year": 2011,
            "quarter": 2,
            "eps": -0.17,
            "eps_growth_year": -200.5,
            "eps_4q": 0.43,
            "eps_4q_growth_year": -63.74,
            "roe": -1.15,
            "roe_4q": 3.16,
            "gross_profit": 78802,
            "gross_margin": 71.74,
            "gross_margin_4q_avg": 70.81,
            "net_income": -8123,
            "net_income_4q": null,
            "revenue": 109845,
            "revenue_4q": null,
            "common_shares": 452000,
            "book_valuer_per_share": 16.53,
            "book_valuer_per_share_4q_avg": 15.86,
            "equity": 747287,
            "current_ratio": 472.81,
            "debt_ratio": 19.31,
            "inventory_turnover_ratio": 0.15,
            "account_receivable_turnover_ratio": 1.73,
            "reinvestment_rate": 451.6,
            "research_to_sale_ratio": 3.29,
            "price_fair": 41.03,
            "eps_avg_yearly": 1.17,
            "eps_latest_yearly": 1.28,
            "eps_growth_yearly": 707.49
        },
        "20113": {
            "year_quarter": 20113,
            "year": 2011,
            "quarter": 3,
            "eps": 0.1,
            "eps_growth_year": 313.88,
            "eps_4q": 0.51,
            "eps_4q_growth_year": -55.63,
            "roe": 0.63,
            "roe_4q": 3.63,
            "gross_profit": 76661,
            "gross_margin": 70.43,
            "gross_margin_4q_avg": 70.9,
            "net_income": 4841,
            "net_income_4q": null,
            "revenue": 108844,
            "revenue_4q": null,
            "common_shares": 470080,
            "book_valuer_per_share": 16.63,
            "book_valuer_per_share_4q_avg": 16.12,
            "equity": 781863,
            "current_ratio": 623.3,
            "debt_ratio": 15.97,
            "inventory_turnover_ratio": 0.15,
            "account_receivable_turnover_ratio": 1.59,
            "reinvestment_rate": 483.36,
            "research_to_sale_ratio": 3.26,
            "price_fair": 42.58,
            "eps_avg_yearly": 1.22,
            "eps_latest_yearly": 1.28,
            "eps_growth_yearly": 784.97
        },
        "20114": {
            "year_quarter": 20114,
            "year": 2011,
            "quarter": 4,
            "eps": 0.39,
            "eps_growth_year": 17.09,
            "eps_4q": 0.61,
            "eps_4q_growth_year": -36.48,
            "roe": 2.28,
            "roe_4q": 3.78,
            "gross_profit": 107048,
            "gross_margin": 69.79,
            "gross_margin_4q_avg": 70.42,
            "net_income": 17799,
            "net_income_4q": null,
            "revenue": 153377,
            "revenue_4q": null,
            "common_shares": 470080,
            "book_valuer_per_share": 16.94,
            "book_valuer_per_share_4q_avg": 16.5,
            "equity": 778218,
            "current_ratio": 430.16,
            "debt_ratio": 20.48,
            "inventory_turnover_ratio": 0.2,
            "account_receivable_turnover_ratio": 1.77,
            "reinvestment_rate": 406.9,
            "research_to_sale_ratio": 2.36,
            "price_fair": 38.03,
            "eps_avg_yearly": 1.09,
            "eps_latest_yearly": 1.56,
            "eps_growth_yearly": 752.47
        },
        "20121": {
            "year_quarter": 20121,
            "year": 2012,
            "quarter": 1,
            "eps": 0.27,
            "eps_growth_year": -15.62,
            "eps_4q": 0.6,
            "eps_4q_growth_year": -29.27,
            "roe": 1.6,
            "roe_4q": 3.36,
            "gross_profit": 92783,
            "gross_margin": 70.68,
            "gross_margin_4q_avg": 70.66,
            "net_income": 12329,
            "net_income_4q": null,
            "revenue": 131274,
            "revenue_4q": null,
            "common_shares": 470080,
            "book_valuer_per_share": 16.86,
            "book_valuer_per_share_4q_avg": 16.74,
            "equity": 758797,
            "current_ratio": 557.5,
            "debt_ratio": 17.26,
            "inventory_turnover_ratio": 0.16,
            "account_receivable_turnover_ratio": 1.54,
            "reinvestment_rate": 409.77,
            "research_to_sale_ratio": 2.45,
            "price_fair": 35.7,
            "eps_avg_yearly": 1.02,
            "eps_latest_yearly": 1.08,
            "eps_growth_yearly": 755.46
        },
        "20122": {
            "year_quarter": 20122,
            "year": 2012,
            "quarter": 2,
            "eps": 0.18,
            "eps_growth_year": null,
            "eps_4q": 0.92,
            "eps_4q_growth_year": 115.14,
            "roe": 1.13,
            "roe_4q": 5.64,
            "gross_profit": 83915,
            "gross_margin": 70.76,
            "gross_margin_4q_avg": 70.42,
            "net_income": 8527,
            "net_income_4q": null,
            "revenue": 118591,
            "revenue_4q": null,
            "common_shares": 470080,
            "book_valuer_per_share": 16.56,
            "book_valuer_per_share_4q_avg": 16.75,
            "equity": 745547,
            "current_ratio": 468.16,
            "debt_ratio": 19.3,
            "inventory_turnover_ratio": 0.14,
            "account_receivable_turnover_ratio": 1.62,
            "reinvestment_rate": 390.57,
            "research_to_sale_ratio": 2.6,
            "price_fair": 36.05,
            "eps_avg_yearly": 1.03,
            "eps_latest_yearly": 0.72,
            "eps_growth_yearly": 767.04
        },
        "20123": {
            "year_quarter": 20123,
            "year": 2012,
            "quarter": 3,
            "eps": -0.01,
            "eps_growth_year": -112.88,
            "eps_4q": 0.81,
            "eps_4q_growth_year": 58.39,
            "roe": -0.08,
            "roe_4q": 4.93,
            "gross_profit": 74626,
            "gross_margin": 71.34,
            "gross_margin_4q_avg": 70.64,
            "net_income": -624,
            "net_income_4q": null,
            "revenue": 104608,
            "revenue_4q": null,
            "common_shares": 490334,
            "book_valuer_per_share": 15.65,
            "book_valuer_per_share_4q_avg": 16.5,
            "equity": 736147,
            "current_ratio": 432.44,
            "debt_ratio": 20.55,
            "inventory_turnover_ratio": 0.12,
            "account_receivable_turnover_ratio": 1.46,
            "reinvestment_rate": 314.59,
            "research_to_sale_ratio": 3.55,
            "price_fair": 36.05,
            "eps_avg_yearly": 1.03,
            "eps_latest_yearly": 0.72,
            "eps_growth_yearly": 767.04
        },
        "20124": {
            "year_quarter": 20124,
            "year": 2012,
            "quarter": 4,
            "eps": 0.33,
            "eps_growth_year": -15.99,
            "eps_4q": 0.76,
            "eps_4q_growth_year": 24.72,
            "roe": 2.06,
            "roe_4q": 4.71,
            "gross_profit": 100779,
            "gross_margin": 68.1,
            "gross_margin_4q_avg": 70.22,
            "net_income": 15308,
            "net_income_4q": null,
            "revenue": 147983,
            "revenue_4q": null,
            "common_shares": 490334,
            "book_valuer_per_share": 15.98,
            "book_valuer_per_share_4q_avg": 16.26,
            "equity": 751649,
            "current_ratio": 524.11,
            "debt_ratio": 18.43,
            "inventory_turnover_ratio": 0.19,
            "account_receivable_turnover_ratio": 1.99,
            "reinvestment_rate": 282.33,
            "research_to_sale_ratio": 3.07,
            "price_fair": 36.05,
            "eps_avg_yearly": 1.03,
            "eps_latest_yearly": 0.72,
            "eps_growth_yearly": 767.04
        },
        "20131": {
            "year_quarter": 20131,
            "year": 2013,
            "quarter": 1,
            "eps": 0.05,
            "eps_growth_year": -81.48,
            "eps_4q": 0.54,
            "eps_4q_growth_year": -9.59,
            "roe": 0.28,
            "roe_4q": 3.3899999999999997,
            "gross_profit": 103663,
            "gross_margin": 73.92,
            "gross_margin_4q_avg": 71.03,
            "net_income": 2153,
            "net_income_4q": null,
            "revenue": 140237,
            "revenue_4q": null,
            "common_shares": 490334,
            "book_valuer_per_share": 16.17,
            "book_valuer_per_share_4q_avg": 16.09,
            "equity": 760342,
            "current_ratio": 624.18,
            "debt_ratio": 16.99,
            "inventory_turnover_ratio": 0.15,
            "account_receivable_turnover_ratio": 1.9,
            "reinvestment_rate": 14.58,
            "research_to_sale_ratio": 2.71,
            "price_fair": 33.72,
            "eps_avg_yearly": 0.96,
            "eps_latest_yearly": 0.2,
            "eps_growth_yearly": 734.21
        },
        "20132": {
            "year_quarter": 20132,
            "year": 2013,
            "quarter": 2,
            "eps": 0.02,
            "eps_growth_year": -88.97,
            "eps_4q": 0.34,
            "eps_4q_growth_year": -63.16,
            "roe": -0.11,
            "roe_4q": 2.15,
            "gross_profit": 89917,
            "gross_margin": 73.26,
            "gross_margin_4q_avg": 71.66,
            "net_income": -811,
            "net_income_4q": null,
            "revenue": 122739,
            "revenue_4q": null,
            "common_shares": 490334,
            "book_valuer_per_share": 15.67,
            "book_valuer_per_share_4q_avg": 15.87,
            "equity": 736862,
            "current_ratio": 476.77,
            "debt_ratio": 20.06,
            "inventory_turnover_ratio": 0.13,
            "account_receivable_turnover_ratio": 1.81,
            "reinvestment_rate": 24.99,
            "research_to_sale_ratio": 3.19,
            "price_fair": 32.32,
            "eps_avg_yearly": 0.92,
            "eps_latest_yearly": 0.08,
            "eps_growth_yearly": 728.88
        },
        "20133": {
            "year_quarter": 20133,
            "year": 2013,
            "quarter": 3,
            "eps": -0.11,
            "eps_growth_year": null,
            "eps_4q": 0.24,
            "eps_4q_growth_year": -70.34,
            "roe": -0.73,
            "roe_4q": 1.5,
            "gross_profit": 86720,
            "gross_margin": 73.74,
            "gross_margin_4q_avg": 72.26,
            "net_income": -5370,
            "net_income_4q": null,
            "revenue": 117603,
            "revenue_4q": null,
            "common_shares": 490334,
            "book_valuer_per_share": 15.48,
            "book_valuer_per_share_4q_avg": 15.83,
            "equity": 727964,
            "current_ratio": 532.08,
            "debt_ratio": 18.9,
            "inventory_turnover_ratio": 0.12,
            "account_receivable_turnover_ratio": 1.77,
            "reinvestment_rate": 15.1,
            "research_to_sale_ratio": 2.04,
            "price_fair": 34.49,
            "eps_avg_yearly": 0.99,
            "eps_latest_yearly": 0.08,
            "eps_growth_yearly": 815.92
        },
        "20134": {
            "year_quarter": 20134,
            "year": 2013,
            "quarter": 4,
            "eps": 0.35,
            "eps_growth_year": 7.13,
            "eps_4q": 0.26,
            "eps_4q_growth_year": -65.19,
            "roe": 2.22,
            "roe_4q": 1.6600000000000001,
            "gross_profit": 124779,
            "gross_margin": 74.67,
            "gross_margin_4q_avg": 73.9,
            "net_income": 16399,
            "net_income_4q": null,
            "revenue": 167097,
            "revenue_4q": null,
            "common_shares": 490334,
            "book_valuer_per_share": 15.99,
            "book_valuer_per_share_4q_avg": 15.83,
            "equity": 752041,
            "current_ratio": 579.9,
            "debt_ratio": 17.86,
            "inventory_turnover_ratio": 0.16,
            "account_receivable_turnover_ratio": 2.16,
            "reinvestment_rate": -338.47,
            "research_to_sale_ratio": 1.15,
            "price_fair": 30.52,
            "eps_avg_yearly": 0.87,
            "eps_latest_yearly": 0.08,
            "eps_growth_yearly": 584.18
        },
        "20141": {
            "year_quarter": 20141,
            "year": 2014,
            "quarter": 1,
            "eps": 0.1,
            "eps_growth_year": 100,
            "eps_4q": 0.31,
            "eps_4q_growth_year": -42,
            "roe": 0.6,
            "roe_4q": 1.9800000000000002,
            "gross_profit": 105401,
            "gross_margin": 76.29,
            "gross_margin_4q_avg": 74.49,
            "net_income": 4492,
            "net_income_4q": null,
            "revenue": 138163,
            "revenue_4q": null,
            "common_shares": 490334,
            "book_valuer_per_share": 16.1,
            "book_valuer_per_share_4q_avg": 15.81,
            "equity": 757418,
            "current_ratio": 685.9,
            "debt_ratio": 16.22,
            "inventory_turnover_ratio": 0.13,
            "account_receivable_turnover_ratio": 1.73,
            "reinvestment_rate": -391.14,
            "research_to_sale_ratio": 1.24,
            "price_fair": 25.9,
            "eps_avg_yearly": 0.74,
            "eps_latest_yearly": 0.4,
            "eps_growth_yearly": 563.16
        },
        "20142": {
            "year_quarter": 20142,
            "year": 2014,
            "quarter": 2,
            "eps": -0.08,
            "eps_growth_year": -500,
            "eps_4q": 0.25,
            "eps_4q_growth_year": -27.67,
            "roe": -0.53,
            "roe_4q": 1.56,
            "gross_profit": 93677,
            "gross_margin": 77.25,
            "gross_margin_4q_avg": 75.49,
            "net_income": -3930,
            "net_income_4q": null,
            "revenue": 121259,
            "revenue_4q": null,
            "common_shares": 490334,
            "book_valuer_per_share": 15.28,
            "book_valuer_per_share_4q_avg": 15.71,
            "equity": 718644,
            "current_ratio": 485.5,
            "debt_ratio": 20.1,
            "inventory_turnover_ratio": 0.11,
            "account_receivable_turnover_ratio": 1.79,
            "reinvestment_rate": -481.77,
            "research_to_sale_ratio": 1.33,
            "price_fair": 26.13,
            "eps_avg_yearly": 0.75,
            "eps_latest_yearly": 0.4,
            "eps_growth_yearly": 652.6
        },
        "20143": {
            "year_quarter": 20143,
            "year": 2014,
            "quarter": 3,
            "eps": -0.22,
            "eps_growth_year": null,
            "eps_4q": 0.14,
            "eps_4q_growth_year": -41.73,
            "roe": -1.45,
            "roe_4q": 0.8400000000000003,
            "gross_profit": 77263,
            "gross_margin": 78.8,
            "gross_margin_4q_avg": 76.75,
            "net_income": -10388,
            "net_income_4q": null,
            "revenue": 98045,
            "revenue_4q": null,
            "common_shares": 490334,
            "book_valuer_per_share": 15.25,
            "book_valuer_per_share_4q_avg": 15.66,
            "equity": 717072,
            "current_ratio": 473.97,
            "debt_ratio": 20.34,
            "inventory_turnover_ratio": 0.08,
            "account_receivable_turnover_ratio": 1.59,
            "reinvestment_rate": -535.98,
            "research_to_sale_ratio": 1.62,
            "price_fair": 29.05,
            "eps_avg_yearly": 0.83,
            "eps_latest_yearly": 0.4,
            "eps_growth_yearly": 778.3
        },
        "20144": {
            "year_quarter": 20144,
            "year": 2014,
            "quarter": 4,
            "eps": 0.23,
            "eps_growth_year": -34.36,
            "eps_4q": 0.02,
            "eps_4q_growth_year": -92.42,
            "roe": 1.48,
            "roe_4q": 0.09999999999999998,
            "gross_profit": 103462,
            "gross_margin": 71.1,
            "gross_margin_4q_avg": 75.86,
            "net_income": 10764,
            "net_income_4q": null,
            "revenue": 145519,
            "revenue_4q": null,
            "common_shares": 490334,
            "book_valuer_per_share": 15.7,
            "book_valuer_per_share_4q_avg": 15.58,
            "equity": 738642,
            "current_ratio": 459.75,
            "debt_ratio": 20.85,
            "inventory_turnover_ratio": 0.15,
            "account_receivable_turnover_ratio": 2.08,
            "reinvestment_rate": -527.19,
            "research_to_sale_ratio": 1.15,
            "price_fair": 10.46,
            "eps_avg_yearly": 0.76,
            "eps_latest_yearly": 0.4,
            "eps_growth_yearly": 3.77
        },
        "20151": {
            "year_quarter": 20151,
            "year": 2015,
            "quarter": 1,
            "eps": -0.25,
            "eps_growth_year": -350,
            "eps_4q": -0.33,
            "eps_4q_growth_year": -203.98,
            "roe": -1.61,
            "roe_4q": -2.1100000000000003,
            "gross_profit": 75106,
            "gross_margin": 68.43,
            "gross_margin_4q_avg": 73.9,
            "net_income": -11741,
            "net_income_4q": null,
            "revenue": 109758,
            "revenue_4q": null,
            "common_shares": 470334,
            "book_valuer_per_share": 15.38,
            "book_valuer_per_share_4q_avg": 15.4,
            "equity": 723466,
            "current_ratio": 504.19,
            "debt_ratio": 19.66,
            "inventory_turnover_ratio": 0.13,
            "account_receivable_turnover_ratio": 1.45,
            "reinvestment_rate": -819.17,
            "research_to_sale_ratio": 1.52,
            "price_fair": 11.05,
            "eps_avg_yearly": 0.67,
            "eps_latest_yearly": 0.4,
            "eps_growth_yearly": 6.41
        },
        "20152": {
            "year_quarter": 20152,
            "year": 2015,
            "quarter": 2,
            "eps": -0.38,
            "eps_growth_year": null,
            "eps_4q": -0.62,
            "eps_4q_growth_year": -350.54,
            "roe": -2.51,
            "roe_4q": -4.09,
            "gross_profit": 67968,
            "gross_margin": 68.61,
            "gross_margin_4q_avg": 71.74,
            "net_income": -17675,
            "net_income_4q": null,
            "revenue": 99058,
            "revenue_4q": null,
            "common_shares": 470334,
            "book_valuer_per_share": 14.6,
            "book_valuer_per_share_4q_avg": 15.23,
            "equity": 686719,
            "current_ratio": 449.89,
            "debt_ratio": 21.23,
            "inventory_turnover_ratio": 0.12,
            "account_receivable_turnover_ratio": 1.59,
            "reinvestment_rate": -1030.68,
            "research_to_sale_ratio": 1.34,
            "price_fair": 11.05,
            "eps_avg_yearly": 0.67,
            "eps_latest_yearly": 0.4,
            "eps_growth_yearly": 6.41
        },
        "20153": {
            "year_quarter": 20153,
            "year": 2015,
            "quarter": 3,
            "eps": -0.45,
            "eps_growth_year": null,
            "eps_4q": -0.86,
            "eps_4q_growth_year": -711.99,
            "roe": -3.16,
            "roe_4q": -5.800000000000001,
            "gross_profit": 49493,
            "gross_margin": 63.38,
            "gross_margin_4q_avg": 67.88,
            "net_income": -21574,
            "net_income_4q": null,
            "revenue": 78087,
            "revenue_4q": null,
            "common_shares": 470334,
            "book_valuer_per_share": 14.42,
            "book_valuer_per_share_4q_avg": 15.03,
            "equity": 678153,
            "current_ratio": 406.09,
            "debt_ratio": 22.86,
            "inventory_turnover_ratio": 0.11,
            "account_receivable_turnover_ratio": 1.52,
            "reinvestment_rate": -3019.73,
            "research_to_sale_ratio": 2.23,
            "price_fair": 11.05,
            "eps_avg_yearly": 0.67,
            "eps_latest_yearly": 0.4,
            "eps_growth_yearly": 6.41
        },
        "20154": {
            "year_quarter": 20154,
            "year": 2015,
            "quarter": 4,
            "eps": -0.19,
            "eps_growth_year": -181.61,
            "eps_4q": -1.27,
            "eps_4q_growth_year": -6472.69,
            "roe": -1.32,
            "roe_4q": -8.6,
            "gross_profit": 69643,
            "gross_margin": 68.08,
            "gross_margin_4q_avg": 67.13,
            "net_income": -8785,
            "net_income_4q": null,
            "revenue": 102289,
            "revenue_4q": null,
            "common_shares": 470334,
            "book_valuer_per_share": 13.97,
            "book_valuer_per_share_4q_avg": 14.59,
            "equity": 657152,
            "current_ratio": 434.24,
            "debt_ratio": 22.24,
            "inventory_turnover_ratio": 0.13,
            "account_receivable_turnover_ratio": 1.97,
            "reinvestment_rate": null,
            "research_to_sale_ratio": 1.86,
            "price_fair": 1.49,
            "eps_avg_yearly": 0.5,
            "eps_latest_yearly": 0.4,
            "eps_growth_yearly": -224.3
        },
        "20161": {
            "year_quarter": 20161,
            "year": 2016,
            "quarter": 1,
            "eps": -0.14,
            "eps_growth_year": null,
            "eps_4q": -1.16,
            "eps_4q_growth_year": null,
            "roe": -1,
            "roe_4q": -7.99,
            "gross_profit": 62984,
            "gross_margin": 67.49,
            "gross_margin_4q_avg": 66.89,
            "net_income": -6553,
            "net_income_4q": null,
            "revenue": 93322,
            "revenue_4q": null,
            "common_shares": 470334,
            "book_valuer_per_share": 13.81,
            "book_valuer_per_share_4q_avg": 14.2,
            "equity": 649452,
            "current_ratio": 525.04,
            "debt_ratio": 19.61,
            "inventory_turnover_ratio": 0.12,
            "account_receivable_turnover_ratio": 1.83,
            "reinvestment_rate": null,
            "research_to_sale_ratio": 3.18,
            "price_fair": 1.05,
            "eps_avg_yearly": 0.35,
            "eps_latest_yearly": 0.4,
            "eps_growth_yearly": -249.61
        },
        "20162": {
            "year_quarter": 20162,
            "year": 2016,
            "quarter": 2,
            "eps": -0.14,
            "eps_growth_year": null,
            "eps_4q": -0.92,
            "eps_4q_growth_year": null,
            "roe": -1,
            "roe_4q": -6.48,
            "gross_profit": 55278,
            "gross_margin": 75.12,
            "gross_margin_4q_avg": 68.52,
            "net_income": -6431,
            "net_income_4q": null,
            "revenue": 73588,
            "revenue_4q": null,
            "common_shares": 470334,
            "book_valuer_per_share": 13.5,
            "book_valuer_per_share_4q_avg": 13.93,
            "equity": 635152,
            "current_ratio": 539.9,
            "debt_ratio": 19.42,
            "inventory_turnover_ratio": 0.08,
            "account_receivable_turnover_ratio": 1.77,
            "reinvestment_rate": null,
            "research_to_sale_ratio": 4.47,
            "price_fair": 0.68,
            "eps_avg_yearly": 0.23,
            "eps_latest_yearly": 0.4,
            "eps_growth_yearly": -288.37
        },
        "20163": {
            "year_quarter": 20163,
            "year": 2016,
            "quarter": 3,
            "eps": -0.28,
            "eps_growth_year": null,
            "eps_4q": -0.79,
            "eps_4q_growth_year": null,
            "roe": -2.14,
            "roe_4q": -5.460000000000001,
            "gross_profit": 48657,
            "gross_margin": 63.44,
            "gross_margin_4q_avg": 68.53,
            "net_income": -12993,
            "net_income_4q": null,
            "revenue": 76696,
            "revenue_4q": null,
            "common_shares": 470334,
            "book_valuer_per_share": 13.09,
            "book_valuer_per_share_4q_avg": 13.59,
            "equity": 576583,
            "current_ratio": 499.32,
            "debt_ratio": 20.56,
            "inventory_turnover_ratio": 0.12,
            "account_receivable_turnover_ratio": 2.15,
            "reinvestment_rate": null,
            "research_to_sale_ratio": 3.64,
            "price_fair": 0.68,
            "eps_avg_yearly": 0.23,
            "eps_latest_yearly": 0.4,
            "eps_growth_yearly": -288.37
        },
        "20164": {
            "year_quarter": 20164,
            "year": 2016,
            "quarter": 4,
            "eps": 0,
            "eps_growth_year": null,
            "eps_4q": -0.59,
            "eps_4q_growth_year": null,
            "roe": 0.03,
            "roe_4q": -4.11,
            "gross_profit": 63123,
            "gross_margin": 70.34,
            "gross_margin_4q_avg": 69.1,
            "net_income": 192,
            "net_income_4q": null,
            "revenue": 89739,
            "revenue_4q": null,
            "common_shares": 470334,
            "book_valuer_per_share": 13.04,
            "book_valuer_per_share_4q_avg": 13.36,
            "equity": 574114,
            "current_ratio": 519.6,
            "debt_ratio": 19.47,
            "inventory_turnover_ratio": 0.11,
            "account_receivable_turnover_ratio": 2.4,
            "reinvestment_rate": null,
            "research_to_sale_ratio": 2.68,
            "price_fair": 0.68,
            "eps_avg_yearly": 0.23,
            "eps_latest_yearly": 0.4,
            "eps_growth_yearly": -288.37
        },
        "20171": {
            "year_quarter": 20171,
            "year": 2017,
            "quarter": 1,
            "eps": -0.18,
            "eps_growth_year": null,
            "eps_4q": -0.62,
            "eps_4q_growth_year": null,
            "roe": -1.41,
            "roe_4q": -4.52,
            "gross_profit": 52957,
            "gross_margin": 70.32,
            "gross_margin_4q_avg": 69.81,
            "net_income": -7961,
            "net_income_4q": null,
            "revenue": 75306,
            "revenue_4q": null,
            "common_shares": 470334,
            "book_valuer_per_share": 12.59,
            "book_valuer_per_share_4q_avg": 13.06,
            "equity": 554244,
            "current_ratio": 745.99,
            "debt_ratio": 15.79,
            "inventory_turnover_ratio": 0.1,
            "account_receivable_turnover_ratio": 1.99,
            "reinvestment_rate": null,
            "research_to_sale_ratio": 3.45,
            "price_fair": 0.72,
            "eps_avg_yearly": 0.24,
            "eps_latest_yearly": 0.4,
            "eps_growth_yearly": -262.86
        },
        "20172": {
            "year_quarter": 20172,
            "year": 2017,
            "quarter": 2,
            "eps": -0.16,
            "eps_growth_year": null,
            "eps_4q": -0.64,
            "eps_4q_growth_year": null,
            "roe": -1.31,
            "roe_4q": -4.83,
            "gross_profit": 48037,
            "gross_margin": 72.45,
            "gross_margin_4q_avg": 69.14,
            "net_income": -7226,
            "net_income_4q": null,
            "revenue": 66303,
            "revenue_4q": null,
            "common_shares": 470334,
            "book_valuer_per_share": 12.53,
            "book_valuer_per_share_4q_avg": 12.81,
            "equity": 551598,
            "current_ratio": 699.06,
            "debt_ratio": 16.19,
            "inventory_turnover_ratio": 0.08,
            "account_receivable_turnover_ratio": 2.01,
            "reinvestment_rate": null,
            "research_to_sale_ratio": 3.24,
            "price_fair": 1.2,
            "eps_avg_yearly": 0.4,
            "eps_latest_yearly": 0.4,
            "eps_growth_yearly": -285.71
        },
        "20173": {
            "year_quarter": 20173,
            "year": 2017,
            "quarter": 3,
            "eps": -0.18,
            "eps_growth_year": null,
            "eps_4q": -0.52,
            "eps_4q_growth_year": null,
            "roe": -1.4,
            "roe_4q": -4.09,
            "gross_profit": 46513,
            "gross_margin": 71.82,
            "gross_margin_4q_avg": 71.23,
            "net_income": -7718,
            "net_income_4q": null,
            "revenue": 64760,
            "revenue_4q": null,
            "common_shares": 470334,
            "book_valuer_per_share": 12.44,
            "book_valuer_per_share_4q_avg": 12.65,
            "equity": 547648,
            "current_ratio": 531.58,
            "debt_ratio": 18.89,
            "inventory_turnover_ratio": 0.08,
            "account_receivable_turnover_ratio": 2.07,
            "reinvestment_rate": null,
            "research_to_sale_ratio": 3.21,
            "price_fair": 1.2,
            "eps_avg_yearly": 0.4,
            "eps_latest_yearly": 0.4,
            "eps_growth_yearly": -285.71
        },
        "20174": {
            "year_quarter": 20174,
            "year": 2017,
            "quarter": 4,
            "eps": 0.06,
            "eps_growth_year": 1330.83,
            "eps_4q": -0.46,
            "eps_4q_growth_year": null,
            "roe": 0.5,
            "roe_4q": -3.62,
            "gross_profit": 61915,
            "gross_margin": 71.65,
            "gross_margin_4q_avg": 71.56,
            "net_income": 2747,
            "net_income_4q": null,
            "revenue": 86414,
            "revenue_4q": null,
            "common_shares": 470334,
            "book_valuer_per_share": 12.47,
            "book_valuer_per_share_4q_avg": 12.51,
            "equity": 549073,
            "current_ratio": 683.12,
            "debt_ratio": 16.59,
            "inventory_turnover_ratio": 0.11,
            "account_receivable_turnover_ratio": 2.76,
            "reinvestment_rate": null,
            "research_to_sale_ratio": 2.3,
            "price_fair": 1.2,
            "eps_avg_yearly": 0.4,
            "eps_latest_yearly": 0.4,
            "eps_growth_yearly": -285.71
        },
        "20181": {
            "year_quarter": 20181,
            "year": 2018,
            "quarter": 1,
            "eps": -0.15,
            "eps_growth_year": null,
            "eps_4q": -0.43,
            "eps_4q_growth_year": null,
            "roe": -1.19,
            "roe_4q": -3.4,
            "gross_profit": 46095,
            "gross_margin": 70.76,
            "gross_margin_4q_avg": 71.67,
            "net_income": -6546,
            "net_income_4q": null,
            "revenue": 65145,
            "revenue_4q": null,
            "common_shares": 470334,
            "book_valuer_per_share": 12.43,
            "book_valuer_per_share_4q_avg": 12.47,
            "equity": 547357,
            "current_ratio": 706,
            "debt_ratio": 16.18,
            "inventory_turnover_ratio": 0.09,
            "account_receivable_turnover_ratio": 2.06,
            "reinvestment_rate": null,
            "research_to_sale_ratio": 2.71,
            "price_fair": 0,
            "eps_avg_yearly": 0,
            "eps_latest_yearly": 0,
            "eps_growth_yearly": 0
        },
        "20182": {
            "year_quarter": 20182,
            "year": 2018,
            "quarter": 2,
            "eps": -0.17,
            "eps_growth_year": null,
            "eps_4q": -0.43,
            "eps_4q_growth_year": null,
            "roe": -1.4,
            "roe_4q": -3.4899999999999998,
            "gross_profit": 44750,
            "gross_margin": 68.57,
            "gross_margin_4q_avg": 70.7,
            "net_income": -7614,
            "net_income_4q": null,
            "revenue": 65260,
            "revenue_4q": null,
            "common_shares": 470334,
            "book_valuer_per_share": 12.19,
            "book_valuer_per_share_4q_avg": 12.38,
            "equity": 536560,
            "current_ratio": 686.58,
            "debt_ratio": 16.26,
            "inventory_turnover_ratio": 0.09,
            "account_receivable_turnover_ratio": 2.18,
            "reinvestment_rate": null,
            "research_to_sale_ratio": 2.8,
            "price_fair": 0,
            "eps_avg_yearly": 0,
            "eps_latest_yearly": 0,
            "eps_growth_yearly": 0
        },
        "20183": {
            "year_quarter": 20183,
            "year": 2018,
            "quarter": 3,
            "eps": -0.21,
            "eps_growth_year": null,
            "eps_4q": -0.47,
            "eps_4q_growth_year": null,
            "roe": -1.74,
            "roe_4q": -3.83,
            "gross_profit": 44975,
            "gross_margin": 72.03,
            "gross_margin_4q_avg": 70.75,
            "net_income": -9195,
            "net_income_4q": null,
            "revenue": 62441,
            "revenue_4q": null,
            "common_shares": 470334,
            "book_valuer_per_share": 11.79,
            "book_valuer_per_share_4q_avg": 12.22,
            "equity": 519050,
            "current_ratio": 517.8,
            "debt_ratio": 19.24,
            "inventory_turnover_ratio": 0.08,
            "account_receivable_turnover_ratio": 2.07,
            "reinvestment_rate": null,
            "research_to_sale_ratio": 2.83,
            "price_fair": 0,
            "eps_avg_yearly": 0,
            "eps_latest_yearly": 0,
            "eps_growth_yearly": 0
        },
        "20184": {
            "year_quarter": 20184,
            "year": 2018,
            "quarter": 4,
            "eps": -0.01,
            "eps_growth_year": -121.77,
            "eps_4q": -0.54,
            "eps_4q_growth_year": null,
            "roe": -0.12,
            "roe_4q": -4.449999999999999,
            "gross_profit": 56464,
            "gross_margin": 69.05,
            "gross_margin_4q_avg": 70.1,
            "net_income": -598,
            "net_income_4q": null,
            "revenue": 81771,
            "revenue_4q": null,
            "common_shares": 470334,
            "book_valuer_per_share": 11.83,
            "book_valuer_per_share_4q_avg": 12.06,
            "equity": 520742,
            "current_ratio": 462.49,
            "debt_ratio": 20.36,
            "inventory_turnover_ratio": 0.12,
            "account_receivable_turnover_ratio": 2.53,
            "reinvestment_rate": null,
            "research_to_sale_ratio": 2.31,
            "price_fair": 0,
            "eps_avg_yearly": 0,
            "eps_latest_yearly": 0,
            "eps_growth_yearly": 0
        },
        "20191": {
            "year_quarter": 20191,
            "year": 2019,
            "quarter": 1,
            "eps": -0.15,
            "eps_growth_year": null,
            "eps_4q": -0.54,
            "eps_4q_growth_year": null,
            "roe": -1.25,
            "roe_4q": -4.51,
            "gross_profit": 42304,
            "gross_margin": 71.02,
            "gross_margin_4q_avg": 70.17,
            "net_income": -6491,
            "net_income_4q": null,
            "revenue": 59569,
            "revenue_4q": null,
            "common_shares": 470334,
            "book_valuer_per_share": 11.8,
            "book_valuer_per_share_4q_avg": 11.9,
            "equity": 519749,
            "current_ratio": 637.3,
            "debt_ratio": 16.7,
            "inventory_turnover_ratio": 0.08,
            "account_receivable_turnover_ratio": 1.86,
            "reinvestment_rate": null,
            "research_to_sale_ratio": 3.14,
            "price_fair": 0,
            "eps_avg_yearly": 0,
            "eps_latest_yearly": 0,
            "eps_growth_yearly": 0
        },
        "20192": {
            "year_quarter": 20192,
            "year": 2019,
            "quarter": 2,
            "eps": -0.15,
            "eps_growth_year": null,
            "eps_4q": -0.52,
            "eps_4q_growth_year": null,
            "roe": -1.32,
            "roe_4q": -4.430000000000001,
            "gross_profit": 43185,
            "gross_margin": 71.16,
            "gross_margin_4q_avg": 70.82,
            "net_income": -6813,
            "net_income_4q": null,
            "revenue": 60684,
            "revenue_4q": null,
            "common_shares": 470334,
            "book_valuer_per_share": 11.58,
            "book_valuer_per_share_4q_avg": 11.75,
            "equity": 509946,
            "current_ratio": 642.67,
            "debt_ratio": 16.52,
            "inventory_turnover_ratio": 0.08,
            "account_receivable_turnover_ratio": 2.32,
            "reinvestment_rate": null,
            "research_to_sale_ratio": 2.68,
            "price_fair": 0,
            "eps_avg_yearly": 0,
            "eps_latest_yearly": 0,
            "eps_growth_yearly": 0
        },
        "20193": {
            "year_quarter": 20193,
            "year": 2019,
            "quarter": 3,
            "eps": -0.23,
            "eps_growth_year": null,
            "eps_4q": -0.54,
            "eps_4q_growth_year": null,
            "roe": -2,
            "roe_4q": -4.69,
            "gross_profit": 35109,
            "gross_margin": 74.22,
            "gross_margin_4q_avg": 71.36,
            "net_income": -10012,
            "net_income_4q": null,
            "revenue": 47307,
            "revenue_4q": null,
            "common_shares": 470334,
            "book_valuer_per_share": 11.17,
            "book_valuer_per_share_4q_avg": 11.6,
            "equity": 491750,
            "current_ratio": 441.06,
            "debt_ratio": 20.78,
            "inventory_turnover_ratio": 0.06,
            "account_receivable_turnover_ratio": 2.05,
            "reinvestment_rate": null,
            "research_to_sale_ratio": 3.01,
            "price_fair": 0,
            "eps_avg_yearly": 0,
            "eps_latest_yearly": 0,
            "eps_growth_yearly": 0
        },
        "20194": {
            "year_quarter": 20194,
            "year": 2019,
            "quarter": 4,
            "eps": 0.06,
            "eps_growth_year": null,
            "eps_4q": -0.47,
            "eps_4q_growth_year": null,
            "roe": 0.52,
            "roe_4q": -4.05,
            "gross_profit": 59943,
            "gross_margin": 71.06,
            "gross_margin_4q_avg": 71.87,
            "net_income": 2554,
            "net_income_4q": null,
            "revenue": 84354,
            "revenue_4q": null,
            "common_shares": 470334,
            "book_valuer_per_share": 11.19,
            "book_valuer_per_share_4q_avg": 11.44,
            "equity": 492629,
            "current_ratio": 580.36,
            "debt_ratio": 17.17,
            "inventory_turnover_ratio": 0.11,
            "account_receivable_turnover_ratio": 2.98,
            "reinvestment_rate": null,
            "research_to_sale_ratio": 1.72,
            "price_fair": 0,
            "eps_avg_yearly": 0,
            "eps_latest_yearly": 0,
            "eps_growth_yearly": 0
        },
        "20201": {
            "year_quarter": 20201,
            "year": 2020,
            "quarter": 1,
            "eps": -0.33,
            "eps_growth_year": null,
            "eps_4q": -0.65,
            "eps_4q_growth_year": null,
            "roe": -2.99,
            "roe_4q": -5.790000000000001,
            "gross_profit": 24173,
            "gross_margin": 67.27,
            "gross_margin_4q_avg": 70.93,
            "net_income": -14455,
            "net_income_4q": null,
            "revenue": 35935,
            "revenue_4q": null,
            "common_shares": 470334,
            "book_valuer_per_share": 10.81,
            "book_valuer_per_share_4q_avg": 11.19,
            "equity": 475824,
            "current_ratio": 639.83,
            "debt_ratio": 16.06,
            "inventory_turnover_ratio": 0.06,
            "account_receivable_turnover_ratio": 1.46,
            "reinvestment_rate": null,
            "research_to_sale_ratio": 4.92,
            "price_fair": 0,
            "eps_avg_yearly": 0,
            "eps_latest_yearly": 0,
            "eps_growth_yearly": 0
        },
        "20202": {
            "year_quarter": 20202,
            "year": 2020,
            "quarter": 2,
            "eps": -0.14,
            "eps_growth_year": null,
            "eps_4q": -0.64,
            "eps_4q_growth_year": null,
            "roe": -1.32,
            "roe_4q": -5.790000000000001,
            "gross_profit": 26199,
            "gross_margin": 66.63,
            "gross_margin_4q_avg": 69.8,
            "net_income": -6200,
            "net_income_4q": null,
            "revenue": 39321,
            "revenue_4q": null,
            "common_shares": 470334,
            "book_valuer_per_share": 10.6,
            "book_valuer_per_share_4q_avg": 10.94,
            "equity": 466735,
            "current_ratio": 628.87,
            "debt_ratio": 16.16,
            "inventory_turnover_ratio": 0.06,
            "account_receivable_turnover_ratio": 2.48,
            "reinvestment_rate": null,
            "research_to_sale_ratio": 4.59,
            "price_fair": 0,
            "eps_avg_yearly": 0,
            "eps_latest_yearly": 0,
            "eps_growth_yearly": 0
        },
        "20203": {
            "year_quarter": 20203,
            "year": 2020,
            "quarter": 3,
            "eps": -0.16,
            "eps_growth_year": null,
            "eps_4q": -0.57,
            "eps_4q_growth_year": null,
            "roe": -1.53,
            "roe_4q": -5.32,
            "gross_profit": 30368,
            "gross_margin": 71.15,
            "gross_margin_4q_avg": 69.03,
            "net_income": -7093,
            "net_income_4q": null,
            "revenue": 42683,
            "revenue_4q": null,
            "common_shares": 470334,
            "book_valuer_per_share": 10.52,
            "book_valuer_per_share_4q_avg": 10.78,
            "equity": 463192,
            "current_ratio": 466.65,
            "debt_ratio": 19.44,
            "inventory_turnover_ratio": 0.06,
            "account_receivable_turnover_ratio": 2.5,
            "reinvestment_rate": null,
            "research_to_sale_ratio": 3.27,
            "price_fair": 0,
            "eps_avg_yearly": 0,
            "eps_latest_yearly": 0,
            "eps_growth_yearly": 0
        },
        "20204": {
            "year_quarter": 20204,
            "year": 2020,
            "quarter": 4,
            "eps": -0.02,
            "eps_growth_year": -128.27,
            "eps_4q": -0.65,
            "eps_4q_growth_year": null,
            "roe": -0.15,
            "roe_4q": -5.99,
            "gross_profit": 40182,
            "gross_margin": 66.43,
            "gross_margin_4q_avg": 67.87,
            "net_income": -722,
            "net_income_4q": null,
            "revenue": 60488,
            "revenue_4q": null,
            "common_shares": 470334,
            "book_valuer_per_share": 10.66,
            "book_valuer_per_share_4q_avg": 10.65,
            "equity": 469579,
            "current_ratio": 469.9,
            "debt_ratio": 18.78,
            "inventory_turnover_ratio": 0.1,
            "account_receivable_turnover_ratio": 3.26,
            "reinvestment_rate": null,
            "research_to_sale_ratio": 2.06,
            "price_fair": 0,
            "eps_avg_yearly": 0,
            "eps_latest_yearly": 0,
            "eps_growth_yearly": 0
        },
        "20211": {
            "year_quarter": 20211,
            "year": 2021,
            "quarter": 1,
            "eps": -0.22,
            "eps_growth_year": null,
            "eps_4q": -0.54,
            "eps_4q_growth_year": null,
            "roe": -2.13,
            "roe_4q": -5.13,
            "gross_profit": 33274,
            "gross_margin": 67.57,
            "gross_margin_4q_avg": 67.95,
            "net_income": -9879,
            "net_income_4q": null,
            "revenue": 49245,
            "revenue_4q": null,
            "common_shares": 470334,
            "book_valuer_per_share": 10.41,
            "book_valuer_per_share_4q_avg": 10.55,
            "equity": 458247,
            "current_ratio": 871.41,
            "debt_ratio": 12.63,
            "inventory_turnover_ratio": 0.08,
            "account_receivable_turnover_ratio": 2.27,
            "reinvestment_rate": null,
            "research_to_sale_ratio": 3.04,
            "price_fair": 0,
            "eps_avg_yearly": 0,
            "eps_latest_yearly": 0,
            "eps_growth_yearly": 0
        },
        "20212": {
            "year_quarter": 20212,
            "year": 2021,
            "quarter": 2,
            "eps": -0.39,
            "eps_growth_year": null,
            "eps_4q": -0.79,
            "eps_4q_growth_year": null,
            "roe": -3.82,
            "roe_4q": -7.63,
            "gross_profit": 22020,
            "gross_margin": 67.07,
            "gross_margin_4q_avg": 68.06,
            "net_income": -17147,
            "net_income_4q": null,
            "revenue": 32833,
            "revenue_4q": null,
            "common_shares": 470334,
            "book_valuer_per_share": 9.98,
            "book_valuer_per_share_4q_avg": 10.39,
            "equity": 439641,
            "current_ratio": 822.14,
            "debt_ratio": 12.89,
            "inventory_turnover_ratio": 0.06,
            "account_receivable_turnover_ratio": 2.05,
            "reinvestment_rate": null,
            "research_to_sale_ratio": 5.07,
            "price_fair": 0,
            "eps_avg_yearly": 0,
            "eps_latest_yearly": 0,
            "eps_growth_yearly": 0
        },
        "20213": {
            "year_quarter": 20213,
            "year": 2021,
            "quarter": 3,
            "eps": -0.2,
            "eps_growth_year": null,
            "eps_4q": -0.83,
            "eps_4q_growth_year": null,
            "roe": -2.01,
            "roe_4q": -8.11,
            "gross_profit": 25930,
            "gross_margin": 64.19,
            "gross_margin_4q_avg": 66.32,
            "net_income": -8742,
            "net_income_4q": null,
            "revenue": 40397,
            "revenue_4q": null,
            "common_shares": 440334,
            "book_valuer_per_share": 9.78,
            "book_valuer_per_share_4q_avg": 10.21,
            "equity": 430730,
            "current_ratio": 749.13,
            "debt_ratio": 13.73,
            "inventory_turnover_ratio": 0.07,
            "account_receivable_turnover_ratio": 2.8,
            "reinvestment_rate": null,
            "research_to_sale_ratio": 4.25,
            "price_fair": 0,
            "eps_avg_yearly": 0,
            "eps_latest_yearly": 0,
            "eps_growth_yearly": 0
        },
        "20214": {
            "year_quarter": 20214,
            "year": 2021,
            "quarter": 4,
            "eps": 0.05,
            "eps_growth_year": null,
            "eps_4q": -0.76,
            "eps_4q_growth_year": null,
            "roe": 0.49,
            "roe_4q": -7.47,
            "gross_profit": 47344,
            "gross_margin": 58.31,
            "gross_margin_4q_avg": 64.29,
            "net_income": 2108,
            "net_income_4q": null,
            "revenue": 81196,
            "revenue_4q": null,
            "common_shares": 440334,
            "book_valuer_per_share": 9.88,
            "book_valuer_per_share_4q_avg": 10.01,
            "equity": 435230,
            "current_ratio": 584.65,
            "debt_ratio": 15.66,
            "inventory_turnover_ratio": 0.17,
            "account_receivable_turnover_ratio": 3.27,
            "reinvestment_rate": null,
            "research_to_sale_ratio": 1.71,
            "price_fair": 0,
            "eps_avg_yearly": 0,
            "eps_latest_yearly": 0,
            "eps_growth_yearly": 0
        },
        "20221": {
            "year_quarter": 20221,
            "year": 2022,
            "quarter": 1,
            "eps": -0.22,
            "eps_growth_year": null,
            "eps_4q": -0.76,
            "eps_4q_growth_year": null,
            "roe": -2.28,
            "roe_4q": -7.619999999999999,
            "gross_profit": 27270,
            "gross_margin": 56.4,
            "gross_margin_4q_avg": 61.49,
            "net_income": -9896,
            "net_income_4q": null,
            "revenue": 48350,
            "revenue_4q": null,
            "common_shares": 440334,
            "book_valuer_per_share": 9.82,
            "book_valuer_per_share_4q_avg": 9.87,
            "equity": 432209,
            "current_ratio": 617.39,
            "debt_ratio": 14.86,
            "inventory_turnover_ratio": 0.11,
            "account_receivable_turnover_ratio": 1.91,
            "reinvestment_rate": null,
            "research_to_sale_ratio": 3.1,
            "price_fair": 0,
            "eps_avg_yearly": 0,
            "eps_latest_yearly": 0,
            "eps_growth_yearly": 0
        },
        "20222": {
            "year_quarter": 20222,
            "year": 2022,
            "quarter": 2,
            "eps": -0.47,
            "eps_growth_year": null,
            "eps_4q": -0.85,
            "eps_4q_growth_year": null,
            "roe": -4.93,
            "roe_4q": -8.729999999999999,
            "gross_profit": 15903,
            "gross_margin": 44.55,
            "gross_margin_4q_avg": 55.86,
            "net_income": -20726,
            "net_income_4q": null,
            "revenue": 35694,
            "revenue_4q": null,
            "common_shares": 440334,
            "book_valuer_per_share": 9.28,
            "book_valuer_per_share_4q_avg": 9.69,
            "equity": 408784,
            "current_ratio": 536.26,
            "debt_ratio": 16.21,
            "inventory_turnover_ratio": 0.11,
            "account_receivable_turnover_ratio": 2.07,
            "reinvestment_rate": null,
            "research_to_sale_ratio": 4.64,
            "price_fair": 0,
            "eps_avg_yearly": 0,
            "eps_latest_yearly": 0,
            "eps_growth_yearly": 0
        },
        "20223": {
            "year_quarter": 20223,
            "year": 2022,
            "quarter": 3,
            "eps": -0.24,
            "eps_growth_year": null,
            "eps_4q": -0.89,
            "eps_4q_growth_year": null,
            "roe": -2.65,
            "roe_4q": -9.37,
            "gross_profit": 29384,
            "gross_margin": 57.87,
            "gross_margin_4q_avg": 54.28,
            "net_income": -10718,
            "net_income_4q": null,
            "revenue": 50774,
            "revenue_4q": null,
            "common_shares": 440334,
            "book_valuer_per_share": 9.06,
            "book_valuer_per_share_4q_avg": 9.51,
            "equity": 399152,
            "current_ratio": 624.34,
            "debt_ratio": 14.54,
            "inventory_turnover_ratio": 0.12,
            "account_receivable_turnover_ratio": 2.66,
            "reinvestment_rate": null,
            "research_to_sale_ratio": 3.63,
            "price_fair": 0,
            "eps_avg_yearly": 0,
            "eps_latest_yearly": 0,
            "eps_growth_yearly": 0
        },
        "20224": {
            "year_quarter": 20224,
            "year": 2022,
            "quarter": 4,
            "eps": 0.14,
            "eps_growth_year": 189.04,
            "eps_4q": -0.8,
            "eps_4q_growth_year": null,
            "roe": 1.52,
            "roe_4q": -8.34,
            "gross_profit": 45481,
            "gross_margin": 59,
            "gross_margin_4q_avg": 54.46,
            "net_income": 6093,
            "net_income_4q": null,
            "revenue": 77086,
            "revenue_4q": null,
            "common_shares": 440334,
            "book_valuer_per_share": 9.19,
            "book_valuer_per_share_4q_avg": 9.34,
            "equity": 404530,
            "current_ratio": 608.9,
            "debt_ratio": 14.29,
            "inventory_turnover_ratio": 0.18,
            "account_receivable_turnover_ratio": 2.68,
            "reinvestment_rate": null,
            "research_to_sale_ratio": 1.29,
            "price_fair": 0,
            "eps_avg_yearly": 0,
            "eps_latest_yearly": 0,
            "eps_growth_yearly": 0
        },
        "20231": {
            "year_quarter": 20231,
            "year": 2023,
            "quarter": 1,
            "eps": -0.23,
            "eps_growth_year": null,
            "eps_4q": -0.81,
            "eps_4q_growth_year": null,
            "roe": -2.56,
            "roe_4q": -8.62,
            "gross_profit": 27041,
            "gross_margin": 65.92,
            "gross_margin_4q_avg": 56.84,
            "net_income": -10238,
            "net_income_4q": null,
            "revenue": 41019,
            "revenue_4q": null,
            "common_shares": 440334,
            "book_valuer_per_share": 8.97,
            "book_valuer_per_share_4q_avg": 9.13,
            "equity": 395111,
            "current_ratio": 676.75,
            "debt_ratio": 13.07,
            "inventory_turnover_ratio": 0.08,
            "account_receivable_turnover_ratio": 1.58,
            "reinvestment_rate": null,
            "research_to_sale_ratio": 3.31,
            "price_fair": 0,
            "eps_avg_yearly": 0,
            "eps_latest_yearly": 0,
            "eps_growth_yearly": 0
        },
        "20232": {
            "year_quarter": 20232,
            "year": 2023,
            "quarter": 2,
            "eps": -0.2,
            "eps_growth_year": null,
            "eps_4q": -0.54,
            "eps_4q_growth_year": null,
            "roe": -2.29,
            "roe_4q": -5.9799999999999995,
            "gross_profit": 29468,
            "gross_margin": 67.18,
            "gross_margin_4q_avg": 62.49,
            "net_income": -8883,
            "net_income_4q": null,
            "revenue": 43865,
            "revenue_4q": null,
            "common_shares": 440334,
            "book_valuer_per_share": 8.66,
            "book_valuer_per_share_4q_avg": 8.97,
            "equity": 381401,
            "current_ratio": 464.14,
            "debt_ratio": 17.19,
            "inventory_turnover_ratio": 0.08,
            "account_receivable_turnover_ratio": 2.38,
            "reinvestment_rate": null,
            "research_to_sale_ratio": 3.16,
            "price_fair": 0,
            "eps_avg_yearly": 0,
            "eps_latest_yearly": 0,
            "eps_growth_yearly": 0
        },
        "20233": {
            "year_quarter": 20233,
            "year": 2023,
            "quarter": 3,
            "eps": -0.2,
            "eps_growth_year": null,
            "eps_4q": -0.5,
            "eps_4q_growth_year": null,
            "roe": -2.35,
            "roe_4q": -5.6800000000000015,
            "gross_profit": 23112,
            "gross_margin": 68.55,
            "gross_margin_4q_avg": 65.16,
            "net_income": -8912,
            "net_income_4q": null,
            "revenue": 33717,
            "revenue_4q": null,
            "common_shares": 440334,
            "book_valuer_per_share": 8.55,
            "book_valuer_per_share_4q_avg": 8.84,
            "equity": 376623,
            "current_ratio": 463.52,
            "debt_ratio": 16.91,
            "inventory_turnover_ratio": 0.06,
            "account_receivable_turnover_ratio": 2.02,
            "reinvestment_rate": null,
            "research_to_sale_ratio": 4.42,
            "price_fair": 0,
            "eps_avg_yearly": 0,
            "eps_latest_yearly": 0,
            "eps_growth_yearly": 0
        }
    },
    "months": {
        "2003-10": {
            "month": "2003-10",
            "price": "14.85",
            "revenue": 27546
        },
        "2003-11": {
            "month": "2003-11",
            "price": "18.02",
            "revenue": 26469
        },
        "2003-12": {
            "month": "2003-12",
            "price": "16.75",
            "revenue": 40098
        },
        "2004-01": {
            "month": "2004-01",
            "price": "16.61",
            "revenue": 30145
        },
        "2004-02": {
            "month": "2004-02",
            "price": "20.19",
            "revenue": 21982
        },
        "2004-03": {
            "month": "2004-03",
            "price": "24.13",
            "revenue": 20982
        },
        "2004-04": {
            "month": "2004-04",
            "price": "22.74",
            "revenue": 26040
        },
        "2004-05": {
            "month": "2004-05",
            "price": "20.82",
            "revenue": 27870
        },
        "2004-06": {
            "month": "2004-06",
            "price": "22.93",
            "revenue": 39788
        },
        "2004-07": {
            "month": "2004-07",
            "price": "21.43",
            "revenue": 30551
        },
        "2004-08": {
            "month": "2004-08",
            "price": "21.03",
            "revenue": 24313
        },
        "2004-09": {
            "month": "2004-09",
            "price": "23.16",
            "revenue": 21884
        },
        "2004-10": {
            "month": "2004-10",
            "price": "23.23",
            "revenue": 28909
        },
        "2004-11": {
            "month": "2004-11",
            "price": "22.32",
            "revenue": 25375
        },
        "2004-12": {
            "month": "2004-12",
            "price": "22.35",
            "revenue": 36706
        },
        "2005-01": {
            "month": "2005-01",
            "price": "22.71",
            "revenue": 33813
        },
        "2005-02": {
            "month": "2005-02",
            "price": "22.83",
            "revenue": 24585
        },
        "2005-03": {
            "month": "2005-03",
            "price": "23.29",
            "revenue": 22733
        },
        "2005-04": {
            "month": "2005-04",
            "price": "22.87",
            "revenue": 25029
        },
        "2005-05": {
            "month": "2005-05",
            "price": "23.07",
            "revenue": 26062
        },
        "2005-06": {
            "month": "2005-06",
            "price": "23.66",
            "revenue": 31137
        },
        "2005-07": {
            "month": "2005-07",
            "price": "23.67",
            "revenue": 31653
        },
        "2005-08": {
            "month": "2005-08",
            "price": "23.34",
            "revenue": 23872
        },
        "2005-09": {
            "month": "2005-09",
            "price": "21.02",
            "revenue": 21495
        },
        "2005-10": {
            "month": "2005-10",
            "price": "19.31",
            "revenue": 30237
        },
        "2005-11": {
            "month": "2005-11",
            "price": "19.51",
            "revenue": 28051
        },
        "2005-12": {
            "month": "2005-12",
            "price": "19.77",
            "revenue": 33306
        },
        "2006-01": {
            "month": "2006-01",
            "price": "20.09",
            "revenue": 30698
        },
        "2006-02": {
            "month": "2006-02",
            "price": "21.59",
            "revenue": 30762
        },
        "2006-03": {
            "month": "2006-03",
            "price": "22.01",
            "revenue": 28819
        },
        "2006-04": {
            "month": "2006-04",
            "price": "21.66",
            "revenue": 25948
        },
        "2006-05": {
            "month": "2006-05",
            "price": "31.43",
            "revenue": 24052
        },
        "2006-06": {
            "month": "2006-06",
            "price": "33.17",
            "revenue": 37486
        },
        "2006-07": {
            "month": "2006-07",
            "price": "38.27",
            "revenue": 28409
        },
        "2006-08": {
            "month": "2006-08",
            "price": "37.45",
            "revenue": 19193
        },
        "2006-09": {
            "month": "2006-09",
            "price": "34.87",
            "revenue": 29776
        },
        "2006-10": {
            "month": "2006-10",
            "price": "36.15",
            "revenue": 24551
        },
        "2006-11": {
            "month": "2006-11",
            "price": "35.01",
            "revenue": 32425
        },
        "2006-12": {
            "month": "2006-12",
            "price": "36.67",
            "revenue": 35507
        },
        "2007-01": {
            "month": "2007-01",
            "price": "36.85",
            "revenue": 35962
        },
        "2007-02": {
            "month": "2007-02",
            "price": "41.31",
            "revenue": 28442
        },
        "2007-03": {
            "month": "2007-03",
            "price": "54.08",
            "revenue": 26976
        },
        "2007-04": {
            "month": "2007-04",
            "price": "67.17",
            "revenue": 27149
        },
        "2007-05": {
            "month": "2007-05",
            "price": "64.67",
            "revenue": 24505
        },
        "2007-06": {
            "month": "2007-06",
            "price": "58.88",
            "revenue": 46875
        },
        "2007-07": {
            "month": "2007-07",
            "price": "61.55",
            "revenue": 39281
        },
        "2007-08": {
            "month": "2007-08",
            "price": "59.69",
            "revenue": 41323
        },
        "2007-09": {
            "month": "2007-09",
            "price": "53.76",
            "revenue": 41430
        },
        "2007-10": {
            "month": "2007-10",
            "price": "49.22",
            "revenue": 43836
        },
        "2007-11": {
            "month": "2007-11",
            "price": "45.12",
            "revenue": 45025
        },
        "2007-12": {
            "month": "2007-12",
            "price": "51.97",
            "revenue": 85727
        },
        "2008-01": {
            "month": "2008-01",
            "price": "50.35",
            "revenue": 63093
        },
        "2008-02": {
            "month": "2008-02",
            "price": "44.19",
            "revenue": 50215
        },
        "2008-03": {
            "month": "2008-03",
            "price": "48.62",
            "revenue": 49473
        },
        "2008-04": {
            "month": "2008-04",
            "price": "50.19",
            "revenue": 43135
        },
        "2008-05": {
            "month": "2008-05",
            "price": "49.45",
            "revenue": 43193
        },
        "2008-06": {
            "month": "2008-06",
            "price": "46.89",
            "revenue": 40829
        },
        "2008-07": {
            "month": "2008-07",
            "price": "37.64",
            "revenue": 44169
        },
        "2008-08": {
            "month": "2008-08",
            "price": "37.02",
            "revenue": 41018
        },
        "2008-09": {
            "month": "2008-09",
            "price": "26.05",
            "revenue": 41305
        },
        "2008-10": {
            "month": "2008-10",
            "price": "18.14",
            "revenue": 37440
        },
        "2008-11": {
            "month": "2008-11",
            "price": "16.49",
            "revenue": 44809
        },
        "2008-12": {
            "month": "2008-12",
            "price": "17.53",
            "revenue": 56657
        },
        "2009-01": {
            "month": "2009-01",
            "price": "17.36",
            "revenue": 50174
        },
        "2009-02": {
            "month": "2009-02",
            "price": "16.88",
            "revenue": 36353
        },
        "2009-03": {
            "month": "2009-03",
            "price": "20.74",
            "revenue": 35767
        },
        "2009-04": {
            "month": "2009-04",
            "price": "25.98",
            "revenue": 30122
        },
        "2009-05": {
            "month": "2009-05",
            "price": "29.29",
            "revenue": 32036
        },
        "2009-06": {
            "month": "2009-06",
            "price": "37.54",
            "revenue": 41300
        },
        "2009-07": {
            "month": "2009-07",
            "price": "35.49",
            "revenue": 34562
        },
        "2009-08": {
            "month": "2009-08",
            "price": "28.01",
            "revenue": 35440
        },
        "2009-09": {
            "month": "2009-09",
            "price": "28.09",
            "revenue": 35415
        },
        "2009-10": {
            "month": "2009-10",
            "price": "27.15",
            "revenue": 41176
        },
        "2009-11": {
            "month": "2009-11",
            "price": "26.92",
            "revenue": 42328
        },
        "2009-12": {
            "month": "2009-12",
            "price": "30.46",
            "revenue": 53349
        },
        "2010-01": {
            "month": "2010-01",
            "price": "31.22",
            "revenue": 48836
        },
        "2010-02": {
            "month": "2010-02",
            "price": "31.45",
            "revenue": 40588
        },
        "2010-03": {
            "month": "2010-03",
            "price": "36.49",
            "revenue": 36162
        },
        "2010-04": {
            "month": "2010-04",
            "price": "39.95",
            "revenue": 30499
        },
        "2010-05": {
            "month": "2010-05",
            "price": "33.74",
            "revenue": 32369
        },
        "2010-06": {
            "month": "2010-06",
            "price": "31.17",
            "revenue": 38061
        },
        "2010-07": {
            "month": "2010-07",
            "price": "35.40",
            "revenue": 31853
        },
        "2010-08": {
            "month": "2010-08",
            "price": "44.25",
            "revenue": 26967
        },
        "2010-09": {
            "month": "2010-09",
            "price": "39.06",
            "revenue": 34373
        },
        "2010-10": {
            "month": "2010-10",
            "price": "29.07",
            "revenue": 38648
        },
        "2010-11": {
            "month": "2010-11",
            "price": "25.45",
            "revenue": 37124
        },
        "2010-12": {
            "month": "2010-12",
            "price": "24.51",
            "revenue": 47070
        },
        "2011-01": {
            "month": "2011-01",
            "price": "24.76",
            "revenue": 52401
        },
        "2011-02": {
            "month": "2011-02",
            "price": "29.25",
            "revenue": 33729
        },
        "2011-03": {
            "month": "2011-03",
            "price": "44.78",
            "revenue": 32726
        },
        "2011-04": {
            "month": "2011-04",
            "price": "38.07",
            "revenue": 36459
        },
        "2011-05": {
            "month": "2011-05",
            "price": "33.11",
            "revenue": 33723
        },
        "2011-06": {
            "month": "2011-06",
            "price": "34.11",
            "revenue": 39663
        },
        "2011-07": {
            "month": "2011-07",
            "price": "31.38",
            "revenue": 35570
        },
        "2011-08": {
            "month": "2011-08",
            "price": "26.02",
            "revenue": 32491
        },
        "2011-09": {
            "month": "2011-09",
            "price": "23.98",
            "revenue": 40783
        },
        "2011-10": {
            "month": "2011-10",
            "price": "23.65",
            "revenue": 40672
        },
        "2011-11": {
            "month": "2011-11",
            "price": "23.10",
            "revenue": 47629
        },
        "2011-12": {
            "month": "2011-12",
            "price": "20.75",
            "revenue": 65068
        },
        "2012-01": {
            "month": "2012-01",
            "price": "23.54",
            "revenue": 56339
        },
        "2012-02": {
            "month": "2012-02",
            "price": "25.20",
            "revenue": 38767
        },
        "2012-03": {
            "month": "2012-03",
            "price": "23.68",
            "revenue": 36168
        },
        "2012-04": {
            "month": "2012-04",
            "price": "20.09",
            "revenue": 38401
        },
        "2012-05": {
            "month": "2012-05",
            "price": "19.89",
            "revenue": 37055
        },
        "2012-06": {
            "month": "2012-06",
            "price": "19.29",
            "revenue": 43135
        },
        "2012-07": {
            "month": "2012-07",
            "price": "20.15",
            "revenue": 37010
        },
        "2012-08": {
            "month": "2012-08",
            "price": "20.65",
            "revenue": 32997
        },
        "2012-09": {
            "month": "2012-09",
            "price": "20.31",
            "revenue": 34602
        },
        "2012-10": {
            "month": "2012-10",
            "price": "18.51",
            "revenue": 45681
        },
        "2012-11": {
            "month": "2012-11",
            "price": "17.41",
            "revenue": 41437
        },
        "2012-12": {
            "month": "2012-12",
            "price": "17.85",
            "revenue": 60864
        },
        "2013-01": {
            "month": "2013-01",
            "price": "19.33",
            "revenue": 53901
        },
        "2013-02": {
            "month": "2013-02",
            "price": "18.87",
            "revenue": 36474
        },
        "2013-03": {
            "month": "2013-03",
            "price": "18.01",
            "revenue": 49862
        },
        "2013-04": {
            "month": "2013-04",
            "price": "18.10",
            "revenue": 39844
        },
        "2013-05": {
            "month": "2013-05",
            "price": "17.99",
            "revenue": 37258
        },
        "2013-06": {
            "month": "2013-06",
            "price": "17.56",
            "revenue": 45637
        },
        "2013-07": {
            "month": "2013-07",
            "price": "16.97",
            "revenue": 42049
        },
        "2013-08": {
            "month": "2013-08",
            "price": "16.89",
            "revenue": 33825
        },
        "2013-09": {
            "month": "2013-09",
            "price": "16.20",
            "revenue": 39666
        },
        "2013-10": {
            "month": "2013-10",
            "price": "16.14",
            "revenue": 48877
        },
        "2013-11": {
            "month": "2013-11",
            "price": "16.23",
            "revenue": 52287
        },
        "2013-12": {
            "month": "2013-12",
            "price": "22.47",
            "revenue": 65933
        },
        "2014-01": {
            "month": "2014-01",
            "price": "22.87",
            "revenue": 62995
        },
        "2014-02": {
            "month": "2014-02",
            "price": "21.15",
            "revenue": 36916
        },
        "2014-03": {
            "month": "2014-03",
            "price": "20.37",
            "revenue": 38252
        },
        "2014-04": {
            "month": "2014-04",
            "price": "19.55",
            "revenue": 31312
        },
        "2014-05": {
            "month": "2014-05",
            "price": "18.75",
            "revenue": 37107
        },
        "2014-06": {
            "month": "2014-06",
            "price": "19.58",
            "revenue": 52840
        },
        "2014-07": {
            "month": "2014-07",
            "price": "20.02",
            "revenue": 35732
        },
        "2014-08": {
            "month": "2014-08",
            "price": "18.50",
            "revenue": 29517
        },
        "2014-09": {
            "month": "2014-09",
            "price": "18.14",
            "revenue": 32796
        },
        "2014-10": {
            "month": "2014-10",
            "price": "17.69",
            "revenue": 41082
        },
        "2014-11": {
            "month": "2014-11",
            "price": "17.88",
            "revenue": 44485
        },
        "2014-12": {
            "month": "2014-12",
            "price": "18.51",
            "revenue": 59952
        },
        "2015-01": {
            "month": "2015-01",
            "price": "19.25",
            "revenue": 39470
        },
        "2015-02": {
            "month": "2015-02",
            "price": "18.20",
            "revenue": 36412
        },
        "2015-03": {
            "month": "2015-03",
            "price": "17.10",
            "revenue": 33876
        },
        "2015-04": {
            "month": "2015-04",
            "price": "17.02",
            "revenue": 26260
        },
        "2015-05": {
            "month": "2015-05",
            "price": "16.31",
            "revenue": 30639
        },
        "2015-06": {
            "month": "2015-06",
            "price": "15.21",
            "revenue": 42158
        },
        "2015-07": {
            "month": "2015-07",
            "price": "14.93",
            "revenue": 25185
        },
        "2015-08": {
            "month": "2015-08",
            "price": "14.73",
            "revenue": 22755
        },
        "2015-09": {
            "month": "2015-09",
            "price": "14.46",
            "revenue": 30307
        },
        "2015-10": {
            "month": "2015-10",
            "price": "14.60",
            "revenue": 35712
        },
        "2015-11": {
            "month": "2015-11",
            "price": "14.11",
            "revenue": 30082
        },
        "2015-12": {
            "month": "2015-12",
            "price": "13.26",
            "revenue": 36495
        },
        "2016-01": {
            "month": "2016-01",
            "price": "13.66",
            "revenue": 43319
        },
        "2016-02": {
            "month": "2016-02",
            "price": "13.42",
            "revenue": 24306
        },
        "2016-03": {
            "month": "2016-03",
            "price": "13.18",
            "revenue": 25697
        },
        "2016-04": {
            "month": "2016-04",
            "price": "12.91",
            "revenue": 25029
        },
        "2016-05": {
            "month": "2016-05",
            "price": "11.66",
            "revenue": 22967
        },
        "2016-06": {
            "month": "2016-06",
            "price": "11.30",
            "revenue": 25592
        },
        "2016-07": {
            "month": "2016-07",
            "price": "10.65",
            "revenue": 27294
        },
        "2016-08": {
            "month": "2016-08",
            "price": "12.34",
            "revenue": 26385
        },
        "2016-09": {
            "month": "2016-09",
            "price": "14.13",
            "revenue": 23017
        },
        "2016-10": {
            "month": "2016-10",
            "price": "12.88",
            "revenue": 29839
        },
        "2016-11": {
            "month": "2016-11",
            "price": "12.18",
            "revenue": 23035
        },
        "2016-12": {
            "month": "2016-12",
            "price": "11.51",
            "revenue": 36865
        },
        "2017-01": {
            "month": "2017-01",
            "price": "11.26",
            "revenue": 32532
        },
        "2017-02": {
            "month": "2017-02",
            "price": "11.56",
            "revenue": 19658
        },
        "2017-03": {
            "month": "2017-03",
            "price": "11.46",
            "revenue": 22720
        },
        "2017-04": {
            "month": "2017-04",
            "price": "11.18",
            "revenue": 17606
        },
        "2017-05": {
            "month": "2017-05",
            "price": "10.22",
            "revenue": 20107
        },
        "2017-06": {
            "month": "2017-06",
            "price": "10.20",
            "revenue": 28590
        },
        "2017-07": {
            "month": "2017-07",
            "price": "11.01",
            "revenue": 22294
        },
        "2017-08": {
            "month": "2017-08",
            "price": "11.00",
            "revenue": 19510
        },
        "2017-09": {
            "month": "2017-09",
            "price": "10.92",
            "revenue": 22956
        },
        "2017-10": {
            "month": "2017-10",
            "price": "10.87",
            "revenue": 27342
        },
        "2017-11": {
            "month": "2017-11",
            "price": "10.91",
            "revenue": 26214
        },
        "2017-12": {
            "month": "2017-12",
            "price": "11.07",
            "revenue": 32729
        },
        "2018-01": {
            "month": "2018-01",
            "price": "11.15",
            "revenue": 25345
        },
        "2018-02": {
            "month": "2018-02",
            "price": "10.67",
            "revenue": 20681
        },
        "2018-03": {
            "month": "2018-03",
            "price": "10.63",
            "revenue": 19424
        },
        "2018-04": {
            "month": "2018-04",
            "price": "10.45",
            "revenue": 22258
        },
        "2018-05": {
            "month": "2018-05",
            "price": "10.47",
            "revenue": 17432
        },
        "2018-06": {
            "month": "2018-06",
            "price": "10.24",
            "revenue": 25473
        },
        "2018-07": {
            "month": "2018-07",
            "price": "10.01",
            "revenue": 24371
        },
        "2018-08": {
            "month": "2018-08",
            "price": "10.08",
            "revenue": 20284
        },
        "2018-09": {
            "month": "2018-09",
            "price": "10.04",
            "revenue": 17786
        },
        "2018-10": {
            "month": "2018-10",
            "price": "9.77",
            "revenue": 28141
        },
        "2018-11": {
            "month": "2018-11",
            "price": "9.44",
            "revenue": 26816
        },
        "2018-12": {
            "month": "2018-12",
            "price": "9.75",
            "revenue": 31933
        },
        "2019-01": {
            "month": "2019-01",
            "price": "9.52",
            "revenue": 22964
        },
        "2019-02": {
            "month": "2019-02",
            "price": "9.34",
            "revenue": 18366
        },
        "2019-03": {
            "month": "2019-03",
            "price": "9.16",
            "revenue": 18239
        },
        "2019-04": {
            "month": "2019-04",
            "price": "8.87",
            "revenue": 18131
        },
        "2019-05": {
            "month": "2019-05",
            "price": "8.59",
            "revenue": 19892
        },
        "2019-06": {
            "month": "2019-06",
            "price": "8.76",
            "revenue": 22661
        },
        "2019-07": {
            "month": "2019-07",
            "price": "9.82",
            "revenue": 17563
        },
        "2019-08": {
            "month": "2019-08",
            "price": "11.09",
            "revenue": 15153
        },
        "2019-09": {
            "month": "2019-09",
            "price": "11.25",
            "revenue": 14591
        },
        "2019-10": {
            "month": "2019-10",
            "price": "12.12",
            "revenue": 22843
        },
        "2019-11": {
            "month": "2019-11",
            "price": "11.88",
            "revenue": 26945
        },
        "2019-12": {
            "month": "2019-12",
            "price": "12.13",
            "revenue": 34566
        },
        "2020-01": {
            "month": "2020-01",
            "price": "12.95",
            "revenue": 17867
        },
        "2020-02": {
            "month": "2020-02",
            "price": "12.78",
            "revenue": 7881
        },
        "2020-03": {
            "month": "2020-03",
            "price": "12.04",
            "revenue": 10187
        },
        "2020-04": {
            "month": "2020-04",
            "price": "12.56",
            "revenue": 9255
        },
        "2020-05": {
            "month": "2020-05",
            "price": "12.61",
            "revenue": 15188
        },
        "2020-06": {
            "month": "2020-06",
            "price": "13.08",
            "revenue": 14878
        },
        "2020-07": {
            "month": "2020-07",
            "price": "12.94",
            "revenue": 15584
        },
        "2020-08": {
            "month": "2020-08",
            "price": "12.84",
            "revenue": 14164
        },
        "2020-09": {
            "month": "2020-09",
            "price": "12.37",
            "revenue": 12935
        },
        "2020-10": {
            "month": "2020-10",
            "price": "12.93",
            "revenue": 23030
        },
        "2020-11": {
            "month": "2020-11",
            "price": "12.74",
            "revenue": 20140
        },
        "2020-12": {
            "month": "2020-12",
            "price": "12.02",
            "revenue": 17318
        },
        "2021-01": {
            "month": "2021-01",
            "price": "11.92",
            "revenue": 20914
        },
        "2021-02": {
            "month": "2021-02",
            "price": "11.76",
            "revenue": 15926
        },
        "2021-03": {
            "month": "2021-03",
            "price": "11.41",
            "revenue": 12405
        },
        "2021-04": {
            "month": "2021-04",
            "price": "11.24",
            "revenue": 13276
        },
        "2021-05": {
            "month": "2021-05",
            "price": "10.97",
            "revenue": 9590
        },
        "2021-06": {
            "month": "2021-06",
            "price": "10.91",
            "revenue": 9967
        },
        "2021-07": {
            "month": "2021-07",
            "price": "10.82",
            "revenue": 14434
        },
        "2021-08": {
            "month": "2021-08",
            "price": "10.78",
            "revenue": 13525
        },
        "2021-09": {
            "month": "2021-09",
            "price": "10.86",
            "revenue": 12438
        },
        "2021-10": {
            "month": "2021-10",
            "price": "11.33",
            "revenue": 26921
        },
        "2021-11": {
            "month": "2021-11",
            "price": "11.56",
            "revenue": 22976
        },
        "2021-12": {
            "month": "2021-12",
            "price": "12.26",
            "revenue": 31299
        },
        "2022-01": {
            "month": "2022-01",
            "price": "12.12",
            "revenue": 19269
        },
        "2022-02": {
            "month": "2022-02",
            "price": "12.66",
            "revenue": 15553
        },
        "2022-03": {
            "month": "2022-03",
            "price": "12.89",
            "revenue": 13528
        },
        "2022-04": {
            "month": "2022-04",
            "price": "13.68",
            "revenue": 11549
        },
        "2022-05": {
            "month": "2022-05",
            "price": "15.87",
            "revenue": 11170
        },
        "2022-06": {
            "month": "2022-06",
            "price": "19.38",
            "revenue": 12975
        },
        "2022-07": {
            "month": "2022-07",
            "price": "19.80",
            "revenue": 17600
        },
        "2022-08": {
            "month": "2022-08",
            "price": "19.46",
            "revenue": 15846
        },
        "2022-09": {
            "month": "2022-09",
            "price": "19.47",
            "revenue": 17328
        },
        "2022-10": {
            "month": "2022-10",
            "price": "19.10",
            "revenue": 28234
        },
        "2022-11": {
            "month": "2022-11",
            "price": "18.79",
            "revenue": 18859
        },
        "2022-12": {
            "month": "2022-12",
            "price": "18.95",
            "revenue": 29993
        },
        "2023-01": {
            "month": "2023-01",
            "price": "19.93",
            "revenue": 15119
        },
        "2023-02": {
            "month": "2023-02",
            "price": "20.75",
            "revenue": 12803
        },
        "2023-03": {
            "month": "2023-03",
            "price": "22.26",
            "revenue": 13097
        },
        "2023-04": {
            "month": "2023-04",
            "price": "19.99",
            "revenue": 13217
        },
        "2023-05": {
            "month": "2023-05",
            "price": "16.03",
            "revenue": 17494
        },
        "2023-06": {
            "month": "2023-06",
            "price": "15.54",
            "revenue": 13154
        },
        "2023-07": {
            "month": "2023-07",
            "price": "15.58",
            "revenue": 11572
        },
        "2023-08": {
            "month": "2023-08",
            "price": "13.17",
            "revenue": 12007
        },
        "2023-09": {
            "month": "2023-09",
            "price": "13.42",
            "revenue": 10138
        },
        "2023-10": {
            "month": "2023-10",
            "price": "13.46",
            "revenue": 18548
        },
        "2023-11": {
            "month": "2023-11",
            "price": "14.52",
            "revenue": 17917
        }
    }
}
