{
    "summary": {
        "stock_name": "萬國通",
        "stock_id": "9950",
        "category": "塑膠",
        "main_business": "各種皮箱之製造.加工及買賣<br>各種皮箱及其零件之製造.加工及買賣<br>前項有關進出口業務",
        "website_url": "http://www.eminent.com",
        "ceo": "謝明振",
        "pe_ratio": 4,
        "report_year_from": 2001,
        "report_year_to": 2023,
        "age": 23,
        "eps_negative_percentage": 27,
        "eps_growth_avg": {
            "last_all": 5.09,
            "last_2y": null,
            "last_4y": null,
            "last_8y": -65.91,
            "last_12y": -24.32,
            "last_16y": -6.95,
            "last_20y": 5.09,
            "at_2006_last_3y": 38.19,
            "at_2007_last_3y": 27.28,
            "at_2008_last_3y": 2.89,
            "at_2009_last_3y": 19.14,
            "at_2010_last_3y": 23.46,
            "at_2011_last_3y": 10.11,
            "at_2012_last_3y": 13.22,
            "at_2013_last_3y": -7.92,
            "at_2014_last_3y": 6.87,
            "at_2015_last_3y": -2.8,
            "at_2016_last_3y": -13.12,
            "at_2017_last_3y": -39.83,
            "at_2018_last_3y": -65.91,
            "at_2019_last_3y": -76.32,
            "at_2020_last_3y": -100,
            "at_2021_last_3y": null,
            "at_2022_last_3y": null,
            "at_2023_last_3y": null,
            "at_2024_last_3y": null,
            "at_2006_last_all": 38.19,
            "at_2007_last_all": 39.95,
            "at_2008_last_all": 29.33,
            "at_2009_last_all": 38.2,
            "at_2010_last_all": 30.82,
            "at_2011_last_all": 26.69,
            "at_2012_last_all": 22.88,
            "at_2013_last_all": 21.42,
            "at_2014_last_all": 22.84,
            "at_2015_last_all": 17.61,
            "at_2016_last_all": 12.6,
            "at_2017_last_all": 5.09,
            "at_2018_last_all": 5.09,
            "at_2019_last_all": 5.09,
            "at_2020_last_all": 5.09,
            "at_2021_last_all": 5.09,
            "at_2022_last_all": 5.09,
            "at_2023_last_all": 5.09,
            "at_2024_last_all": 5.09
        },
        "latest_eps": 6.11,
        "latest_price": 23.15,
        "latest_roe": 121.35,
        "latest_gross_margin": 27.48,
        "latest_equity": 1382914,
        "latest_revenue": 816352,
        "latest_gross_profit": 224298,
        "latest_net_income": 84508,
        "latest_debt_ratio": 69.56,
        "latest_current_ratio": 134.45,
        "latest_account_receivable_turnover_ratio": 1.66,
        "latest_inventory_turnover_ratio": 1,
        "latest_reinvestment_rate": null,
        "latest_research_to_sale_ratio": 0.75
    },
    "eps_dividends": {
        "2001": {
            "cash": 0,
            "stock": 0,
            "eps": 0
        },
        "2002": {
            "cash": 0.2,
            "stock": 0.5,
            "eps": 0.32
        },
        "2003": {
            "cash": 0.5,
            "stock": 0.5,
            "eps": 0.61
        },
        "2004": {
            "cash": 0.52,
            "stock": 0,
            "eps": 1.06
        },
        "2005": {
            "cash": 0.81,
            "stock": 0,
            "eps": 1.34
        },
        "2006": {
            "cash": 1.05,
            "stock": 0,
            "eps": 0.83
        },
        "2007": {
            "cash": 0.67,
            "stock": 0,
            "eps": 1.22
        },
        "2008": {
            "cash": 1,
            "stock": 0,
            "eps": 0.93
        },
        "2009": {
            "cash": 0.84,
            "stock": 0,
            "eps": 1.78
        },
        "2010": {
            "cash": 1.6,
            "stock": 0,
            "eps": 1.41
        },
        "2011": {
            "cash": 1.27,
            "stock": 0,
            "eps": 1.32
        },
        "2012": {
            "cash": 1.19,
            "stock": 0,
            "eps": 1.17
        },
        "2013": {
            "cash": 1.06,
            "stock": 0,
            "eps": 1.25
        },
        "2014": {
            "cash": 1.12,
            "stock": 0,
            "eps": 1.73
        },
        "2015": {
            "cash": 0.44,
            "stock": 0.75,
            "eps": 0.95
        },
        "2016": {
            "cash": 0.34,
            "stock": 0.5,
            "eps": 0.45
        },
        "2017": {
            "cash": 0,
            "stock": 0.3,
            "eps": -2.74
        },
        "2018": {
            "cash": 0,
            "stock": 0,
            "eps": -2.97
        },
        "2019": {
            "cash": 0,
            "stock": 0,
            "eps": -1.43
        },
        "2020": {
            "cash": 0,
            "stock": 0,
            "eps": -2.31
        },
        "2021": {
            "cash": 0,
            "stock": 0,
            "eps": -4.21
        },
        "2022": {
            "cash": 0,
            "stock": 0,
            "eps": -1.5
        },
        "2023": {
            "cash": 0,
            "stock": 0,
            "eps": 6.21
        }
    },
    "dividends": {
        "2002-06-29": {
            "cash": 0.2,
            "stock": 0.5
        },
        "2003-06-13": {
            "cash": 0.5,
            "stock": 0.5
        },
        "2004-04-09": {
            "cash": 0.52,
            "stock": 0
        },
        "2005-04-01": {
            "cash": 0.81,
            "stock": 0
        },
        "2006-04-03": {
            "cash": 1.05,
            "stock": 0
        },
        "2007-03-26": {
            "cash": 0.67,
            "stock": 0
        },
        "2008-03-24": {
            "cash": 1,
            "stock": 0
        },
        "2009-03-23": {
            "cash": 0.84,
            "stock": 0
        },
        "2010-03-26": {
            "cash": 1.6,
            "stock": 0
        },
        "2011-03-21": {
            "cash": 1.27,
            "stock": 0
        },
        "2012-06-18": {
            "cash": 1.19,
            "stock": 0
        },
        "2013-06-24": {
            "cash": 1.06,
            "stock": 0
        },
        "2014-06-27": {
            "cash": 1.12,
            "stock": 0
        },
        "2015-09-30": {
            "cash": 0.44,
            "stock": 0.75
        },
        "2016-09-05": {
            "cash": 0.34,
            "stock": 0.5
        },
        "2017-03-24": {
            "cash": 0,
            "stock": 0.3
        }
    },
    "prices": {
        "200101": "無",
        "200102": "無",
        "200103": "無",
        "200104": "無",
        "200105": "無",
        "200106": "無",
        "200107": "無",
        "200108": "無",
        "200109": "無",
        "200110": "無",
        "200111": "無",
        "200112": "無",
        "200201": "無",
        "200202": "無",
        "200203": "無",
        "200204": "無",
        "200205": "無",
        "200206": "無",
        "200207": "無",
        "200208": "無",
        "200209": "無",
        "200210": "無",
        "200211": "無",
        "200212": "無",
        "200301": "無",
        "200302": "無",
        "200303": "無",
        "200304": "無",
        "200305": "無",
        "200306": "無",
        "200307": "無",
        "200308": "無",
        "200309": "無",
        "200310": "11.00",
        "200311": "10.50",
        "200312": "9.50",
        "200401": "10.95",
        "200402": "14.72",
        "200403": "12.97",
        "200404": "12.40",
        "200405": "11.59",
        "200406": "11.92",
        "200407": "11.29",
        "200408": "11.14",
        "200409": "11.56",
        "200410": "11.59",
        "200411": "11.85",
        "200412": "11.63",
        "200501": "11.30",
        "200502": "11.88",
        "200503": "12.03",
        "200504": "11.93",
        "200505": "11.90",
        "200506": "11.85",
        "200507": "11.84",
        "200508": "11.57",
        "200509": "10.83",
        "200510": "10.84",
        "200511": "11.92",
        "200512": "11.89",
        "200601": "11.89",
        "200602": "11.94",
        "200603": "11.92",
        "200604": "12.21",
        "200605": "13.22",
        "200606": "13.09",
        "200607": "13.12",
        "200608": "13.38",
        "200609": "12.52",
        "200610": "12.24",
        "200611": "12.75",
        "200612": "13.34",
        "200701": "13.56",
        "200702": "13.74",
        "200703": "13.55",
        "200704": "13.20",
        "200705": "13.51",
        "200706": "13.63",
        "200707": "14.66",
        "200708": "14.67",
        "200709": "14.19",
        "200710": "14.04",
        "200711": "13.80",
        "200712": "14.13",
        "200801": "13.79",
        "200802": "13.66",
        "200803": "14.15",
        "200804": "14.98",
        "200805": "14.84",
        "200806": "14.95",
        "200807": "14.82",
        "200808": "14.87",
        "200809": "13.80",
        "200810": "12.76",
        "200811": "11.38",
        "200812": "10.24",
        "200901": "10.70",
        "200902": "11.59",
        "200903": "12.49",
        "200904": "14.34",
        "200905": "15.00",
        "200906": "15.64",
        "200907": "15.53",
        "200908": "15.76",
        "200909": "15.91",
        "200910": "16.04",
        "200911": "16.45",
        "200912": "17.31",
        "201001": "18.10",
        "201002": "17.68",
        "201003": "19.27",
        "201004": "20.44",
        "201005": "19.43",
        "201006": "19.76",
        "201007": "18.76",
        "201008": "18.14",
        "201009": "18.14",
        "201010": "18.23",
        "201011": "17.59",
        "201012": "17.71",
        "201101": "17.92",
        "201102": "17.92",
        "201103": "17.97",
        "201104": "18.48",
        "201105": "18.85",
        "201106": "19.40",
        "201107": "18.95",
        "201108": "21.60",
        "201109": "18.51",
        "201110": "17.49",
        "201111": "17.94",
        "201112": "17.92",
        "201201": "17.99",
        "201202": "18.99",
        "201203": "19.53",
        "201204": "19.13",
        "201205": "18.92",
        "201206": "18.79",
        "201207": "18.18",
        "201208": "18.79",
        "201209": "18.98",
        "201210": "19.44",
        "201211": "19.12",
        "201212": "19.19",
        "201301": "19.19",
        "201302": "19.43",
        "201303": "21.62",
        "201304": "21.76",
        "201305": "21.58",
        "201306": "21.82",
        "201307": "23.27",
        "201308": "29.95",
        "201309": "36.26",
        "201310": "35.52",
        "201311": "32.47",
        "201312": "33.01",
        "201401": "33.92",
        "201402": "33.18",
        "201403": "33.82",
        "201404": "34.50",
        "201405": "32.78",
        "201406": "32.15",
        "201407": "31.87",
        "201408": "31.72",
        "201409": "29.55",
        "201410": "25.45",
        "201411": "23.18",
        "201412": "23.41",
        "201501": "24.36",
        "201502": "24.80",
        "201503": "25.33",
        "201504": "25.36",
        "201505": "25.44",
        "201506": "25.03",
        "201507": "24.88",
        "201508": "22.60",
        "201509": "20.42",
        "201510": "20.65",
        "201511": "20.06",
        "201512": "19.57",
        "201601": "19.60",
        "201602": "19.72",
        "201603": "19.65",
        "201604": "19.36",
        "201605": "18.86",
        "201606": "17.95",
        "201607": "18.78",
        "201608": "18.08",
        "201609": "17.81",
        "201610": "17.12",
        "201611": "16.81",
        "201612": "15.67",
        "201701": "14.90",
        "201702": "14.88",
        "201703": "14.53",
        "201704": "14.29",
        "201705": "13.74",
        "201706": "13.50",
        "201707": "13.60",
        "201708": "13.85",
        "201709": "14.10",
        "201710": "14.12",
        "201711": "13.87",
        "201712": "13.44",
        "201801": "13.73",
        "201802": "13.08",
        "201803": "12.96",
        "201804": "12.59",
        "201805": "12.35",
        "201806": "12.63",
        "201807": "12.85",
        "201808": "13.05",
        "201809": "13.22",
        "201810": "13.21",
        "201811": "13.12",
        "201812": "13.32",
        "201901": "13.78",
        "201902": "14.30",
        "201903": "13.17",
        "201904": "12.96",
        "201905": "13.06",
        "201906": "12.99",
        "201907": "13.31",
        "201908": "13.95",
        "201909": "14.78",
        "201910": "15.99",
        "201911": "15.07",
        "201912": "14.96",
        "202001": "14.88",
        "202002": "13.90",
        "202003": "11.63",
        "202004": "10.09",
        "202005": "9.58",
        "202006": "9.58",
        "202007": "9.30",
        "202008": "9.22",
        "202009": "9.31",
        "202010": "9.28",
        "202011": "9.78",
        "202012": "10.23",
        "202101": "9.97",
        "202102": "10.01",
        "202103": "11.62",
        "202104": "11.93",
        "202105": "10.96",
        "202106": "12.24",
        "202107": "12.32",
        "202108": "10.45",
        "202109": "9.40",
        "202110": "10.11",
        "202111": "10.13",
        "202112": "9.83",
        "202201": "9.83",
        "202202": "10.98",
        "202203": "11.87",
        "202204": "11.71",
        "202205": "11.95",
        "202206": "12.93",
        "202207": "12.57",
        "202208": "11.87",
        "202209": "11.74",
        "202210": "11.33",
        "202211": "11.09",
        "202212": "10.79",
        "202301": "10.80",
        "202302": "11.75",
        "202303": "12.28",
        "202304": "12.30",
        "202305": "12.75",
        "202306": "16.56",
        "202307": "18.71",
        "202308": "17.99",
        "202309": "19.58",
        "202310": "25.19",
        "202311": "27.00",
        "202312": "24.82"
    },
    "quarters": {
        "20011": {
            "year_quarter": 20011,
            "year": 2001,
            "quarter": 1,
            "eps": null,
            "eps_growth_year": null,
            "eps_4q": null,
            "eps_4q_growth_year": null,
            "roe": null,
            "roe_4q": 0,
            "gross_profit": null,
            "gross_margin": null,
            "gross_margin_4q_avg": 0,
            "net_income": null,
            "net_income_4q": null,
            "revenue": null,
            "revenue_4q": null,
            "common_shares": null,
            "book_valuer_per_share": null,
            "book_valuer_per_share_4q_avg": 0,
            "equity": null,
            "current_ratio": null,
            "debt_ratio": null,
            "inventory_turnover_ratio": null,
            "account_receivable_turnover_ratio": null,
            "reinvestment_rate": null,
            "research_to_sale_ratio": null,
            "price_fair": 0,
            "eps_avg_yearly": 0,
            "eps_latest_yearly": 0,
            "eps_growth_yearly": 0
        },
        "20012": {
            "year_quarter": 20012,
            "year": 2001,
            "quarter": 2,
            "eps": null,
            "eps_growth_year": null,
            "eps_4q": null,
            "eps_4q_growth_year": null,
            "roe": null,
            "roe_4q": 0,
            "gross_profit": null,
            "gross_margin": null,
            "gross_margin_4q_avg": 0,
            "net_income": null,
            "net_income_4q": null,
            "revenue": null,
            "revenue_4q": null,
            "common_shares": null,
            "book_valuer_per_share": null,
            "book_valuer_per_share_4q_avg": 0,
            "equity": null,
            "current_ratio": null,
            "debt_ratio": null,
            "inventory_turnover_ratio": null,
            "account_receivable_turnover_ratio": null,
            "reinvestment_rate": null,
            "research_to_sale_ratio": null,
            "price_fair": 0,
            "eps_avg_yearly": 0,
            "eps_latest_yearly": 0,
            "eps_growth_yearly": 0
        },
        "20013": {
            "year_quarter": 20013,
            "year": 2001,
            "quarter": 3,
            "eps": null,
            "eps_growth_year": null,
            "eps_4q": null,
            "eps_4q_growth_year": null,
            "roe": null,
            "roe_4q": 0,
            "gross_profit": null,
            "gross_margin": null,
            "gross_margin_4q_avg": 0,
            "net_income": null,
            "net_income_4q": null,
            "revenue": null,
            "revenue_4q": null,
            "common_shares": null,
            "book_valuer_per_share": null,
            "book_valuer_per_share_4q_avg": 0,
            "equity": null,
            "current_ratio": null,
            "debt_ratio": null,
            "inventory_turnover_ratio": null,
            "account_receivable_turnover_ratio": null,
            "reinvestment_rate": null,
            "research_to_sale_ratio": null,
            "price_fair": 0,
            "eps_avg_yearly": 0,
            "eps_latest_yearly": 0,
            "eps_growth_yearly": 0
        },
        "20014": {
            "year_quarter": 20014,
            "year": 2001,
            "quarter": 4,
            "eps": null,
            "eps_growth_year": null,
            "eps_4q": null,
            "eps_4q_growth_year": null,
            "roe": null,
            "roe_4q": 0,
            "gross_profit": null,
            "gross_margin": null,
            "gross_margin_4q_avg": 0,
            "net_income": null,
            "net_income_4q": null,
            "revenue": null,
            "revenue_4q": null,
            "common_shares": 424000,
            "book_valuer_per_share": 14.12,
            "book_valuer_per_share_4q_avg": 3.53,
            "equity": 732345,
            "current_ratio": 136.59,
            "debt_ratio": 39.83,
            "inventory_turnover_ratio": null,
            "account_receivable_turnover_ratio": null,
            "reinvestment_rate": null,
            "research_to_sale_ratio": null,
            "price_fair": 0,
            "eps_avg_yearly": 0,
            "eps_latest_yearly": 0,
            "eps_growth_yearly": 0
        },
        "20021": {
            "year_quarter": 20021,
            "year": 2002,
            "quarter": 1,
            "eps": null,
            "eps_growth_year": null,
            "eps_4q": null,
            "eps_4q_growth_year": null,
            "roe": null,
            "roe_4q": 0,
            "gross_profit": null,
            "gross_margin": null,
            "gross_margin_4q_avg": 0,
            "net_income": null,
            "net_income_4q": null,
            "revenue": null,
            "revenue_4q": null,
            "common_shares": null,
            "book_valuer_per_share": null,
            "book_valuer_per_share_4q_avg": 3.53,
            "equity": null,
            "current_ratio": null,
            "debt_ratio": null,
            "inventory_turnover_ratio": null,
            "account_receivable_turnover_ratio": null,
            "reinvestment_rate": null,
            "research_to_sale_ratio": null,
            "price_fair": 0,
            "eps_avg_yearly": 0,
            "eps_latest_yearly": 0,
            "eps_growth_yearly": 0
        },
        "20022": {
            "year_quarter": 20022,
            "year": 2002,
            "quarter": 2,
            "eps": null,
            "eps_growth_year": null,
            "eps_4q": null,
            "eps_4q_growth_year": null,
            "roe": null,
            "roe_4q": 0,
            "gross_profit": null,
            "gross_margin": null,
            "gross_margin_4q_avg": 0,
            "net_income": null,
            "net_income_4q": null,
            "revenue": null,
            "revenue_4q": null,
            "common_shares": null,
            "book_valuer_per_share": null,
            "book_valuer_per_share_4q_avg": 3.53,
            "equity": null,
            "current_ratio": null,
            "debt_ratio": null,
            "inventory_turnover_ratio": null,
            "account_receivable_turnover_ratio": null,
            "reinvestment_rate": null,
            "research_to_sale_ratio": null,
            "price_fair": 0,
            "eps_avg_yearly": 0,
            "eps_latest_yearly": 0,
            "eps_growth_yearly": 0
        },
        "20023": {
            "year_quarter": 20023,
            "year": 2002,
            "quarter": 3,
            "eps": 0.33,
            "eps_growth_year": null,
            "eps_4q": null,
            "eps_4q_growth_year": null,
            "roe": 2.38,
            "roe_4q": 2.38,
            "gross_profit": 34845,
            "gross_margin": 10.23,
            "gross_margin_4q_avg": 2.56,
            "net_income": 14549,
            "net_income_4q": null,
            "revenue": 340619,
            "revenue_4q": null,
            "common_shares": 445200,
            "book_valuer_per_share": 13.73,
            "book_valuer_per_share_4q_avg": 6.96,
            "equity": 611231,
            "current_ratio": 143.72,
            "debt_ratio": 37.33,
            "inventory_turnover_ratio": 3.08,
            "account_receivable_turnover_ratio": null,
            "reinvestment_rate": null,
            "research_to_sale_ratio": null,
            "price_fair": 0,
            "eps_avg_yearly": 0,
            "eps_latest_yearly": 0,
            "eps_growth_yearly": 0
        },
        "20024": {
            "year_quarter": 20024,
            "year": 2002,
            "quarter": 4,
            "eps": -0.01,
            "eps_growth_year": null,
            "eps_4q": null,
            "eps_4q_growth_year": null,
            "roe": -0.05,
            "roe_4q": 2.33,
            "gross_profit": 35710,
            "gross_margin": 9.58,
            "gross_margin_4q_avg": 4.95,
            "net_income": -374,
            "net_income_4q": null,
            "revenue": 372645,
            "revenue_4q": null,
            "common_shares": 445200,
            "book_valuer_per_share": 13.63,
            "book_valuer_per_share_4q_avg": 6.84,
            "equity": 756430,
            "current_ratio": 139.87,
            "debt_ratio": 42.31,
            "inventory_turnover_ratio": 2.13,
            "account_receivable_turnover_ratio": null,
            "reinvestment_rate": null,
            "research_to_sale_ratio": null,
            "price_fair": 0,
            "eps_avg_yearly": 0,
            "eps_latest_yearly": 0,
            "eps_growth_yearly": 0
        },
        "20031": {
            "year_quarter": 20031,
            "year": 2003,
            "quarter": 1,
            "eps": 0.28,
            "eps_growth_year": null,
            "eps_4q": null,
            "eps_4q_growth_year": null,
            "roe": 1.8,
            "roe_4q": 4.13,
            "gross_profit": 48058,
            "gross_margin": 11.7,
            "gross_margin_4q_avg": 7.88,
            "net_income": 12355,
            "net_income_4q": null,
            "revenue": 410655,
            "revenue_4q": null,
            "common_shares": 445200,
            "book_valuer_per_share": 13.91,
            "book_valuer_per_share_4q_avg": 10.32,
            "equity": 619121,
            "current_ratio": 162.75,
            "debt_ratio": 30.55,
            "inventory_turnover_ratio": 2.49,
            "account_receivable_turnover_ratio": null,
            "reinvestment_rate": null,
            "research_to_sale_ratio": null,
            "price_fair": 0,
            "eps_avg_yearly": 0,
            "eps_latest_yearly": 0,
            "eps_growth_yearly": 0
        },
        "20032": {
            "year_quarter": 20032,
            "year": 2003,
            "quarter": 2,
            "eps": 0.01,
            "eps_growth_year": null,
            "eps_4q": 0.6,
            "eps_4q_growth_year": null,
            "roe": 0.06,
            "roe_4q": 4.1899999999999995,
            "gross_profit": 25292,
            "gross_margin": 8.67,
            "gross_margin_4q_avg": 10.05,
            "net_income": 377,
            "net_income_4q": null,
            "revenue": 291616,
            "revenue_4q": null,
            "common_shares": 445200,
            "book_valuer_per_share": 13.37,
            "book_valuer_per_share_4q_avg": 13.66,
            "equity": 595253,
            "current_ratio": 146.73,
            "debt_ratio": 33.98,
            "inventory_turnover_ratio": 3.88,
            "account_receivable_turnover_ratio": null,
            "reinvestment_rate": null,
            "research_to_sale_ratio": null,
            "price_fair": 0.12,
            "eps_avg_yearly": 0.04,
            "eps_latest_yearly": 0.04,
            "eps_growth_yearly": -385.71
        },
        "20033": {
            "year_quarter": 20033,
            "year": 2003,
            "quarter": 3,
            "eps": 0.12,
            "eps_growth_year": -63.64,
            "eps_4q": 0.41,
            "eps_4q_growth_year": null,
            "roe": 0.86,
            "roe_4q": 2.67,
            "gross_profit": 39630,
            "gross_margin": 12.16,
            "gross_margin_4q_avg": 10.53,
            "net_income": 5143,
            "net_income_4q": null,
            "revenue": 325978,
            "revenue_4q": null,
            "common_shares": 445200,
            "book_valuer_per_share": 13.37,
            "book_valuer_per_share_4q_avg": 13.57,
            "equity": 595382,
            "current_ratio": 144.74,
            "debt_ratio": 35.85,
            "inventory_turnover_ratio": 4.2,
            "account_receivable_turnover_ratio": null,
            "reinvestment_rate": null,
            "research_to_sale_ratio": null,
            "price_fair": 9.1,
            "eps_avg_yearly": 0.26,
            "eps_latest_yearly": 0.48,
            "eps_growth_yearly": 2007.14
        },
        "20034": {
            "year_quarter": 20034,
            "year": 2003,
            "quarter": 4,
            "eps": 0.2,
            "eps_growth_year": null,
            "eps_4q": 0.6,
            "eps_4q_growth_year": null,
            "roe": 1.4,
            "roe_4q": 4.12,
            "gross_profit": 33325,
            "gross_margin": 9.6,
            "gross_margin_4q_avg": 10.53,
            "net_income": 8963,
            "net_income_4q": null,
            "revenue": 347166,
            "revenue_4q": null,
            "common_shares": 445200,
            "book_valuer_per_share": 13.49,
            "book_valuer_per_share_4q_avg": 13.54,
            "equity": 685547,
            "current_ratio": 137.75,
            "debt_ratio": 41.61,
            "inventory_turnover_ratio": 2.29,
            "account_receivable_turnover_ratio": null,
            "reinvestment_rate": null,
            "research_to_sale_ratio": null,
            "price_fair": 15.4,
            "eps_avg_yearly": 0.44,
            "eps_latest_yearly": 0.8,
            "eps_growth_yearly": 1426.98
        },
        "20041": {
            "year_quarter": 20041,
            "year": 2004,
            "quarter": 1,
            "eps": 0.14,
            "eps_growth_year": -50,
            "eps_4q": 0.46,
            "eps_4q_growth_year": null,
            "roe": 1,
            "roe_4q": 3.32,
            "gross_profit": 45431,
            "gross_margin": 12.75,
            "gross_margin_4q_avg": 10.8,
            "net_income": 6436,
            "net_income_4q": null,
            "revenue": 356246,
            "revenue_4q": null,
            "common_shares": 445200,
            "book_valuer_per_share": 13.46,
            "book_valuer_per_share_4q_avg": 13.42,
            "equity": 599404,
            "current_ratio": 122.39,
            "debt_ratio": 38.59,
            "inventory_turnover_ratio": 2.34,
            "account_receivable_turnover_ratio": null,
            "reinvestment_rate": null,
            "research_to_sale_ratio": null,
            "price_fair": 16.45,
            "eps_avg_yearly": 0.47,
            "eps_latest_yearly": 0.56,
            "eps_growth_yearly": 1040.24
        },
        "20042": {
            "year_quarter": 20042,
            "year": 2004,
            "quarter": 2,
            "eps": 0.33,
            "eps_growth_year": 3200,
            "eps_4q": 0.79,
            "eps_4q_growth_year": 30.2,
            "roe": 2.48,
            "roe_4q": 5.74,
            "gross_profit": 46812,
            "gross_margin": 12.49,
            "gross_margin_4q_avg": 11.75,
            "net_income": 14837,
            "net_income_4q": null,
            "revenue": 374757,
            "revenue_4q": null,
            "common_shares": 445200,
            "book_valuer_per_share": 13.38,
            "book_valuer_per_share_4q_avg": 13.43,
            "equity": 595821,
            "current_ratio": 117.46,
            "debt_ratio": 40.77,
            "inventory_turnover_ratio": 5.36,
            "account_receivable_turnover_ratio": null,
            "reinvestment_rate": null,
            "research_to_sale_ratio": null,
            "price_fair": 22.4,
            "eps_avg_yearly": 0.64,
            "eps_latest_yearly": 1.32,
            "eps_growth_yearly": 940.76
        },
        "20043": {
            "year_quarter": 20043,
            "year": 2004,
            "quarter": 3,
            "eps": 0.43,
            "eps_growth_year": 258.33,
            "eps_4q": 1.12,
            "eps_4q_growth_year": 173.39,
            "roe": 3.12,
            "roe_4q": 8,
            "gross_profit": 54073,
            "gross_margin": 12.82,
            "gross_margin_4q_avg": 11.92,
            "net_income": 18942,
            "net_income_4q": null,
            "revenue": 421629,
            "revenue_4q": null,
            "common_shares": 445200,
            "book_valuer_per_share": 13.85,
            "book_valuer_per_share_4q_avg": 13.55,
            "equity": 616579,
            "current_ratio": 122.1,
            "debt_ratio": 40.87,
            "inventory_turnover_ratio": 5.92,
            "account_receivable_turnover_ratio": null,
            "reinvestment_rate": null,
            "research_to_sale_ratio": null,
            "price_fair": 28.7,
            "eps_avg_yearly": 0.82,
            "eps_latest_yearly": 1.72,
            "eps_growth_yearly": 804.17
        },
        "20044": {
            "year_quarter": 20044,
            "year": 2004,
            "quarter": 4,
            "eps": 0.16,
            "eps_growth_year": -20,
            "eps_4q": 1.06,
            "eps_4q_growth_year": 77.33,
            "roe": 1.09,
            "roe_4q": 7.6899999999999995,
            "gross_profit": 48915,
            "gross_margin": 11.81,
            "gross_margin_4q_avg": 12.47,
            "net_income": 7134,
            "net_income_4q": null,
            "revenue": 414284,
            "revenue_4q": null,
            "common_shares": 445200,
            "book_valuer_per_share": 13.54,
            "book_valuer_per_share_4q_avg": 13.56,
            "equity": 687728,
            "current_ratio": 141.15,
            "debt_ratio": 45.07,
            "inventory_turnover_ratio": 2.69,
            "account_receivable_turnover_ratio": null,
            "reinvestment_rate": null,
            "research_to_sale_ratio": null,
            "price_fair": 27.8,
            "eps_avg_yearly": 0.79,
            "eps_latest_yearly": 0.64,
            "eps_growth_yearly": 653.41
        },
        "20051": {
            "year_quarter": 20051,
            "year": 2005,
            "quarter": 1,
            "eps": 0.25,
            "eps_growth_year": 78.57,
            "eps_4q": 1.17,
            "eps_4q_growth_year": 156.21,
            "roe": 1.72,
            "roe_4q": 8.41,
            "gross_profit": 52108,
            "gross_margin": 13.35,
            "gross_margin_4q_avg": 12.62,
            "net_income": 11168,
            "net_income_4q": null,
            "revenue": 390299,
            "revenue_4q": null,
            "common_shares": 445200,
            "book_valuer_per_share": 13.76,
            "book_valuer_per_share_4q_avg": 13.63,
            "equity": 612726,
            "current_ratio": 131.95,
            "debt_ratio": 37.81,
            "inventory_turnover_ratio": 2.53,
            "account_receivable_turnover_ratio": null,
            "reinvestment_rate": null,
            "research_to_sale_ratio": null,
            "price_fair": 28.7,
            "eps_avg_yearly": 0.82,
            "eps_latest_yearly": 1,
            "eps_growth_yearly": 599.86
        },
        "20052": {
            "year_quarter": 20052,
            "year": 2005,
            "quarter": 2,
            "eps": 0.37,
            "eps_growth_year": 12.12,
            "eps_4q": 1.22,
            "eps_4q_growth_year": 54.64,
            "roe": 2.7,
            "roe_4q": 8.629999999999999,
            "gross_profit": 55173,
            "gross_margin": 12.68,
            "gross_margin_4q_avg": 12.67,
            "net_income": 16272,
            "net_income_4q": null,
            "revenue": 435191,
            "revenue_4q": null,
            "common_shares": 445200,
            "book_valuer_per_share": 13.29,
            "book_valuer_per_share_4q_avg": 13.61,
            "equity": 591850,
            "current_ratio": 121.92,
            "debt_ratio": 41.87,
            "inventory_turnover_ratio": 6.04,
            "account_receivable_turnover_ratio": null,
            "reinvestment_rate": null,
            "research_to_sale_ratio": null,
            "price_fair": 31.27,
            "eps_avg_yearly": 0.89,
            "eps_latest_yearly": 1.48,
            "eps_growth_yearly": 554.54
        },
        "20053": {
            "year_quarter": 20053,
            "year": 2005,
            "quarter": 3,
            "eps": 0.44,
            "eps_growth_year": 2.33,
            "eps_4q": 1.21,
            "eps_4q_growth_year": 8.68,
            "roe": 3.22,
            "roe_4q": 8.73,
            "gross_profit": 57922,
            "gross_margin": 13.02,
            "gross_margin_4q_avg": 12.72,
            "net_income": 19672,
            "net_income_4q": null,
            "revenue": 444980,
            "revenue_4q": null,
            "common_shares": 445200,
            "book_valuer_per_share": 14.19,
            "book_valuer_per_share_4q_avg": 13.7,
            "equity": 631519,
            "current_ratio": 130.72,
            "debt_ratio": 39.2,
            "inventory_turnover_ratio": 5.65,
            "account_receivable_turnover_ratio": null,
            "reinvestment_rate": null,
            "research_to_sale_ratio": null,
            "price_fair": 34.3,
            "eps_avg_yearly": 0.98,
            "eps_latest_yearly": 1.76,
            "eps_growth_yearly": 506.65
        },
        "20054": {
            "year_quarter": 20054,
            "year": 2005,
            "quarter": 4,
            "eps": 0.28,
            "eps_growth_year": 75,
            "eps_4q": 1.35,
            "eps_4q_growth_year": 26.84,
            "roe": 1.84,
            "roe_4q": 9.48,
            "gross_profit": 59090,
            "gross_margin": 12.67,
            "gross_margin_4q_avg": 12.93,
            "net_income": 12363,
            "net_income_4q": null,
            "revenue": 466254,
            "revenue_4q": null,
            "common_shares": 445200,
            "book_valuer_per_share": 14,
            "book_valuer_per_share_4q_avg": 13.81,
            "equity": 710009,
            "current_ratio": 143.31,
            "debt_ratio": 46.96,
            "inventory_turnover_ratio": 2.38,
            "account_receivable_turnover_ratio": null,
            "reinvestment_rate": null,
            "research_to_sale_ratio": null,
            "price_fair": 34.75,
            "eps_avg_yearly": 0.99,
            "eps_latest_yearly": 1.12,
            "eps_growth_yearly": 447.37
        },
        "20061": {
            "year_quarter": 20061,
            "year": 2006,
            "quarter": 1,
            "eps": 0.4,
            "eps_growth_year": 60,
            "eps_4q": 1.46,
            "eps_4q_growth_year": 25.54,
            "roe": 2.69,
            "roe_4q": 10.45,
            "gross_profit": 65021,
            "gross_margin": 13.65,
            "gross_margin_4q_avg": 13.01,
            "net_income": 18167,
            "net_income_4q": null,
            "revenue": 476453,
            "revenue_4q": null,
            "common_shares": 445200,
            "book_valuer_per_share": 14.38,
            "book_valuer_per_share_4q_avg": 13.97,
            "equity": 640008,
            "current_ratio": 138.32,
            "debt_ratio": 39.65,
            "inventory_turnover_ratio": 2.4,
            "account_receivable_turnover_ratio": null,
            "reinvestment_rate": null,
            "research_to_sale_ratio": null,
            "price_fair": 36.52,
            "eps_avg_yearly": 1.04,
            "eps_latest_yearly": 1.6,
            "eps_growth_yearly": 424.38
        },
        "20062": {
            "year_quarter": 20062,
            "year": 2006,
            "quarter": 2,
            "eps": 0.14,
            "eps_growth_year": -62.16,
            "eps_4q": 1.24,
            "eps_4q_growth_year": 2.2,
            "roe": 1.03,
            "roe_4q": 8.78,
            "gross_profit": 57559,
            "gross_margin": 12.38,
            "gross_margin_4q_avg": 12.93,
            "net_income": 6368,
            "net_income_4q": null,
            "revenue": 464839,
            "revenue_4q": null,
            "common_shares": 445200,
            "book_valuer_per_share": 13.35,
            "book_valuer_per_share_4q_avg": 13.98,
            "equity": 594241,
            "current_ratio": 126.7,
            "debt_ratio": 42.5,
            "inventory_turnover_ratio": 5.4,
            "account_receivable_turnover_ratio": null,
            "reinvestment_rate": 162.78,
            "research_to_sale_ratio": null,
            "price_fair": 35.22,
            "eps_avg_yearly": 1.01,
            "eps_latest_yearly": 0.56,
            "eps_growth_yearly": 371.73
        },
        "20063": {
            "year_quarter": 20063,
            "year": 2006,
            "quarter": 3,
            "eps": 0.17,
            "eps_growth_year": -61.36,
            "eps_4q": 1.02,
            "eps_4q_growth_year": -15.73,
            "roe": 1.22,
            "roe_4q": 6.779999999999999,
            "gross_profit": 67078,
            "gross_margin": 13.85,
            "gross_margin_4q_avg": 13.14,
            "net_income": 7358,
            "net_income_4q": null,
            "revenue": 484328,
            "revenue_4q": null,
            "common_shares": 445200,
            "book_valuer_per_share": 13.73,
            "book_valuer_per_share_4q_avg": 13.87,
            "equity": 611292,
            "current_ratio": 139.21,
            "debt_ratio": 38.85,
            "inventory_turnover_ratio": 5.09,
            "account_receivable_turnover_ratio": null,
            "reinvestment_rate": -10.96,
            "research_to_sale_ratio": null,
            "price_fair": 34.4,
            "eps_avg_yearly": 0.98,
            "eps_latest_yearly": 0.68,
            "eps_growth_yearly": 351.3
        },
        "20064": {
            "year_quarter": 20064,
            "year": 2006,
            "quarter": 4,
            "eps": 0.12,
            "eps_growth_year": -57.14,
            "eps_4q": 0.84,
            "eps_4q_growth_year": -37.77,
            "roe": 0.81,
            "roe_4q": 5.75,
            "gross_profit": 63296,
            "gross_margin": 12.64,
            "gross_margin_4q_avg": 13.13,
            "net_income": 5329,
            "net_income_4q": null,
            "revenue": 500764,
            "revenue_4q": null,
            "common_shares": 445200,
            "book_valuer_per_share": 14.29,
            "book_valuer_per_share_4q_avg": 13.94,
            "equity": 711384,
            "current_ratio": 132.29,
            "debt_ratio": 47.89,
            "inventory_turnover_ratio": 2.15,
            "account_receivable_turnover_ratio": null,
            "reinvestment_rate": -16.77,
            "research_to_sale_ratio": null,
            "price_fair": 33.23,
            "eps_avg_yearly": 0.95,
            "eps_latest_yearly": 0.48,
            "eps_growth_yearly": 320.04
        },
        "20071": {
            "year_quarter": 20071,
            "year": 2007,
            "quarter": 1,
            "eps": 0.27,
            "eps_growth_year": -32.5,
            "eps_4q": 0.7,
            "eps_4q_growth_year": -52.47,
            "roe": 1.77,
            "roe_4q": 4.83,
            "gross_profit": 58819,
            "gross_margin": 12.96,
            "gross_margin_4q_avg": 12.96,
            "net_income": 12088,
            "net_income_4q": null,
            "revenue": 453920,
            "revenue_4q": null,
            "common_shares": 445200,
            "book_valuer_per_share": 14.74,
            "book_valuer_per_share_4q_avg": 14.03,
            "equity": 656313,
            "current_ratio": 152.78,
            "debt_ratio": 35.56,
            "inventory_turnover_ratio": 2,
            "account_receivable_turnover_ratio": null,
            "reinvestment_rate": -13.48,
            "research_to_sale_ratio": null,
            "price_fair": 33.51,
            "eps_avg_yearly": 0.96,
            "eps_latest_yearly": 1.08,
            "eps_growth_yearly": 331.29
        },
        "20072": {
            "year_quarter": 20072,
            "year": 2007,
            "quarter": 2,
            "eps": 0.29,
            "eps_growth_year": 107.14,
            "eps_4q": 0.85,
            "eps_4q_growth_year": -31.4,
            "roe": 1.97,
            "roe_4q": 5.7700000000000005,
            "gross_profit": 68615,
            "gross_margin": 12.92,
            "gross_margin_4q_avg": 13.09,
            "net_income": 12758,
            "net_income_4q": null,
            "revenue": 530915,
            "revenue_4q": null,
            "common_shares": 445200,
            "book_valuer_per_share": 14.29,
            "book_valuer_per_share_4q_avg": 14.26,
            "equity": 636249,
            "current_ratio": 143.19,
            "debt_ratio": 39.2,
            "inventory_turnover_ratio": 5.68,
            "account_receivable_turnover_ratio": null,
            "reinvestment_rate": -12.61,
            "research_to_sale_ratio": null,
            "price_fair": 35.96,
            "eps_avg_yearly": 1.03,
            "eps_latest_yearly": 1.16,
            "eps_growth_yearly": 357.24
        },
        "20073": {
            "year_quarter": 20073,
            "year": 2007,
            "quarter": 3,
            "eps": 0.3,
            "eps_growth_year": 76.47,
            "eps_4q": 0.98,
            "eps_4q_growth_year": -4.17,
            "roe": 2.07,
            "roe_4q": 6.620000000000001,
            "gross_profit": 69880,
            "gross_margin": 13.38,
            "gross_margin_4q_avg": 12.98,
            "net_income": 13316,
            "net_income_4q": null,
            "revenue": 522118,
            "revenue_4q": null,
            "common_shares": 445200,
            "book_valuer_per_share": 14.62,
            "book_valuer_per_share_4q_avg": 14.49,
            "equity": 650681,
            "current_ratio": 153.56,
            "debt_ratio": 37.5,
            "inventory_turnover_ratio": 5.21,
            "account_receivable_turnover_ratio": null,
            "reinvestment_rate": -13.31,
            "research_to_sale_ratio": null,
            "price_fair": 37.54,
            "eps_avg_yearly": 1.07,
            "eps_latest_yearly": 1.2,
            "eps_growth_yearly": 83.11
        },
        "20074": {
            "year_quarter": 20074,
            "year": 2007,
            "quarter": 4,
            "eps": 0.36,
            "eps_growth_year": 200,
            "eps_4q": 1.21,
            "eps_4q_growth_year": 44.23,
            "roe": 2.32,
            "roe_4q": 8.129999999999999,
            "gross_profit": 81271,
            "gross_margin": 13.6,
            "gross_margin_4q_avg": 13.22,
            "net_income": 16184,
            "net_income_4q": null,
            "revenue": 597456,
            "revenue_4q": null,
            "common_shares": 445200,
            "book_valuer_per_share": 15.14,
            "book_valuer_per_share_4q_avg": 14.7,
            "equity": 741949,
            "current_ratio": 128.87,
            "debt_ratio": 50.54,
            "inventory_turnover_ratio": 2.52,
            "account_receivable_turnover_ratio": null,
            "reinvestment_rate": 5.08,
            "research_to_sale_ratio": null,
            "price_fair": 38.94,
            "eps_avg_yearly": 1.11,
            "eps_latest_yearly": 1.44,
            "eps_growth_yearly": 71.44
        },
        "20081": {
            "year_quarter": 20081,
            "year": 2008,
            "quarter": 1,
            "eps": -0.1,
            "eps_growth_year": -137.04,
            "eps_4q": 0.48,
            "eps_4q_growth_year": -30.33,
            "roe": -1.06,
            "roe_4q": 5.3,
            "gross_profit": 92146,
            "gross_margin": 16.42,
            "gross_margin_4q_avg": 14.08,
            "net_income": -7804,
            "net_income_4q": null,
            "revenue": 561139,
            "revenue_4q": null,
            "common_shares": 445200,
            "book_valuer_per_share": 14.92,
            "book_valuer_per_share_4q_avg": 14.74,
            "equity": 727481,
            "current_ratio": 130.96,
            "debt_ratio": 49.02,
            "inventory_turnover_ratio": 1.48,
            "account_receivable_turnover_ratio": null,
            "reinvestment_rate": 124.6,
            "research_to_sale_ratio": null,
            "price_fair": 40.23,
            "eps_avg_yearly": 1.15,
            "eps_latest_yearly": 1.44,
            "eps_growth_yearly": 84.2
        },
        "20082": {
            "year_quarter": 20082,
            "year": 2008,
            "quarter": 2,
            "eps": 0.41,
            "eps_growth_year": 41.38,
            "eps_4q": 1.25,
            "eps_4q_growth_year": 46.71,
            "roe": 1.99,
            "roe_4q": 5.32,
            "gross_profit": 99320,
            "gross_margin": 15.41,
            "gross_margin_4q_avg": 14.7,
            "net_income": 14165,
            "net_income_4q": null,
            "revenue": 644618,
            "revenue_4q": null,
            "common_shares": 445200,
            "book_valuer_per_share": 14.29,
            "book_valuer_per_share_4q_avg": 14.74,
            "equity": 696522,
            "current_ratio": 122.5,
            "debt_ratio": 52.58,
            "inventory_turnover_ratio": 1.77,
            "account_receivable_turnover_ratio": null,
            "reinvestment_rate": 128.41,
            "research_to_sale_ratio": null,
            "price_fair": 39.8,
            "eps_avg_yearly": 1.14,
            "eps_latest_yearly": 1.44,
            "eps_growth_yearly": 51.44
        },
        "20083": {
            "year_quarter": 20083,
            "year": 2008,
            "quarter": 3,
            "eps": 0.3,
            "eps_growth_year": 0,
            "eps_4q": 1.67,
            "eps_4q_growth_year": 70.79,
            "roe": 1.09,
            "roe_4q": 4.34,
            "gross_profit": 82514,
            "gross_margin": 13.23,
            "gross_margin_4q_avg": 14.67,
            "net_income": 7727,
            "net_income_4q": null,
            "revenue": 623680,
            "revenue_4q": null,
            "common_shares": 445200,
            "book_valuer_per_share": 14.87,
            "book_valuer_per_share_4q_avg": 14.81,
            "equity": 720803,
            "current_ratio": 120.11,
            "debt_ratio": 53.8,
            "inventory_turnover_ratio": 1.65,
            "account_receivable_turnover_ratio": null,
            "reinvestment_rate": 153.35,
            "research_to_sale_ratio": null,
            "price_fair": 38.5,
            "eps_avg_yearly": 1.1,
            "eps_latest_yearly": 1.2,
            "eps_growth_yearly": 35.12
        },
        "20084": {
            "year_quarter": 20084,
            "year": 2008,
            "quarter": 4,
            "eps": 0.32,
            "eps_growth_year": -11.11,
            "eps_4q": 0.84,
            "eps_4q_growth_year": -30.55,
            "roe": 2.15,
            "roe_4q": 4.17,
            "gross_profit": 113886,
            "gross_margin": 18.35,
            "gross_margin_4q_avg": 15.85,
            "net_income": 15801,
            "net_income_4q": null,
            "revenue": 620755,
            "revenue_4q": null,
            "common_shares": 445200,
            "book_valuer_per_share": 15.43,
            "book_valuer_per_share_4q_avg": 14.88,
            "equity": 748578,
            "current_ratio": 117.95,
            "debt_ratio": 54.79,
            "inventory_turnover_ratio": 1.47,
            "account_receivable_turnover_ratio": 3.13,
            "reinvestment_rate": 45.92,
            "research_to_sale_ratio": null,
            "price_fair": 40.1,
            "eps_avg_yearly": 1.15,
            "eps_latest_yearly": 1.28,
            "eps_growth_yearly": 54.96
        },
        "20091": {
            "year_quarter": 20091,
            "year": 2009,
            "quarter": 1,
            "eps": 0.65,
            "eps_growth_year": null,
            "eps_4q": 1.55,
            "eps_4q_growth_year": 219.47,
            "roe": 4.08,
            "roe_4q": 9.31,
            "gross_profit": 114550,
            "gross_margin": 19.64,
            "gross_margin_4q_avg": 16.66,
            "net_income": 31372,
            "net_income_4q": null,
            "revenue": 583337,
            "revenue_4q": null,
            "common_shares": 445200,
            "book_valuer_per_share": 16.23,
            "book_valuer_per_share_4q_avg": 15.21,
            "equity": 788614,
            "current_ratio": 123.06,
            "debt_ratio": 51.26,
            "inventory_turnover_ratio": 1.51,
            "account_receivable_turnover_ratio": 1.66,
            "reinvestment_rate": 153.12,
            "research_to_sale_ratio": null,
            "price_fair": 44.1,
            "eps_avg_yearly": 1.26,
            "eps_latest_yearly": 2.6,
            "eps_growth_yearly": 68.36
        },
        "20092": {
            "year_quarter": 20092,
            "year": 2009,
            "quarter": 2,
            "eps": 0.26,
            "eps_growth_year": -36.59,
            "eps_4q": 1.55,
            "eps_4q_growth_year": 23.78,
            "roe": 1.55,
            "roe_4q": 8.87,
            "gross_profit": 117058,
            "gross_margin": 20.98,
            "gross_margin_4q_avg": 18.05,
            "net_income": 11412,
            "net_income_4q": null,
            "revenue": 557905,
            "revenue_4q": null,
            "common_shares": 445200,
            "book_valuer_per_share": 15.44,
            "book_valuer_per_share_4q_avg": 15.49,
            "equity": 687590,
            "current_ratio": 122.02,
            "debt_ratio": 56.17,
            "inventory_turnover_ratio": 1.67,
            "account_receivable_turnover_ratio": 1.96,
            "reinvestment_rate": 141.67,
            "research_to_sale_ratio": null,
            "price_fair": 43,
            "eps_avg_yearly": 1.23,
            "eps_latest_yearly": 1.04,
            "eps_growth_yearly": 37.5
        },
        "20093": {
            "year_quarter": 20093,
            "year": 2009,
            "quarter": 3,
            "eps": 0.43,
            "eps_growth_year": 43.33,
            "eps_4q": 1.66,
            "eps_4q_growth_year": -0.85,
            "roe": 2.76,
            "roe_4q": 10.540000000000001,
            "gross_profit": 93998,
            "gross_margin": 17.41,
            "gross_margin_4q_avg": 19.1,
            "net_income": 19180,
            "net_income_4q": null,
            "revenue": 539885,
            "revenue_4q": null,
            "common_shares": 445200,
            "book_valuer_per_share": 15.76,
            "book_valuer_per_share_4q_avg": 15.72,
            "equity": 701691,
            "current_ratio": 125.75,
            "debt_ratio": 54.11,
            "inventory_turnover_ratio": 1.88,
            "account_receivable_turnover_ratio": 1.88,
            "reinvestment_rate": 149.92,
            "research_to_sale_ratio": null,
            "price_fair": 42.9,
            "eps_avg_yearly": 1.23,
            "eps_latest_yearly": 1.72,
            "eps_growth_yearly": 50.78
        },
        "20094": {
            "year_quarter": 20094,
            "year": 2009,
            "quarter": 4,
            "eps": 0.44,
            "eps_growth_year": 37.5,
            "eps_4q": 1.78,
            "eps_4q_growth_year": 112.1,
            "roe": 2.79,
            "roe_4q": 11.18,
            "gross_profit": 118817,
            "gross_margin": 20.23,
            "gross_margin_4q_avg": 19.57,
            "net_income": 19805,
            "net_income_4q": null,
            "revenue": 587466,
            "revenue_4q": null,
            "common_shares": 445200,
            "book_valuer_per_share": 16.17,
            "book_valuer_per_share_4q_avg": 15.9,
            "equity": 719915,
            "current_ratio": 124.59,
            "debt_ratio": 56.06,
            "inventory_turnover_ratio": 1.93,
            "account_receivable_turnover_ratio": 3.39,
            "reinvestment_rate": 173.88,
            "research_to_sale_ratio": null,
            "price_fair": 44.5,
            "eps_avg_yearly": 1.27,
            "eps_latest_yearly": 1.76,
            "eps_growth_yearly": 61.83
        },
        "20101": {
            "year_quarter": 20101,
            "year": 2010,
            "quarter": 1,
            "eps": 0.24,
            "eps_growth_year": -63.08,
            "eps_4q": 1.38,
            "eps_4q_growth_year": -11.16,
            "roe": 1.49,
            "roe_4q": 8.59,
            "gross_profit": 88780,
            "gross_margin": 17.16,
            "gross_margin_4q_avg": 18.95,
            "net_income": 10797,
            "net_income_4q": null,
            "revenue": 517427,
            "revenue_4q": null,
            "common_shares": 445200,
            "book_valuer_per_share": 16.38,
            "book_valuer_per_share_4q_avg": 15.94,
            "equity": 729050,
            "current_ratio": 124.84,
            "debt_ratio": 55.92,
            "inventory_turnover_ratio": 1.51,
            "account_receivable_turnover_ratio": 1.52,
            "reinvestment_rate": 294.4,
            "research_to_sale_ratio": 0.62,
            "price_fair": 42.9,
            "eps_avg_yearly": 1.23,
            "eps_latest_yearly": 0.96,
            "eps_growth_yearly": 36.6
        },
        "20102": {
            "year_quarter": 20102,
            "year": 2010,
            "quarter": 2,
            "eps": 0.36,
            "eps_growth_year": 36.97,
            "eps_4q": 1.47,
            "eps_4q_growth_year": -4.84,
            "roe": 2.25,
            "roe_4q": 9.29,
            "gross_profit": 130213,
            "gross_margin": 17.39,
            "gross_margin_4q_avg": 18.05,
            "net_income": 15855,
            "net_income_4q": null,
            "revenue": 748899,
            "revenue_4q": null,
            "common_shares": 445200,
            "book_valuer_per_share": 15.23,
            "book_valuer_per_share_4q_avg": 15.89,
            "equity": 677873,
            "current_ratio": 113.65,
            "debt_ratio": 63.85,
            "inventory_turnover_ratio": 1.84,
            "account_receivable_turnover_ratio": 1.83,
            "reinvestment_rate": 286.65,
            "research_to_sale_ratio": 0.47,
            "price_fair": 45.1,
            "eps_avg_yearly": 1.29,
            "eps_latest_yearly": 1.44,
            "eps_growth_yearly": 69.45
        },
        "20103": {
            "year_quarter": 20103,
            "year": 2010,
            "quarter": 3,
            "eps": 0.36,
            "eps_growth_year": -16.7,
            "eps_4q": 1.4,
            "eps_4q_growth_year": -15.52,
            "roe": 2.33,
            "roe_4q": 8.86,
            "gross_profit": 136159,
            "gross_margin": 17.23,
            "gross_margin_4q_avg": 18,
            "net_income": 15946,
            "net_income_4q": null,
            "revenue": 790399,
            "revenue_4q": null,
            "common_shares": 445200,
            "book_valuer_per_share": 15.51,
            "book_valuer_per_share_4q_avg": 15.82,
            "equity": 690482,
            "current_ratio": 111.36,
            "debt_ratio": 67.71,
            "inventory_turnover_ratio": 1.57,
            "account_receivable_turnover_ratio": 1.55,
            "reinvestment_rate": 278.64,
            "research_to_sale_ratio": 0.41,
            "price_fair": 47,
            "eps_avg_yearly": 1.34,
            "eps_latest_yearly": 1.44,
            "eps_growth_yearly": 63.33
        },
        "20104": {
            "year_quarter": 20104,
            "year": 2010,
            "quarter": 4,
            "eps": 0.45,
            "eps_growth_year": 2.79,
            "eps_4q": 1.41,
            "eps_4q_growth_year": -20.87,
            "roe": 2.92,
            "roe_4q": 8.99,
            "gross_profit": 140191,
            "gross_margin": 16.32,
            "gross_margin_4q_avg": 17.03,
            "net_income": 20136,
            "net_income_4q": null,
            "revenue": 858895,
            "revenue_4q": null,
            "common_shares": 445200,
            "book_valuer_per_share": 15.43,
            "book_valuer_per_share_4q_avg": 15.64,
            "equity": 687018,
            "current_ratio": 115.05,
            "debt_ratio": 65.12,
            "inventory_turnover_ratio": 1.57,
            "account_receivable_turnover_ratio": 1.58,
            "reinvestment_rate": 137.98,
            "research_to_sale_ratio": 0.4,
            "price_fair": 50.3,
            "eps_avg_yearly": 1.44,
            "eps_latest_yearly": 1.8,
            "eps_growth_yearly": 78.88
        },
        "20111": {
            "year_quarter": 20111,
            "year": 2011,
            "quarter": 1,
            "eps": 0.32,
            "eps_growth_year": 33.33,
            "eps_4q": 1.48,
            "eps_4q_growth_year": 7.92,
            "roe": 2.03,
            "roe_4q": 9.53,
            "gross_profit": 114957,
            "gross_margin": 16.85,
            "gross_margin_4q_avg": 16.95,
            "net_income": 14149,
            "net_income_4q": null,
            "revenue": 682068,
            "revenue_4q": null,
            "common_shares": 445200,
            "book_valuer_per_share": 15.84,
            "book_valuer_per_share_4q_avg": 15.5,
            "equity": 705330,
            "current_ratio": 115.13,
            "debt_ratio": 64.6,
            "inventory_turnover_ratio": 1.12,
            "account_receivable_turnover_ratio": 1.36,
            "reinvestment_rate": 241.9,
            "research_to_sale_ratio": 0.55,
            "price_fair": 50.8,
            "eps_avg_yearly": 1.45,
            "eps_latest_yearly": 1.28,
            "eps_growth_yearly": 34.91
        },
        "20112": {
            "year_quarter": 20112,
            "year": 2011,
            "quarter": 2,
            "eps": 0.39,
            "eps_growth_year": 9.23,
            "eps_4q": 1.52,
            "eps_4q_growth_year": 2.91,
            "roe": 2.53,
            "roe_4q": 9.809999999999999,
            "gross_profit": 143383,
            "gross_margin": 17.43,
            "gross_margin_4q_avg": 16.96,
            "net_income": 17319,
            "net_income_4q": null,
            "revenue": 822685,
            "revenue_4q": null,
            "common_shares": 445200,
            "book_valuer_per_share": 14.9,
            "book_valuer_per_share_4q_avg": 15.42,
            "equity": 663318,
            "current_ratio": 103.14,
            "debt_ratio": 70.29,
            "inventory_turnover_ratio": 1.2,
            "account_receivable_turnover_ratio": 1.67,
            "reinvestment_rate": 282.21,
            "research_to_sale_ratio": 0.43,
            "price_fair": 51.8,
            "eps_avg_yearly": 1.48,
            "eps_latest_yearly": 1.56,
            "eps_growth_yearly": 39.04
        },
        "20113": {
            "year_quarter": 20113,
            "year": 2011,
            "quarter": 3,
            "eps": 0.56,
            "eps_growth_year": 57.11,
            "eps_4q": 1.72,
            "eps_4q_growth_year": 22.84,
            "roe": 3.66,
            "roe_4q": 11.139999999999999,
            "gross_profit": 131149,
            "gross_margin": 16.16,
            "gross_margin_4q_avg": 16.69,
            "net_income": 25052,
            "net_income_4q": null,
            "revenue": 811649,
            "revenue_4q": null,
            "common_shares": 445200,
            "book_valuer_per_share": 15.87,
            "book_valuer_per_share_4q_avg": 15.51,
            "equity": 706491,
            "current_ratio": 104.98,
            "debt_ratio": 66.58,
            "inventory_turnover_ratio": 1.29,
            "account_receivable_turnover_ratio": 1.63,
            "reinvestment_rate": 235.98,
            "research_to_sale_ratio": 0.47,
            "price_fair": 54.4,
            "eps_avg_yearly": 1.55,
            "eps_latest_yearly": 2.24,
            "eps_growth_yearly": 50.51
        },
        "20114": {
            "year_quarter": 20114,
            "year": 2011,
            "quarter": 4,
            "eps": 0.05,
            "eps_growth_year": -89.67,
            "eps_4q": 1.32,
            "eps_4q_growth_year": -6.59,
            "roe": 0.3,
            "roe_4q": 8.52,
            "gross_profit": 116388,
            "gross_margin": 17.28,
            "gross_margin_4q_avg": 16.93,
            "net_income": 2080,
            "net_income_4q": null,
            "revenue": 673435,
            "revenue_4q": null,
            "common_shares": 445200,
            "book_valuer_per_share": 15.74,
            "book_valuer_per_share_4q_avg": 15.59,
            "equity": 700828,
            "current_ratio": 104.41,
            "debt_ratio": 68.11,
            "inventory_turnover_ratio": 1.15,
            "account_receivable_turnover_ratio": 1.49,
            "reinvestment_rate": 135.44,
            "research_to_sale_ratio": 0.54,
            "price_fair": 42.18,
            "eps_avg_yearly": 1.47,
            "eps_latest_yearly": 0.2,
            "eps_growth_yearly": 18.78
        },
        "20121": {
            "year_quarter": 20121,
            "year": 2012,
            "quarter": 1,
            "eps": 0.24,
            "eps_growth_year": -25,
            "eps_4q": 1.24,
            "eps_4q_growth_year": -16.34,
            "roe": 1.54,
            "roe_4q": 8.03,
            "gross_profit": 131174,
            "gross_margin": 17.59,
            "gross_margin_4q_avg": 17.12,
            "net_income": 10839,
            "net_income_4q": null,
            "revenue": 745910,
            "revenue_4q": null,
            "common_shares": 445200,
            "book_valuer_per_share": 15.89,
            "book_valuer_per_share_4q_avg": 15.6,
            "equity": 707485,
            "current_ratio": 104.61,
            "debt_ratio": 68.23,
            "inventory_turnover_ratio": 1.27,
            "account_receivable_turnover_ratio": 1.76,
            "reinvestment_rate": 119.45,
            "research_to_sale_ratio": 0.46,
            "price_fair": 50.12,
            "eps_avg_yearly": 1.43,
            "eps_latest_yearly": 0.96,
            "eps_growth_yearly": 118.86
        },
        "20122": {
            "year_quarter": 20122,
            "year": 2012,
            "quarter": 2,
            "eps": 0.42,
            "eps_growth_year": 8.88,
            "eps_4q": 1.28,
            "eps_4q_growth_year": -15.87,
            "roe": 2.73,
            "roe_4q": 8.23,
            "gross_profit": 138015,
            "gross_margin": 15.82,
            "gross_margin_4q_avg": 16.71,
            "net_income": 18857,
            "net_income_4q": null,
            "revenue": 872584,
            "revenue_4q": null,
            "common_shares": 445200,
            "book_valuer_per_share": 15.19,
            "book_valuer_per_share_4q_avg": 15.67,
            "equity": 676300,
            "current_ratio": 101.6,
            "debt_ratio": 70.43,
            "inventory_turnover_ratio": 1.46,
            "account_receivable_turnover_ratio": 1.86,
            "reinvestment_rate": 116.3,
            "research_to_sale_ratio": 0.36,
            "price_fair": 50.66,
            "eps_avg_yearly": 1.45,
            "eps_latest_yearly": 1.68,
            "eps_growth_yearly": 130.18
        },
        "20123": {
            "year_quarter": 20123,
            "year": 2012,
            "quarter": 3,
            "eps": 0.38,
            "eps_growth_year": -32.12,
            "eps_4q": 1.1,
            "eps_4q_growth_year": -36.36,
            "roe": 2.49,
            "roe_4q": 7.0600000000000005,
            "gross_profit": 141471,
            "gross_margin": 16.43,
            "gross_margin_4q_avg": 16.78,
            "net_income": 17006,
            "net_income_4q": null,
            "revenue": 861089,
            "revenue_4q": null,
            "common_shares": 445200,
            "book_valuer_per_share": 15.47,
            "book_valuer_per_share_4q_avg": 15.57,
            "equity": 688789,
            "current_ratio": 103.23,
            "debt_ratio": 69.83,
            "inventory_turnover_ratio": 1.37,
            "account_receivable_turnover_ratio": 1.59,
            "reinvestment_rate": 95.01,
            "research_to_sale_ratio": 0.4,
            "price_fair": 51.36,
            "eps_avg_yearly": 1.47,
            "eps_latest_yearly": 1.52,
            "eps_growth_yearly": 134.51
        },
        "20124": {
            "year_quarter": 20124,
            "year": 2012,
            "quarter": 4,
            "eps": 0.13,
            "eps_growth_year": 180.09,
            "eps_4q": 1.18,
            "eps_4q_growth_year": -10.36,
            "roe": 0.85,
            "roe_4q": 7.61,
            "gross_profit": 104135,
            "gross_margin": 12.75,
            "gross_margin_4q_avg": 15.65,
            "net_income": 5826,
            "net_income_4q": null,
            "revenue": 816758,
            "revenue_4q": null,
            "common_shares": 445200,
            "book_valuer_per_share": 15.34,
            "book_valuer_per_share_4q_avg": 15.47,
            "equity": 682835,
            "current_ratio": 99.47,
            "debt_ratio": 70.89,
            "inventory_turnover_ratio": 1.34,
            "account_receivable_turnover_ratio": 1.48,
            "reinvestment_rate": 89.77,
            "research_to_sale_ratio": 0.37,
            "price_fair": 49.7,
            "eps_avg_yearly": 1.42,
            "eps_latest_yearly": 0.52,
            "eps_growth_yearly": 116.39
        },
        "20131": {
            "year_quarter": 20131,
            "year": 2013,
            "quarter": 1,
            "eps": 0.53,
            "eps_growth_year": 120.83,
            "eps_4q": 1.47,
            "eps_4q_growth_year": 18.25,
            "roe": 3.4,
            "roe_4q": 9.47,
            "gross_profit": 146322,
            "gross_margin": 18.54,
            "gross_margin_4q_avg": 15.89,
            "net_income": 23689,
            "net_income_4q": null,
            "revenue": 789114,
            "revenue_4q": null,
            "common_shares": 445200,
            "book_valuer_per_share": 15.93,
            "book_valuer_per_share_4q_avg": 15.48,
            "equity": 709135,
            "current_ratio": 112.08,
            "debt_ratio": 71.19,
            "inventory_turnover_ratio": 1.16,
            "account_receivable_turnover_ratio": 1.43,
            "reinvestment_rate": 96.91,
            "research_to_sale_ratio": 0.45,
            "price_fair": 48.65,
            "eps_avg_yearly": 1.39,
            "eps_latest_yearly": 2.12,
            "eps_growth_yearly": 167.53
        },
        "20132": {
            "year_quarter": 20132,
            "year": 2013,
            "quarter": 2,
            "eps": 0.49,
            "eps_growth_year": 15.69,
            "eps_4q": 1.53,
            "eps_4q_growth_year": 20.1,
            "roe": 3.11,
            "roe_4q": 9.85,
            "gross_profit": 133526,
            "gross_margin": 15.42,
            "gross_margin_4q_avg": 15.79,
            "net_income": 21727,
            "net_income_4q": null,
            "revenue": 865920,
            "revenue_4q": null,
            "common_shares": 445200,
            "book_valuer_per_share": 15.43,
            "book_valuer_per_share_4q_avg": 15.54,
            "equity": 686888,
            "current_ratio": 112.68,
            "debt_ratio": 73.39,
            "inventory_turnover_ratio": 1.27,
            "account_receivable_turnover_ratio": 1.59,
            "reinvestment_rate": 113.99,
            "research_to_sale_ratio": 0.42,
            "price_fair": 50.66,
            "eps_avg_yearly": 1.45,
            "eps_latest_yearly": 1.96,
            "eps_growth_yearly": 180.65
        },
        "20133": {
            "year_quarter": 20133,
            "year": 2013,
            "quarter": 3,
            "eps": 0.08,
            "eps_growth_year": -79.06,
            "eps_4q": 1.23,
            "eps_4q_growth_year": 12.06,
            "roe": 0.5,
            "roe_4q": 7.859999999999999,
            "gross_profit": 121272,
            "gross_margin": 13.82,
            "gross_margin_4q_avg": 15.13,
            "net_income": 3422,
            "net_income_4q": null,
            "revenue": 877546,
            "revenue_4q": null,
            "common_shares": 445200,
            "book_valuer_per_share": 15.46,
            "book_valuer_per_share_4q_avg": 15.54,
            "equity": 688059,
            "current_ratio": 115.21,
            "debt_ratio": 70.32,
            "inventory_turnover_ratio": 1.35,
            "account_receivable_turnover_ratio": 1.89,
            "reinvestment_rate": 114.9,
            "research_to_sale_ratio": 0.33,
            "price_fair": 47.6,
            "eps_avg_yearly": 1.36,
            "eps_latest_yearly": 0.32,
            "eps_growth_yearly": 143.38
        },
        "20134": {
            "year_quarter": 20134,
            "year": 2013,
            "quarter": 4,
            "eps": 0.15,
            "eps_growth_year": 16.1,
            "eps_4q": 1.25,
            "eps_4q_growth_year": 5.85,
            "roe": 0.97,
            "roe_4q": 7.98,
            "gross_profit": 129114,
            "gross_margin": 15.07,
            "gross_margin_4q_avg": 15.71,
            "net_income": 6764,
            "net_income_4q": null,
            "revenue": 856915,
            "revenue_4q": null,
            "common_shares": 445200,
            "book_valuer_per_share": 15.8,
            "book_valuer_per_share_4q_avg": 15.66,
            "equity": 703621,
            "current_ratio": 106.69,
            "debt_ratio": 69.76,
            "inventory_turnover_ratio": 1.33,
            "account_receivable_turnover_ratio": 2.16,
            "reinvestment_rate": 32.97,
            "research_to_sale_ratio": 0.43,
            "price_fair": 45.06,
            "eps_avg_yearly": 1.29,
            "eps_latest_yearly": 0.6,
            "eps_growth_yearly": 164.68
        },
        "20141": {
            "year_quarter": 20141,
            "year": 2014,
            "quarter": 1,
            "eps": 0.31,
            "eps_growth_year": -41.51,
            "eps_4q": 1.02,
            "eps_4q_growth_year": -30.4,
            "roe": 1.91,
            "roe_4q": 6.49,
            "gross_profit": 139214,
            "gross_margin": 17.01,
            "gross_margin_4q_avg": 15.33,
            "net_income": 13587,
            "net_income_4q": null,
            "revenue": 818398,
            "revenue_4q": null,
            "common_shares": 445200,
            "book_valuer_per_share": 16.1,
            "book_valuer_per_share_4q_avg": 15.7,
            "equity": 716861,
            "current_ratio": 101.78,
            "debt_ratio": 71.16,
            "inventory_turnover_ratio": 1.21,
            "account_receivable_turnover_ratio": 2,
            "reinvestment_rate": 65.67,
            "research_to_sale_ratio": 0.4,
            "price_fair": 45.68,
            "eps_avg_yearly": 1.31,
            "eps_latest_yearly": 1.24,
            "eps_growth_yearly": 202.71
        },
        "20142": {
            "year_quarter": 20142,
            "year": 2014,
            "quarter": 2,
            "eps": 0.66,
            "eps_growth_year": 34.69,
            "eps_4q": 1.2,
            "eps_4q_growth_year": -21.83,
            "roe": 4.19,
            "roe_4q": 7.57,
            "gross_profit": 167296,
            "gross_margin": 18.23,
            "gross_margin_4q_avg": 16.03,
            "net_income": 29576,
            "net_income_4q": null,
            "revenue": 917925,
            "revenue_4q": null,
            "common_shares": 445200,
            "book_valuer_per_share": 15.59,
            "book_valuer_per_share_4q_avg": 15.74,
            "equity": 693971,
            "current_ratio": 100.05,
            "debt_ratio": 73.26,
            "inventory_turnover_ratio": 1.32,
            "account_receivable_turnover_ratio": 2.31,
            "reinvestment_rate": 96.77,
            "research_to_sale_ratio": 0.45,
            "price_fair": 48.3,
            "eps_avg_yearly": 1.38,
            "eps_latest_yearly": 2.64,
            "eps_growth_yearly": 218.43
        },
        "20143": {
            "year_quarter": 20143,
            "year": 2014,
            "quarter": 3,
            "eps": 0.59,
            "eps_growth_year": 637.5,
            "eps_4q": 1.71,
            "eps_4q_growth_year": 39.63,
            "roe": 3.72,
            "roe_4q": 10.790000000000001,
            "gross_profit": 162969,
            "gross_margin": 17.45,
            "gross_margin_4q_avg": 16.94,
            "net_income": 26400,
            "net_income_4q": null,
            "revenue": 933748,
            "revenue_4q": null,
            "common_shares": 445200,
            "book_valuer_per_share": 16.25,
            "book_valuer_per_share_4q_avg": 15.94,
            "equity": 723622,
            "current_ratio": 102.77,
            "debt_ratio": 73.44,
            "inventory_turnover_ratio": 1.34,
            "account_receivable_turnover_ratio": 2.4,
            "reinvestment_rate": 142.19,
            "research_to_sale_ratio": 0.44,
            "price_fair": 50.31,
            "eps_avg_yearly": 1.44,
            "eps_latest_yearly": 2.36,
            "eps_growth_yearly": 215.78
        },
        "20144": {
            "year_quarter": 20144,
            "year": 2014,
            "quarter": 4,
            "eps": 0.17,
            "eps_growth_year": 13.75,
            "eps_4q": 1.32,
            "eps_4q_growth_year": 5.87,
            "roe": 1.15,
            "roe_4q": 10.97,
            "gross_profit": 127453,
            "gross_margin": 14.94,
            "gross_margin_4q_avg": 16.91,
            "net_income": 10459,
            "net_income_4q": null,
            "revenue": 852844,
            "revenue_4q": null,
            "common_shares": 605200,
            "book_valuer_per_share": 18.03,
            "book_valuer_per_share_4q_avg": 16.49,
            "equity": 1090999,
            "current_ratio": 116.42,
            "debt_ratio": 62.44,
            "inventory_turnover_ratio": 1.27,
            "account_receivable_turnover_ratio": 2.03,
            "reinvestment_rate": 232.64,
            "research_to_sale_ratio": 0.47,
            "price_fair": 47.86,
            "eps_avg_yearly": 1.37,
            "eps_latest_yearly": 0.68,
            "eps_growth_yearly": 191.74
        },
        "20151": {
            "year_quarter": 20151,
            "year": 2015,
            "quarter": 1,
            "eps": 0.25,
            "eps_growth_year": -19.35,
            "eps_4q": 1.35,
            "eps_4q_growth_year": 32.34,
            "roe": 1.4,
            "roe_4q": 10.46,
            "gross_profit": 134819,
            "gross_margin": 17.45,
            "gross_margin_4q_avg": 17.02,
            "net_income": 15423,
            "net_income_4q": null,
            "revenue": 772650,
            "revenue_4q": null,
            "common_shares": 605200,
            "book_valuer_per_share": 18.26,
            "book_valuer_per_share_4q_avg": 17.03,
            "equity": 1105272,
            "current_ratio": 112.07,
            "debt_ratio": 65,
            "inventory_turnover_ratio": 1.13,
            "account_receivable_turnover_ratio": 1.93,
            "reinvestment_rate": 341.72,
            "research_to_sale_ratio": 0.52,
            "price_fair": 47.25,
            "eps_avg_yearly": 1.35,
            "eps_latest_yearly": 1,
            "eps_growth_yearly": 210.72
        },
        "20152": {
            "year_quarter": 20152,
            "year": 2015,
            "quarter": 2,
            "eps": 0.17,
            "eps_growth_year": -74.24,
            "eps_4q": 0.98,
            "eps_4q_growth_year": -18.42,
            "roe": 1.03,
            "roe_4q": 7.3,
            "gross_profit": 141792,
            "gross_margin": 17.14,
            "gross_margin_4q_avg": 16.75,
            "net_income": 11316,
            "net_income_4q": null,
            "revenue": 827131,
            "revenue_4q": null,
            "common_shares": 605200,
            "book_valuer_per_share": 17.98,
            "book_valuer_per_share_4q_avg": 17.63,
            "equity": 1088283,
            "current_ratio": 129.05,
            "debt_ratio": 69.4,
            "inventory_turnover_ratio": 1.24,
            "account_receivable_turnover_ratio": 2.16,
            "reinvestment_rate": 352.38,
            "research_to_sale_ratio": 0.52,
            "price_fair": 45.33,
            "eps_avg_yearly": 1.3,
            "eps_latest_yearly": 0.68,
            "eps_growth_yearly": 197.25
        },
        "20153": {
            "year_quarter": 20153,
            "year": 2015,
            "quarter": 3,
            "eps": 0.49,
            "eps_growth_year": -16.95,
            "eps_4q": 1.06,
            "eps_4q_growth_year": -38.2,
            "roe": 2.87,
            "roe_4q": 6.450000000000001,
            "gross_profit": 158073,
            "gross_margin": 16.62,
            "gross_margin_4q_avg": 16.54,
            "net_income": 31732,
            "net_income_4q": null,
            "revenue": 951251,
            "revenue_4q": null,
            "common_shares": 650590,
            "book_valuer_per_share": 17.29,
            "book_valuer_per_share_4q_avg": 17.89,
            "equity": 1124585,
            "current_ratio": 124.7,
            "debt_ratio": 69.13,
            "inventory_turnover_ratio": 1.37,
            "account_receivable_turnover_ratio": 2.13,
            "reinvestment_rate": 405.52,
            "research_to_sale_ratio": 0.47,
            "price_fair": 44.71,
            "eps_avg_yearly": 1.28,
            "eps_latest_yearly": 1.96,
            "eps_growth_yearly": 233.41
        },
        "20154": {
            "year_quarter": 20154,
            "year": 2015,
            "quarter": 4,
            "eps": 0.04,
            "eps_growth_year": -78.22,
            "eps_4q": 0.94,
            "eps_4q_growth_year": -29.18,
            "roe": 0.22,
            "roe_4q": 5.52,
            "gross_profit": 143217,
            "gross_margin": 16.84,
            "gross_margin_4q_avg": 17.01,
            "net_income": 2449,
            "net_income_4q": null,
            "revenue": 850281,
            "revenue_4q": null,
            "common_shares": 650590,
            "book_valuer_per_share": 17.22,
            "book_valuer_per_share_4q_avg": 17.69,
            "equity": 1120153,
            "current_ratio": 127.24,
            "debt_ratio": 69.52,
            "inventory_turnover_ratio": 1.16,
            "account_receivable_turnover_ratio": 1.95,
            "reinvestment_rate": 426.87,
            "research_to_sale_ratio": 0.64,
            "price_fair": 44.63,
            "eps_avg_yearly": 1.28,
            "eps_latest_yearly": 0.16,
            "eps_growth_yearly": 233.22
        },
        "20161": {
            "year_quarter": 20161,
            "year": 2016,
            "quarter": 1,
            "eps": 0.05,
            "eps_growth_year": -80,
            "eps_4q": 0.75,
            "eps_4q_growth_year": -44.85,
            "roe": 0.27,
            "roe_4q": 4.390000000000001,
            "gross_profit": 151364,
            "gross_margin": 18.69,
            "gross_margin_4q_avg": 17.32,
            "net_income": 3031,
            "net_income_4q": null,
            "revenue": 809890,
            "revenue_4q": null,
            "common_shares": 650590,
            "book_valuer_per_share": 17.26,
            "book_valuer_per_share_4q_avg": 17.44,
            "equity": 1122686,
            "current_ratio": 115.38,
            "debt_ratio": 69.43,
            "inventory_turnover_ratio": 1.1,
            "account_receivable_turnover_ratio": 2.12,
            "reinvestment_rate": 510.31,
            "research_to_sale_ratio": 0.71,
            "price_fair": 42.96,
            "eps_avg_yearly": 1.23,
            "eps_latest_yearly": 0.2,
            "eps_growth_yearly": 144.47
        },
        "20162": {
            "year_quarter": 20162,
            "year": 2016,
            "quarter": 2,
            "eps": 0.19,
            "eps_growth_year": 11.76,
            "eps_4q": 0.73,
            "eps_4q_growth_year": -25.09,
            "roe": 1.15,
            "roe_4q": 4.51,
            "gross_profit": 143569,
            "gross_margin": 17.88,
            "gross_margin_4q_avg": 17.51,
            "net_income": 12810,
            "net_income_4q": null,
            "revenue": 803102,
            "revenue_4q": null,
            "common_shares": 650590,
            "book_valuer_per_share": 17.07,
            "book_valuer_per_share_4q_avg": 17.21,
            "equity": 1110540,
            "current_ratio": 104.39,
            "debt_ratio": 69.48,
            "inventory_turnover_ratio": 1.17,
            "account_receivable_turnover_ratio": 2.26,
            "reinvestment_rate": 541.87,
            "research_to_sale_ratio": 0.76,
            "price_fair": 40.95,
            "eps_avg_yearly": 1.17,
            "eps_latest_yearly": 0.76,
            "eps_growth_yearly": 195.72
        },
        "20163": {
            "year_quarter": 20163,
            "year": 2016,
            "quarter": 3,
            "eps": -0.04,
            "eps_growth_year": -108.16,
            "eps_4q": 0.23,
            "eps_4q_growth_year": -78.76,
            "roe": -0.26,
            "roe_4q": 1.38,
            "gross_profit": 130220,
            "gross_margin": 18.5,
            "gross_margin_4q_avg": 17.98,
            "net_income": -2918,
            "net_income_4q": null,
            "revenue": 704014,
            "revenue_4q": null,
            "common_shares": 683119,
            "book_valuer_per_share": 16.17,
            "book_valuer_per_share_4q_avg": 16.93,
            "equity": 1104351,
            "current_ratio": 101.77,
            "debt_ratio": 69.01,
            "inventory_turnover_ratio": 1.09,
            "account_receivable_turnover_ratio": 2.18,
            "reinvestment_rate": 607.45,
            "research_to_sale_ratio": 0.79,
            "price_fair": 40.13,
            "eps_avg_yearly": 1.15,
            "eps_latest_yearly": 0.76,
            "eps_growth_yearly": 211.31
        },
        "20164": {
            "year_quarter": 20164,
            "year": 2016,
            "quarter": 4,
            "eps": 0.25,
            "eps_growth_year": 577.36,
            "eps_4q": 0.44,
            "eps_4q_growth_year": -52.57,
            "roe": 1.57,
            "roe_4q": 2.73,
            "gross_profit": 144230,
            "gross_margin": 20.5,
            "gross_margin_4q_avg": 18.89,
            "net_income": 17418,
            "net_income_4q": null,
            "revenue": 703461,
            "revenue_4q": null,
            "common_shares": 683119,
            "book_valuer_per_share": 16.31,
            "book_valuer_per_share_4q_avg": 16.7,
            "equity": 1114391,
            "current_ratio": 91.65,
            "debt_ratio": 70.02,
            "inventory_turnover_ratio": 1.08,
            "account_receivable_turnover_ratio": 2.26,
            "reinvestment_rate": 629.25,
            "research_to_sale_ratio": 1.01,
            "price_fair": 41.7,
            "eps_avg_yearly": 1.19,
            "eps_latest_yearly": 0.76,
            "eps_growth_yearly": 245.2
        },
        "20171": {
            "year_quarter": 20171,
            "year": 2017,
            "quarter": 1,
            "eps": -0.45,
            "eps_growth_year": -1000,
            "eps_4q": -0.08,
            "eps_4q_growth_year": -110.59,
            "roe": -2.7,
            "roe_4q": -0.2400000000000002,
            "gross_profit": 104952,
            "gross_margin": 15.44,
            "gross_margin_4q_avg": 18.08,
            "net_income": -34956,
            "net_income_4q": null,
            "revenue": 679858,
            "revenue_4q": null,
            "common_shares": 968119,
            "book_valuer_per_share": 15.19,
            "book_valuer_per_share_4q_avg": 16.19,
            "equity": 1470974,
            "current_ratio": 91.39,
            "debt_ratio": 62.24,
            "inventory_turnover_ratio": 1.12,
            "account_receivable_turnover_ratio": 2.1,
            "reinvestment_rate": 905.86,
            "research_to_sale_ratio": 1.17,
            "price_fair": 39.2,
            "eps_avg_yearly": 1.12,
            "eps_latest_yearly": 0.76,
            "eps_growth_yearly": 169.39
        },
        "20172": {
            "year_quarter": 20172,
            "year": 2017,
            "quarter": 2,
            "eps": -0.35,
            "eps_growth_year": -284.21,
            "eps_4q": -0.52,
            "eps_4q_growth_year": -170.66,
            "roe": -2.14,
            "roe_4q": -3.5299999999999994,
            "gross_profit": 78793,
            "gross_margin": 10.98,
            "gross_margin_4q_avg": 16.36,
            "net_income": -31140,
            "net_income_4q": null,
            "revenue": 717510,
            "revenue_4q": null,
            "common_shares": 968119,
            "book_valuer_per_share": 14.9,
            "book_valuer_per_share_4q_avg": 15.64,
            "equity": 1442371,
            "current_ratio": 102.24,
            "debt_ratio": 62.91,
            "inventory_turnover_ratio": 1.23,
            "account_receivable_turnover_ratio": 2.08,
            "reinvestment_rate": 1339.83,
            "research_to_sale_ratio": 1.27,
            "price_fair": 36.75,
            "eps_avg_yearly": 1.05,
            "eps_latest_yearly": 0.76,
            "eps_growth_yearly": 186.02
        },
        "20173": {
            "year_quarter": 20173,
            "year": 2017,
            "quarter": 3,
            "eps": -0.77,
            "eps_growth_year": null,
            "eps_4q": -1.2,
            "eps_4q_growth_year": -633.61,
            "roe": -5.05,
            "roe_4q": -8.32,
            "gross_profit": 63415,
            "gross_margin": 8.65,
            "gross_margin_4q_avg": 13.89,
            "net_income": -71058,
            "net_income_4q": null,
            "revenue": 732849,
            "revenue_4q": null,
            "common_shares": 997163,
            "book_valuer_per_share": 13.77,
            "book_valuer_per_share_4q_avg": 15.04,
            "equity": 1372623,
            "current_ratio": 91.44,
            "debt_ratio": 64.64,
            "inventory_turnover_ratio": 1.21,
            "account_receivable_turnover_ratio": 2.07,
            "reinvestment_rate": 3975.52,
            "research_to_sale_ratio": 1.13,
            "price_fair": 39.07,
            "eps_avg_yearly": 1.12,
            "eps_latest_yearly": 0.76,
            "eps_growth_yearly": 233.36
        },
        "20174": {
            "year_quarter": 20174,
            "year": 2017,
            "quarter": 4,
            "eps": -1.17,
            "eps_growth_year": -560.18,
            "eps_4q": -2.55,
            "eps_4q_growth_year": -673.86,
            "roe": -8.87,
            "roe_4q": -18.759999999999998,
            "gross_profit": 40708,
            "gross_margin": 6.27,
            "gross_margin_4q_avg": 10.34,
            "net_income": -117004,
            "net_income_4q": null,
            "revenue": 648925,
            "revenue_4q": null,
            "common_shares": 997163,
            "book_valuer_per_share": 12.69,
            "book_valuer_per_share_4q_avg": 14.14,
            "equity": 1264967,
            "current_ratio": 89.25,
            "debt_ratio": 67.72,
            "inventory_turnover_ratio": 1.02,
            "account_receivable_turnover_ratio": 1.98,
            "reinvestment_rate": null,
            "research_to_sale_ratio": 1.17,
            "price_fair": 40.88,
            "eps_avg_yearly": 1.17,
            "eps_latest_yearly": 0.76,
            "eps_growth_yearly": 221.69
        },
        "20181": {
            "year_quarter": 20181,
            "year": 2018,
            "quarter": 1,
            "eps": -0.12,
            "eps_growth_year": null,
            "eps_4q": -2.32,
            "eps_4q_growth_year": null,
            "roe": -0.99,
            "roe_4q": -17.05,
            "gross_profit": 82700,
            "gross_margin": 12.15,
            "gross_margin_4q_avg": 9.51,
            "net_income": -12408,
            "net_income_4q": null,
            "revenue": 680589,
            "revenue_4q": null,
            "common_shares": 997163,
            "book_valuer_per_share": 12.55,
            "book_valuer_per_share_4q_avg": 13.48,
            "equity": 1251837,
            "current_ratio": 125.39,
            "debt_ratio": 72.33,
            "inventory_turnover_ratio": 0.96,
            "account_receivable_turnover_ratio": 1.98,
            "reinvestment_rate": null,
            "research_to_sale_ratio": 1.27,
            "price_fair": 40.6,
            "eps_avg_yearly": 1.16,
            "eps_latest_yearly": 0.76,
            "eps_growth_yearly": 198.92
        },
        "20182": {
            "year_quarter": 20182,
            "year": 2018,
            "quarter": 2,
            "eps": -1,
            "eps_growth_year": null,
            "eps_4q": -3.01,
            "eps_4q_growth_year": null,
            "roe": -8.28,
            "roe_4q": -23.19,
            "gross_profit": 22310,
            "gross_margin": 3.36,
            "gross_margin_4q_avg": 7.61,
            "net_income": -99578,
            "net_income_4q": null,
            "revenue": 664752,
            "revenue_4q": null,
            "common_shares": 997163,
            "book_valuer_per_share": 11.55,
            "book_valuer_per_share_4q_avg": 12.64,
            "equity": 1152020,
            "current_ratio": 111.69,
            "debt_ratio": 73.42,
            "inventory_turnover_ratio": 1.07,
            "account_receivable_turnover_ratio": 1.64,
            "reinvestment_rate": null,
            "research_to_sale_ratio": 1.46,
            "price_fair": 34.13,
            "eps_avg_yearly": 0.98,
            "eps_latest_yearly": 0.76,
            "eps_growth_yearly": 167.33
        },
        "20183": {
            "year_quarter": 20183,
            "year": 2018,
            "quarter": 3,
            "eps": -0.9,
            "eps_growth_year": null,
            "eps_4q": -3.19,
            "eps_4q_growth_year": null,
            "roe": -8.06,
            "roe_4q": -26.199999999999996,
            "gross_profit": 49818,
            "gross_margin": 7.47,
            "gross_margin_4q_avg": 7.31,
            "net_income": -89374,
            "net_income_4q": null,
            "revenue": 666541,
            "revenue_4q": null,
            "common_shares": 997163,
            "book_valuer_per_share": 10.68,
            "book_valuer_per_share_4q_avg": 11.87,
            "equity": 1064479,
            "current_ratio": 102.16,
            "debt_ratio": 75.43,
            "inventory_turnover_ratio": 1.06,
            "account_receivable_turnover_ratio": 1.53,
            "reinvestment_rate": null,
            "research_to_sale_ratio": 1.37,
            "price_fair": 27.2,
            "eps_avg_yearly": 0.78,
            "eps_latest_yearly": 0.76,
            "eps_growth_yearly": 197.3
        },
        "20184": {
            "year_quarter": 20184,
            "year": 2018,
            "quarter": 4,
            "eps": -0.95,
            "eps_growth_year": null,
            "eps_4q": -2.97,
            "eps_4q_growth_year": null,
            "roe": -9.28,
            "roe_4q": -26.609999999999996,
            "gross_profit": 64889,
            "gross_margin": 9.84,
            "gross_margin_4q_avg": 8.21,
            "net_income": -94336,
            "net_income_4q": null,
            "revenue": 659419,
            "revenue_4q": null,
            "common_shares": 997163,
            "book_valuer_per_share": 9.71,
            "book_valuer_per_share_4q_avg": 11.12,
            "equity": 968641,
            "current_ratio": 99.06,
            "debt_ratio": 77.73,
            "inventory_turnover_ratio": 1.03,
            "account_receivable_turnover_ratio": 1.57,
            "reinvestment_rate": null,
            "research_to_sale_ratio": 1.24,
            "price_fair": 27.77,
            "eps_avg_yearly": 0.79,
            "eps_latest_yearly": 0.76,
            "eps_growth_yearly": 277.64
        },
        "20191": {
            "year_quarter": 20191,
            "year": 2019,
            "quarter": 1,
            "eps": -0.56,
            "eps_growth_year": null,
            "eps_4q": -3.4,
            "eps_4q_growth_year": null,
            "roe": -5.92,
            "roe_4q": -31.54,
            "gross_profit": 80558,
            "gross_margin": 11.31,
            "gross_margin_4q_avg": 8,
            "net_income": -55660,
            "net_income_4q": null,
            "revenue": 712369,
            "revenue_4q": null,
            "common_shares": 997163,
            "book_valuer_per_share": 9.13,
            "book_valuer_per_share_4q_avg": 10.27,
            "equity": 910235,
            "current_ratio": 78.66,
            "debt_ratio": 80.87,
            "inventory_turnover_ratio": 1.05,
            "account_receivable_turnover_ratio": 1.64,
            "reinvestment_rate": null,
            "research_to_sale_ratio": 1.11,
            "price_fair": 26.32,
            "eps_avg_yearly": 0.75,
            "eps_latest_yearly": 0.76,
            "eps_growth_yearly": 295.52
        },
        "20192": {
            "year_quarter": 20192,
            "year": 2019,
            "quarter": 2,
            "eps": -0.23,
            "eps_growth_year": null,
            "eps_4q": -1.78,
            "eps_4q_growth_year": null,
            "roe": -1.98,
            "roe_4q": -25.240000000000002,
            "gross_profit": 92717,
            "gross_margin": 10.89,
            "gross_margin_4q_avg": 9.88,
            "net_income": -22843,
            "net_income_4q": null,
            "revenue": 851036,
            "revenue_4q": null,
            "common_shares": 1477160,
            "book_valuer_per_share": 9.43,
            "book_valuer_per_share_4q_avg": 9.74,
            "equity": 1393179,
            "current_ratio": 85.01,
            "debt_ratio": 70.23,
            "inventory_turnover_ratio": 1.23,
            "account_receivable_turnover_ratio": 1.68,
            "reinvestment_rate": null,
            "research_to_sale_ratio": 0.89,
            "price_fair": 26.95,
            "eps_avg_yearly": 0.77,
            "eps_latest_yearly": 0.76,
            "eps_growth_yearly": 401.4
        },
        "20193": {
            "year_quarter": 20193,
            "year": 2019,
            "quarter": 3,
            "eps": -0.35,
            "eps_growth_year": null,
            "eps_4q": -1.52,
            "eps_4q_growth_year": null,
            "roe": -3.74,
            "roe_4q": -20.92,
            "gross_profit": 113056,
            "gross_margin": 12.93,
            "gross_margin_4q_avg": 11.24,
            "net_income": -51235,
            "net_income_4q": null,
            "revenue": 874640,
            "revenue_4q": null,
            "common_shares": 1477160,
            "book_valuer_per_share": 9.12,
            "book_valuer_per_share_4q_avg": 9.35,
            "equity": 1346537,
            "current_ratio": 82.29,
            "debt_ratio": 71.85,
            "inventory_turnover_ratio": 1.21,
            "account_receivable_turnover_ratio": 1.64,
            "reinvestment_rate": null,
            "research_to_sale_ratio": 1.02,
            "price_fair": 13.07,
            "eps_avg_yearly": 0.37,
            "eps_latest_yearly": 0.76,
            "eps_growth_yearly": 284.22
        },
        "20194": {
            "year_quarter": 20194,
            "year": 2019,
            "quarter": 4,
            "eps": -0.29,
            "eps_growth_year": null,
            "eps_4q": -1.17,
            "eps_4q_growth_year": null,
            "roe": -3.21,
            "roe_4q": -14.85,
            "gross_profit": 98448,
            "gross_margin": 11.77,
            "gross_margin_4q_avg": 11.73,
            "net_income": -42534,
            "net_income_4q": null,
            "revenue": 836456,
            "revenue_4q": null,
            "common_shares": 1477160,
            "book_valuer_per_share": 8.82,
            "book_valuer_per_share_4q_avg": 9.13,
            "equity": 1302907,
            "current_ratio": 73.62,
            "debt_ratio": 73.17,
            "inventory_turnover_ratio": 1.13,
            "account_receivable_turnover_ratio": 1.78,
            "reinvestment_rate": null,
            "research_to_sale_ratio": 1.05,
            "price_fair": 16.8,
            "eps_avg_yearly": 0.48,
            "eps_latest_yearly": 0.76,
            "eps_growth_yearly": 610
        },
        "20201": {
            "year_quarter": 20201,
            "year": 2020,
            "quarter": 1,
            "eps": -0.61,
            "eps_growth_year": null,
            "eps_4q": -1.4,
            "eps_4q_growth_year": null,
            "roe": -7.15,
            "roe_4q": -16.08,
            "gross_profit": 73170,
            "gross_margin": 13.99,
            "gross_margin_4q_avg": 12.4,
            "net_income": -90044,
            "net_income_4q": null,
            "revenue": 523145,
            "revenue_4q": null,
            "common_shares": 1477160,
            "book_valuer_per_share": 8.22,
            "book_valuer_per_share_4q_avg": 8.9,
            "equity": 1214523,
            "current_ratio": 68.58,
            "debt_ratio": 73.81,
            "inventory_turnover_ratio": 0.7,
            "account_receivable_turnover_ratio": 1.44,
            "reinvestment_rate": null,
            "research_to_sale_ratio": 1.85,
            "price_fair": 26.6,
            "eps_avg_yearly": 0.76,
            "eps_latest_yearly": 0.76,
            "eps_growth_yearly": 1120
        },
        "20202": {
            "year_quarter": 20202,
            "year": 2020,
            "quarter": 2,
            "eps": -0.9,
            "eps_growth_year": null,
            "eps_4q": -2.14,
            "eps_4q_growth_year": null,
            "roe": -11.52,
            "roe_4q": -25.620000000000005,
            "gross_profit": -28592,
            "gross_margin": -25.62,
            "gross_margin_4q_avg": 3.27,
            "net_income": -132439,
            "net_income_4q": null,
            "revenue": 111600,
            "revenue_4q": null,
            "common_shares": 1477160,
            "book_valuer_per_share": 7.34,
            "book_valuer_per_share_4q_avg": 8.38,
            "equity": 1084425,
            "current_ratio": 72.75,
            "debt_ratio": 75.3,
            "inventory_turnover_ratio": 0.22,
            "account_receivable_turnover_ratio": 0.54,
            "reinvestment_rate": null,
            "research_to_sale_ratio": 5.31,
            "price_fair": 0,
            "eps_avg_yearly": 0,
            "eps_latest_yearly": 0,
            "eps_growth_yearly": 0
        },
        "20203": {
            "year_quarter": 20203,
            "year": 2020,
            "quarter": 3,
            "eps": -0.49,
            "eps_growth_year": null,
            "eps_4q": -2.29,
            "eps_4q_growth_year": null,
            "roe": -6.97,
            "roe_4q": -28.85,
            "gross_profit": 20672,
            "gross_margin": 10.7,
            "gross_margin_4q_avg": 2.71,
            "net_income": -72973,
            "net_income_4q": null,
            "revenue": 193109,
            "revenue_4q": null,
            "common_shares": 1477160,
            "book_valuer_per_share": 6.83,
            "book_valuer_per_share_4q_avg": 7.8,
            "equity": 1008709,
            "current_ratio": 72.88,
            "debt_ratio": 76.55,
            "inventory_turnover_ratio": 0.26,
            "account_receivable_turnover_ratio": 1.89,
            "reinvestment_rate": null,
            "research_to_sale_ratio": 2.42,
            "price_fair": 0,
            "eps_avg_yearly": 0,
            "eps_latest_yearly": 0,
            "eps_growth_yearly": 0
        },
        "20204": {
            "year_quarter": 20204,
            "year": 2020,
            "quarter": 4,
            "eps": -0.31,
            "eps_growth_year": null,
            "eps_4q": -2.32,
            "eps_4q_growth_year": null,
            "roe": -4.74,
            "roe_4q": -30.380000000000003,
            "gross_profit": -34288,
            "gross_margin": -13.04,
            "gross_margin_4q_avg": -3.49,
            "net_income": -46519,
            "net_income_4q": null,
            "revenue": 262888,
            "revenue_4q": null,
            "common_shares": 1477160,
            "book_valuer_per_share": 6.47,
            "book_valuer_per_share_4q_avg": 7.22,
            "equity": 955961,
            "current_ratio": 70.74,
            "debt_ratio": 77.9,
            "inventory_turnover_ratio": 0.5,
            "account_receivable_turnover_ratio": 2.32,
            "reinvestment_rate": null,
            "research_to_sale_ratio": 1.52,
            "price_fair": 0,
            "eps_avg_yearly": 0,
            "eps_latest_yearly": 0,
            "eps_growth_yearly": 0
        },
        "20211": {
            "year_quarter": 20211,
            "year": 2021,
            "quarter": 1,
            "eps": -0.59,
            "eps_growth_year": null,
            "eps_4q": -2.3,
            "eps_4q_growth_year": null,
            "roe": -9.56,
            "roe_4q": -32.79,
            "gross_profit": 19655,
            "gross_margin": 9.65,
            "gross_margin_4q_avg": -4.58,
            "net_income": -87252,
            "net_income_4q": null,
            "revenue": 203708,
            "revenue_4q": null,
            "common_shares": 1477160,
            "book_valuer_per_share": 5.89,
            "book_valuer_per_share_4q_avg": 6.63,
            "equity": 870242,
            "current_ratio": 68.2,
            "debt_ratio": 79.6,
            "inventory_turnover_ratio": 0.34,
            "account_receivable_turnover_ratio": 1.87,
            "reinvestment_rate": null,
            "research_to_sale_ratio": 2.8,
            "price_fair": 0,
            "eps_avg_yearly": 0,
            "eps_latest_yearly": 0,
            "eps_growth_yearly": 0
        },
        "20212": {
            "year_quarter": 20212,
            "year": 2021,
            "quarter": 2,
            "eps": -2.13,
            "eps_growth_year": null,
            "eps_4q": -3.53,
            "eps_4q_growth_year": null,
            "roe": -44.1,
            "roe_4q": -65.37,
            "gross_profit": -86456,
            "gross_margin": -51.72,
            "gross_margin_4q_avg": -11.1,
            "net_income": -315127,
            "net_income_4q": null,
            "revenue": 167161,
            "revenue_4q": null,
            "common_shares": 1477160,
            "book_valuer_per_share": 3.78,
            "book_valuer_per_share_4q_avg": 5.74,
            "equity": 558743,
            "current_ratio": 52.2,
            "debt_ratio": 86.38,
            "inventory_turnover_ratio": 0.48,
            "account_receivable_turnover_ratio": 1.93,
            "reinvestment_rate": null,
            "research_to_sale_ratio": 2.88,
            "price_fair": 0,
            "eps_avg_yearly": 0,
            "eps_latest_yearly": 0,
            "eps_growth_yearly": 0
        },
        "20213": {
            "year_quarter": 20213,
            "year": 2021,
            "quarter": 3,
            "eps": -0.75,
            "eps_growth_year": null,
            "eps_4q": -3.79,
            "eps_4q_growth_year": null,
            "roe": -21.92,
            "roe_4q": -80.32000000000001,
            "gross_profit": -23711,
            "gross_margin": -7.91,
            "gross_margin_4q_avg": -15.76,
            "net_income": -110333,
            "net_income_4q": null,
            "revenue": 299919,
            "revenue_4q": null,
            "common_shares": 1477160,
            "book_valuer_per_share": 3.03,
            "book_valuer_per_share_4q_avg": 4.79,
            "equity": 448100,
            "current_ratio": 51.43,
            "debt_ratio": 89.23,
            "inventory_turnover_ratio": 0.62,
            "account_receivable_turnover_ratio": 2.45,
            "reinvestment_rate": null,
            "research_to_sale_ratio": 1.8,
            "price_fair": 0,
            "eps_avg_yearly": 0,
            "eps_latest_yearly": 0,
            "eps_growth_yearly": 0
        },
        "20214": {
            "year_quarter": 20214,
            "year": 2021,
            "quarter": 4,
            "eps": -0.74,
            "eps_growth_year": null,
            "eps_4q": -4.21,
            "eps_4q_growth_year": null,
            "roe": -28.02,
            "roe_4q": -103.6,
            "gross_profit": -15362,
            "gross_margin": -4.3,
            "gross_margin_4q_avg": -13.57,
            "net_income": -109622,
            "net_income_4q": null,
            "revenue": 357467,
            "revenue_4q": null,
            "common_shares": 1477160,
            "book_valuer_per_share": 2.26,
            "book_valuer_per_share_4q_avg": 3.74,
            "equity": 334314,
            "current_ratio": 52.71,
            "debt_ratio": 92.26,
            "inventory_turnover_ratio": 0.67,
            "account_receivable_turnover_ratio": 1.96,
            "reinvestment_rate": null,
            "research_to_sale_ratio": 1.48,
            "price_fair": 0,
            "eps_avg_yearly": 0,
            "eps_latest_yearly": 0,
            "eps_growth_yearly": 0
        },
        "20221": {
            "year_quarter": 20221,
            "year": 2022,
            "quarter": 1,
            "eps": -0.58,
            "eps_growth_year": null,
            "eps_4q": -4.2,
            "eps_4q_growth_year": null,
            "roe": -30.18,
            "roe_4q": -124.22,
            "gross_profit": 35972,
            "gross_margin": 6.39,
            "gross_margin_4q_avg": -14.39,
            "net_income": -85412,
            "net_income_4q": null,
            "revenue": 562597,
            "revenue_4q": null,
            "common_shares": 1477160,
            "book_valuer_per_share": 1.57,
            "book_valuer_per_share_4q_avg": 2.66,
            "equity": 231650,
            "current_ratio": 48.15,
            "debt_ratio": 94.48,
            "inventory_turnover_ratio": 0.97,
            "account_receivable_turnover_ratio": 2.5,
            "reinvestment_rate": null,
            "research_to_sale_ratio": 1.06,
            "price_fair": 0,
            "eps_avg_yearly": 0,
            "eps_latest_yearly": 0,
            "eps_growth_yearly": 0
        },
        "20222": {
            "year_quarter": 20222,
            "year": 2022,
            "quarter": 2,
            "eps": -0.91,
            "eps_growth_year": null,
            "eps_4q": -2.98,
            "eps_4q_growth_year": null,
            "roe": -80.26,
            "roe_4q": -160.38,
            "gross_profit": -20488,
            "gross_margin": -4.34,
            "gross_margin_4q_avg": -2.54,
            "net_income": -134812,
            "net_income_4q": null,
            "revenue": 472189,
            "revenue_4q": null,
            "common_shares": 1477160,
            "book_valuer_per_share": 0.71,
            "book_valuer_per_share_4q_avg": 1.89,
            "equity": 104309,
            "current_ratio": 48.93,
            "debt_ratio": 97.53,
            "inventory_turnover_ratio": 0.95,
            "account_receivable_turnover_ratio": 1.71,
            "reinvestment_rate": null,
            "research_to_sale_ratio": 1.24,
            "price_fair": 0,
            "eps_avg_yearly": 0,
            "eps_latest_yearly": 0,
            "eps_growth_yearly": 0
        },
        "20223": {
            "year_quarter": 20223,
            "year": 2022,
            "quarter": 3,
            "eps": 0.1,
            "eps_growth_year": null,
            "eps_4q": -1.87,
            "eps_4q_growth_year": null,
            "roe": 7.46,
            "roe_4q": -131.00000000000003,
            "gross_profit": 132900,
            "gross_margin": 20.69,
            "gross_margin_4q_avg": 4.61,
            "net_income": 15644,
            "net_income_4q": null,
            "revenue": 642290,
            "revenue_4q": null,
            "common_shares": 1677160,
            "book_valuer_per_share": 1.88,
            "book_valuer_per_share_4q_avg": 1.61,
            "equity": 315218,
            "current_ratio": 69.5,
            "debt_ratio": 92.93,
            "inventory_turnover_ratio": 0.95,
            "account_receivable_turnover_ratio": 1.84,
            "reinvestment_rate": null,
            "research_to_sale_ratio": 0.81,
            "price_fair": 0,
            "eps_avg_yearly": 0,
            "eps_latest_yearly": 0,
            "eps_growth_yearly": 0
        },
        "20224": {
            "year_quarter": 20224,
            "year": 2022,
            "quarter": 4,
            "eps": -0.11,
            "eps_growth_year": null,
            "eps_4q": -1.33,
            "eps_4q_growth_year": null,
            "roe": -6.24,
            "roe_4q": -109.22,
            "gross_profit": 124048,
            "gross_margin": 20.16,
            "gross_margin_4q_avg": 10.73,
            "net_income": -19935,
            "net_income_4q": null,
            "revenue": 615463,
            "revenue_4q": null,
            "common_shares": 1677160,
            "book_valuer_per_share": 1.79,
            "book_valuer_per_share_4q_avg": 1.49,
            "equity": 323661,
            "current_ratio": 68.38,
            "debt_ratio": 92.56,
            "inventory_turnover_ratio": 0.9,
            "account_receivable_turnover_ratio": 1.49,
            "reinvestment_rate": null,
            "research_to_sale_ratio": 1.39,
            "price_fair": 0,
            "eps_avg_yearly": 0,
            "eps_latest_yearly": 0,
            "eps_growth_yearly": 0
        },
        "20231": {
            "year_quarter": 20231,
            "year": 2023,
            "quarter": 1,
            "eps": 0.15,
            "eps_growth_year": null,
            "eps_4q": -0.67,
            "eps_4q_growth_year": null,
            "roe": 8.26,
            "roe_4q": -70.78,
            "gross_profit": 187466,
            "gross_margin": 28.42,
            "gross_margin_4q_avg": 16.23,
            "net_income": 27731,
            "net_income_4q": null,
            "revenue": 659616,
            "revenue_4q": null,
            "common_shares": 1677160,
            "book_valuer_per_share": 1.92,
            "book_valuer_per_share_4q_avg": 1.58,
            "equity": 347985,
            "current_ratio": 69.79,
            "debt_ratio": 92.02,
            "inventory_turnover_ratio": 0.84,
            "account_receivable_turnover_ratio": 1.69,
            "reinvestment_rate": null,
            "research_to_sale_ratio": 0.98,
            "price_fair": 0,
            "eps_avg_yearly": 0,
            "eps_latest_yearly": 0,
            "eps_growth_yearly": 0
        },
        "20232": {
            "year_quarter": 20232,
            "year": 2023,
            "quarter": 2,
            "eps": 5.58,
            "eps_growth_year": null,
            "eps_4q": 5.72,
            "eps_4q_growth_year": null,
            "roe": 114.16,
            "roe_4q": 123.64,
            "gross_profit": 212026,
            "gross_margin": 26.14,
            "gross_margin_4q_avg": 23.85,
            "net_income": 938057,
            "net_income_4q": null,
            "revenue": 811261,
            "revenue_4q": null,
            "common_shares": 1677160,
            "book_valuer_per_share": 7.58,
            "book_valuer_per_share_4q_avg": 3.29,
            "equity": 1295364,
            "current_ratio": 132.46,
            "debt_ratio": 72.45,
            "inventory_turnover_ratio": 1.01,
            "account_receivable_turnover_ratio": 1.99,
            "reinvestment_rate": null,
            "research_to_sale_ratio": 0.88,
            "price_fair": 781.2,
            "eps_avg_yearly": 22.32,
            "eps_latest_yearly": 22.32,
            "eps_growth_yearly": 14480
        },
        "20233": {
            "year_quarter": 20233,
            "year": 2023,
            "quarter": 3,
            "eps": 0.48,
            "eps_growth_year": 380,
            "eps_4q": 6.11,
            "eps_4q_growth_year": null,
            "roe": 6.31,
            "roe_4q": 122.49,
            "gross_profit": 224298,
            "gross_margin": 27.48,
            "gross_margin_4q_avg": 25.55,
            "net_income": 84508,
            "net_income_4q": null,
            "revenue": 816352,
            "revenue_4q": null,
            "common_shares": 1677160,
            "book_valuer_per_share": 8.08,
            "book_valuer_per_share_4q_avg": 4.84,
            "equity": 1382914,
            "current_ratio": 134.45,
            "debt_ratio": 69.56,
            "inventory_turnover_ratio": 1,
            "account_receivable_turnover_ratio": 1.66,
            "reinvestment_rate": null,
            "research_to_sale_ratio": 0.75,
            "price_fair": 424.2,
            "eps_avg_yearly": 12.12,
            "eps_latest_yearly": 1.92,
            "eps_growth_yearly": 7057.2
        }
    },
    "months": {
        "2003-10": {
            "month": "2003-10",
            "price": "11.00",
            "revenue": 102102
        },
        "2003-11": {
            "month": "2003-11",
            "price": "10.50",
            "revenue": 112218
        },
        "2003-12": {
            "month": "2003-12",
            "price": "9.50",
            "revenue": 133393
        },
        "2004-01": {
            "month": "2004-01",
            "price": "10.95",
            "revenue": 111712
        },
        "2004-02": {
            "month": "2004-02",
            "price": "14.72",
            "revenue": 119328
        },
        "2004-03": {
            "month": "2004-03",
            "price": "12.97",
            "revenue": 125398
        },
        "2004-04": {
            "month": "2004-04",
            "price": "12.40",
            "revenue": 122904
        },
        "2004-05": {
            "month": "2004-05",
            "price": "11.59",
            "revenue": 129029
        },
        "2004-06": {
            "month": "2004-06",
            "price": "11.92",
            "revenue": 122632
        },
        "2004-07": {
            "month": "2004-07",
            "price": "11.29",
            "revenue": 124666
        },
        "2004-08": {
            "month": "2004-08",
            "price": "11.14",
            "revenue": 162380
        },
        "2004-09": {
            "month": "2004-09",
            "price": "11.56",
            "revenue": 134583
        },
        "2004-10": {
            "month": "2004-10",
            "price": "11.59",
            "revenue": 124157
        },
        "2004-11": {
            "month": "2004-11",
            "price": "11.85",
            "revenue": 135637
        },
        "2004-12": {
            "month": "2004-12",
            "price": "11.63",
            "revenue": 154400
        },
        "2005-01": {
            "month": "2005-01",
            "price": "11.30",
            "revenue": 144783
        },
        "2005-02": {
            "month": "2005-02",
            "price": "11.88",
            "revenue": 115451
        },
        "2005-03": {
            "month": "2005-03",
            "price": "12.03",
            "revenue": 130065
        },
        "2005-04": {
            "month": "2005-04",
            "price": "11.93",
            "revenue": 127739
        },
        "2005-05": {
            "month": "2005-05",
            "price": "11.90",
            "revenue": 155837
        },
        "2005-06": {
            "month": "2005-06",
            "price": "11.85",
            "revenue": 151615
        },
        "2005-07": {
            "month": "2005-07",
            "price": "11.84",
            "revenue": 153242
        },
        "2005-08": {
            "month": "2005-08",
            "price": "11.57",
            "revenue": 156266
        },
        "2005-09": {
            "month": "2005-09",
            "price": "10.83",
            "revenue": 140446
        },
        "2005-10": {
            "month": "2005-10",
            "price": "10.84",
            "revenue": 156799
        },
        "2005-11": {
            "month": "2005-11",
            "price": "11.92",
            "revenue": 156804
        },
        "2005-12": {
            "month": "2005-12",
            "price": "11.89",
            "revenue": 169522
        },
        "2006-01": {
            "month": "2006-01",
            "price": "11.89",
            "revenue": 193962
        },
        "2006-02": {
            "month": "2006-02",
            "price": "11.94",
            "revenue": 127269
        },
        "2006-03": {
            "month": "2006-03",
            "price": "11.92",
            "revenue": 178954
        },
        "2006-04": {
            "month": "2006-04",
            "price": "12.21",
            "revenue": 150313
        },
        "2006-05": {
            "month": "2006-05",
            "price": "13.22",
            "revenue": 175826
        },
        "2006-06": {
            "month": "2006-06",
            "price": "13.09",
            "revenue": 168256
        },
        "2006-07": {
            "month": "2006-07",
            "price": "13.12",
            "revenue": 160652
        },
        "2006-08": {
            "month": "2006-08",
            "price": "13.38",
            "revenue": 176636
        },
        "2006-09": {
            "month": "2006-09",
            "price": "12.52",
            "revenue": 169236
        },
        "2006-10": {
            "month": "2006-10",
            "price": "12.24",
            "revenue": 185618
        },
        "2006-11": {
            "month": "2006-11",
            "price": "12.75",
            "revenue": 154198
        },
        "2006-12": {
            "month": "2006-12",
            "price": "13.34",
            "revenue": 197605
        },
        "2007-01": {
            "month": "2007-01",
            "price": "13.56",
            "revenue": 177881
        },
        "2007-02": {
            "month": "2007-02",
            "price": "13.74",
            "revenue": 125785
        },
        "2007-03": {
            "month": "2007-03",
            "price": "13.55",
            "revenue": 180933
        },
        "2007-04": {
            "month": "2007-04",
            "price": "13.20",
            "revenue": 199057
        },
        "2007-05": {
            "month": "2007-05",
            "price": "13.51",
            "revenue": 181266
        },
        "2007-06": {
            "month": "2007-06",
            "price": "13.63",
            "revenue": 183821
        },
        "2007-07": {
            "month": "2007-07",
            "price": "14.66",
            "revenue": 188601
        },
        "2007-08": {
            "month": "2007-08",
            "price": "14.67",
            "revenue": 179001
        },
        "2007-09": {
            "month": "2007-09",
            "price": "14.19",
            "revenue": 190815
        },
        "2007-10": {
            "month": "2007-10",
            "price": "14.04",
            "revenue": 176796
        },
        "2007-11": {
            "month": "2007-11",
            "price": "13.80",
            "revenue": 248811
        },
        "2007-12": {
            "month": "2007-12",
            "price": "14.13",
            "revenue": 216723
        },
        "2008-01": {
            "month": "2008-01",
            "price": "13.79",
            "revenue": 237014
        },
        "2008-02": {
            "month": "2008-02",
            "price": "13.66",
            "revenue": 139313
        },
        "2008-03": {
            "month": "2008-03",
            "price": "14.15",
            "revenue": 194074
        },
        "2008-04": {
            "month": "2008-04",
            "price": "14.98",
            "revenue": 199439
        },
        "2008-05": {
            "month": "2008-05",
            "price": "14.84",
            "revenue": 231251
        },
        "2008-06": {
            "month": "2008-06",
            "price": "14.95",
            "revenue": 201321
        },
        "2008-07": {
            "month": "2008-07",
            "price": "14.82",
            "revenue": 183443
        },
        "2008-08": {
            "month": "2008-08",
            "price": "14.87",
            "revenue": 181660
        },
        "2008-09": {
            "month": "2008-09",
            "price": "13.80",
            "revenue": 201066
        },
        "2008-10": {
            "month": "2008-10",
            "price": "12.76",
            "revenue": 191955
        },
        "2008-11": {
            "month": "2008-11",
            "price": "11.38",
            "revenue": 188467
        },
        "2008-12": {
            "month": "2008-12",
            "price": "10.24",
            "revenue": 269228
        },
        "2009-01": {
            "month": "2009-01",
            "price": "10.70",
            "revenue": 174576
        },
        "2009-02": {
            "month": "2009-02",
            "price": "11.59",
            "revenue": 203292
        },
        "2009-03": {
            "month": "2009-03",
            "price": "12.49",
            "revenue": 190265
        },
        "2009-04": {
            "month": "2009-04",
            "price": "14.34",
            "revenue": 201759
        },
        "2009-05": {
            "month": "2009-05",
            "price": "15.00",
            "revenue": 183073
        },
        "2009-06": {
            "month": "2009-06",
            "price": "15.64",
            "revenue": 175899
        },
        "2009-07": {
            "month": "2009-07",
            "price": "15.53",
            "revenue": 183666
        },
        "2009-08": {
            "month": "2009-08",
            "price": "15.76",
            "revenue": 185199
        },
        "2009-09": {
            "month": "2009-09",
            "price": "15.91",
            "revenue": 187690
        },
        "2009-10": {
            "month": "2009-10",
            "price": "16.04",
            "revenue": 167684
        },
        "2009-11": {
            "month": "2009-11",
            "price": "16.45",
            "revenue": 176495
        },
        "2009-12": {
            "month": "2009-12",
            "price": "17.31",
            "revenue": 230825
        },
        "2010-01": {
            "month": "2010-01",
            "price": "18.10",
            "revenue": 182137
        },
        "2010-02": {
            "month": "2010-02",
            "price": "17.68",
            "revenue": 126514
        },
        "2010-03": {
            "month": "2010-03",
            "price": "19.27",
            "revenue": 211277
        },
        "2010-04": {
            "month": "2010-04",
            "price": "20.44",
            "revenue": 224016
        },
        "2010-05": {
            "month": "2010-05",
            "price": "19.43",
            "revenue": 204003
        },
        "2010-06": {
            "month": "2010-06",
            "price": "19.76",
            "revenue": 296192
        },
        "2010-07": {
            "month": "2010-07",
            "price": "18.76",
            "revenue": 235649
        },
        "2010-08": {
            "month": "2010-08",
            "price": "18.14",
            "revenue": 276393
        },
        "2010-09": {
            "month": "2010-09",
            "price": "18.14",
            "revenue": 288122
        },
        "2010-10": {
            "month": "2010-10",
            "price": "18.23",
            "revenue": 286123
        },
        "2010-11": {
            "month": "2010-11",
            "price": "17.59",
            "revenue": 279445
        },
        "2010-12": {
            "month": "2010-12",
            "price": "17.71",
            "revenue": 341493
        },
        "2011-01": {
            "month": "2011-01",
            "price": "17.92",
            "revenue": 263163
        },
        "2011-02": {
            "month": "2011-02",
            "price": "17.92",
            "revenue": 144822
        },
        "2011-03": {
            "month": "2011-03",
            "price": "17.97",
            "revenue": 279879
        },
        "2011-04": {
            "month": "2011-04",
            "price": "18.48",
            "revenue": 314592
        },
        "2011-05": {
            "month": "2011-05",
            "price": "18.85",
            "revenue": 258808
        },
        "2011-06": {
            "month": "2011-06",
            "price": "19.40",
            "revenue": 258770
        },
        "2011-07": {
            "month": "2011-07",
            "price": "18.95",
            "revenue": 256909
        },
        "2011-08": {
            "month": "2011-08",
            "price": "21.60",
            "revenue": 270175
        },
        "2011-09": {
            "month": "2011-09",
            "price": "18.51",
            "revenue": 240491
        },
        "2011-10": {
            "month": "2011-10",
            "price": "17.49",
            "revenue": 218686
        },
        "2011-11": {
            "month": "2011-11",
            "price": "17.94",
            "revenue": 216701
        },
        "2011-12": {
            "month": "2011-12",
            "price": "17.92",
            "revenue": 278910
        },
        "2012-01": {
            "month": "2012-01",
            "price": "17.99",
            "revenue": 228141
        },
        "2012-02": {
            "month": "2012-02",
            "price": "18.99",
            "revenue": 245496
        },
        "2012-03": {
            "month": "2012-03",
            "price": "19.53",
            "revenue": 282279
        },
        "2012-04": {
            "month": "2012-04",
            "price": "19.13",
            "revenue": 280508
        },
        "2012-05": {
            "month": "2012-05",
            "price": "18.92",
            "revenue": 310843
        },
        "2012-06": {
            "month": "2012-06",
            "price": "18.79",
            "revenue": 284439
        },
        "2012-07": {
            "month": "2012-07",
            "price": "18.18",
            "revenue": 280053
        },
        "2012-08": {
            "month": "2012-08",
            "price": "18.79",
            "revenue": 286444
        },
        "2012-09": {
            "month": "2012-09",
            "price": "18.98",
            "revenue": 296522
        },
        "2012-10": {
            "month": "2012-10",
            "price": "19.44",
            "revenue": 250856
        },
        "2012-11": {
            "month": "2012-11",
            "price": "19.12",
            "revenue": 268553
        },
        "2012-12": {
            "month": "2012-12",
            "price": "19.19",
            "revenue": 301888
        },
        "2013-01": {
            "month": "2013-01",
            "price": "19.19",
            "revenue": 341215
        },
        "2013-02": {
            "month": "2013-02",
            "price": "19.43",
            "revenue": 170249
        },
        "2013-03": {
            "month": "2013-03",
            "price": "21.62",
            "revenue": 279015
        },
        "2013-04": {
            "month": "2013-04",
            "price": "21.76",
            "revenue": 293707
        },
        "2013-05": {
            "month": "2013-05",
            "price": "21.58",
            "revenue": 299289
        },
        "2013-06": {
            "month": "2013-06",
            "price": "21.82",
            "revenue": 259173
        },
        "2013-07": {
            "month": "2013-07",
            "price": "23.27",
            "revenue": 315006
        },
        "2013-08": {
            "month": "2013-08",
            "price": "29.95",
            "revenue": 304291
        },
        "2013-09": {
            "month": "2013-09",
            "price": "36.26",
            "revenue": 255833
        },
        "2013-10": {
            "month": "2013-10",
            "price": "35.52",
            "revenue": 299500
        },
        "2013-11": {
            "month": "2013-11",
            "price": "32.47",
            "revenue": 292269
        },
        "2013-12": {
            "month": "2013-12",
            "price": "33.01",
            "revenue": 279912
        },
        "2014-01": {
            "month": "2014-01",
            "price": "33.92",
            "revenue": 260880
        },
        "2014-02": {
            "month": "2014-02",
            "price": "33.18",
            "revenue": 212545
        },
        "2014-03": {
            "month": "2014-03",
            "price": "33.82",
            "revenue": 343115
        },
        "2014-04": {
            "month": "2014-04",
            "price": "34.50",
            "revenue": 294373
        },
        "2014-05": {
            "month": "2014-05",
            "price": "32.78",
            "revenue": 339255
        },
        "2014-06": {
            "month": "2014-06",
            "price": "32.15",
            "revenue": 286225
        },
        "2014-07": {
            "month": "2014-07",
            "price": "31.87",
            "revenue": 318713
        },
        "2014-08": {
            "month": "2014-08",
            "price": "31.72",
            "revenue": 323418
        },
        "2014-09": {
            "month": "2014-09",
            "price": "29.55",
            "revenue": 291968
        },
        "2014-10": {
            "month": "2014-10",
            "price": "25.45",
            "revenue": 278673
        },
        "2014-11": {
            "month": "2014-11",
            "price": "23.18",
            "revenue": 278045
        },
        "2014-12": {
            "month": "2014-12",
            "price": "23.41",
            "revenue": 296112
        },
        "2015-01": {
            "month": "2015-01",
            "price": "24.36",
            "revenue": 329420
        },
        "2015-02": {
            "month": "2015-02",
            "price": "24.80",
            "revenue": 168711
        },
        "2015-03": {
            "month": "2015-03",
            "price": "25.33",
            "revenue": 268353
        },
        "2015-04": {
            "month": "2015-04",
            "price": "25.36",
            "revenue": 323639
        },
        "2015-05": {
            "month": "2015-05",
            "price": "25.44",
            "revenue": 237151
        },
        "2015-06": {
            "month": "2015-06",
            "price": "25.03",
            "revenue": 280308
        },
        "2015-07": {
            "month": "2015-07",
            "price": "24.88",
            "revenue": 333162
        },
        "2015-08": {
            "month": "2015-08",
            "price": "22.60",
            "revenue": 257331
        },
        "2015-09": {
            "month": "2015-09",
            "price": "20.42",
            "revenue": 355463
        },
        "2015-10": {
            "month": "2015-10",
            "price": "20.65",
            "revenue": 274028
        },
        "2015-11": {
            "month": "2015-11",
            "price": "20.06",
            "revenue": 294681
        },
        "2015-12": {
            "month": "2015-12",
            "price": "19.57",
            "revenue": 296879
        },
        "2016-01": {
            "month": "2016-01",
            "price": "19.60",
            "revenue": 345158
        },
        "2016-02": {
            "month": "2016-02",
            "price": "19.72",
            "revenue": 140941
        },
        "2016-03": {
            "month": "2016-03",
            "price": "19.65",
            "revenue": 308441
        },
        "2016-04": {
            "month": "2016-04",
            "price": "19.36",
            "revenue": 298672
        },
        "2016-05": {
            "month": "2016-05",
            "price": "18.86",
            "revenue": 257047
        },
        "2016-06": {
            "month": "2016-06",
            "price": "17.95",
            "revenue": 268427
        },
        "2016-07": {
            "month": "2016-07",
            "price": "18.78",
            "revenue": 253358
        },
        "2016-08": {
            "month": "2016-08",
            "price": "18.08",
            "revenue": 224608
        },
        "2016-09": {
            "month": "2016-09",
            "price": "17.81",
            "revenue": 224015
        },
        "2016-10": {
            "month": "2016-10",
            "price": "17.12",
            "revenue": 216284
        },
        "2016-11": {
            "month": "2016-11",
            "price": "16.81",
            "revenue": 231999
        },
        "2016-12": {
            "month": "2016-12",
            "price": "15.67",
            "revenue": 263071
        },
        "2017-01": {
            "month": "2017-01",
            "price": "14.90",
            "revenue": 227029
        },
        "2017-02": {
            "month": "2017-02",
            "price": "14.88",
            "revenue": 171464
        },
        "2017-03": {
            "month": "2017-03",
            "price": "14.53",
            "revenue": 281649
        },
        "2017-04": {
            "month": "2017-04",
            "price": "14.29",
            "revenue": 252038
        },
        "2017-05": {
            "month": "2017-05",
            "price": "13.74",
            "revenue": 242493
        },
        "2017-06": {
            "month": "2017-06",
            "price": "13.50",
            "revenue": 223778
        },
        "2017-07": {
            "month": "2017-07",
            "price": "13.60",
            "revenue": 248017
        },
        "2017-08": {
            "month": "2017-08",
            "price": "13.85",
            "revenue": 251308
        },
        "2017-09": {
            "month": "2017-09",
            "price": "14.10",
            "revenue": 238403
        },
        "2017-10": {
            "month": "2017-10",
            "price": "14.12",
            "revenue": 208309
        },
        "2017-11": {
            "month": "2017-11",
            "price": "13.87",
            "revenue": 229144
        },
        "2017-12": {
            "month": "2017-12",
            "price": "13.44",
            "revenue": 210461
        },
        "2018-01": {
            "month": "2018-01",
            "price": "13.73",
            "revenue": 294649
        },
        "2018-02": {
            "month": "2018-02",
            "price": "13.08",
            "revenue": 172115
        },
        "2018-03": {
            "month": "2018-03",
            "price": "12.96",
            "revenue": 214360
        },
        "2018-04": {
            "month": "2018-04",
            "price": "12.59",
            "revenue": 210972
        },
        "2018-05": {
            "month": "2018-05",
            "price": "12.35",
            "revenue": 234723
        },
        "2018-06": {
            "month": "2018-06",
            "price": "12.63",
            "revenue": 220133
        },
        "2018-07": {
            "month": "2018-07",
            "price": "12.85",
            "revenue": 234734
        },
        "2018-08": {
            "month": "2018-08",
            "price": "13.05",
            "revenue": 232135
        },
        "2018-09": {
            "month": "2018-09",
            "price": "13.22",
            "revenue": 197754
        },
        "2018-10": {
            "month": "2018-10",
            "price": "13.21",
            "revenue": 209593
        },
        "2018-11": {
            "month": "2018-11",
            "price": "13.12",
            "revenue": 209915
        },
        "2018-12": {
            "month": "2018-12",
            "price": "13.32",
            "revenue": 225907
        },
        "2019-01": {
            "month": "2019-01",
            "price": "13.78",
            "revenue": 262812
        },
        "2019-02": {
            "month": "2019-02",
            "price": "14.30",
            "revenue": 190588
        },
        "2019-03": {
            "month": "2019-03",
            "price": "13.17",
            "revenue": 258853
        },
        "2019-04": {
            "month": "2019-04",
            "price": "12.96",
            "revenue": 325687
        },
        "2019-05": {
            "month": "2019-05",
            "price": "13.06",
            "revenue": 275317
        },
        "2019-06": {
            "month": "2019-06",
            "price": "12.99",
            "revenue": 253363
        },
        "2019-07": {
            "month": "2019-07",
            "price": "13.31",
            "revenue": 313277
        },
        "2019-08": {
            "month": "2019-08",
            "price": "13.95",
            "revenue": 299239
        },
        "2019-09": {
            "month": "2019-09",
            "price": "14.78",
            "revenue": 258536
        },
        "2019-10": {
            "month": "2019-10",
            "price": "15.99",
            "revenue": 333769
        },
        "2019-11": {
            "month": "2019-11",
            "price": "15.07",
            "revenue": 238908
        },
        "2019-12": {
            "month": "2019-12",
            "price": "14.96",
            "revenue": 265201
        },
        "2020-01": {
            "month": "2020-01",
            "price": "14.88",
            "revenue": 247188
        },
        "2020-02": {
            "month": "2020-02",
            "price": "13.90",
            "revenue": 125464
        },
        "2020-03": {
            "month": "2020-03",
            "price": "11.63",
            "revenue": 150962
        },
        "2020-04": {
            "month": "2020-04",
            "price": "10.09",
            "revenue": 38233
        },
        "2020-05": {
            "month": "2020-05",
            "price": "9.58",
            "revenue": 20854
        },
        "2020-06": {
            "month": "2020-06",
            "price": "9.58",
            "revenue": 47522
        },
        "2020-07": {
            "month": "2020-07",
            "price": "9.30",
            "revenue": 40747
        },
        "2020-08": {
            "month": "2020-08",
            "price": "9.22",
            "revenue": 61098
        },
        "2020-09": {
            "month": "2020-09",
            "price": "9.31",
            "revenue": 101513
        },
        "2020-10": {
            "month": "2020-10",
            "price": "9.28",
            "revenue": 83195
        },
        "2020-11": {
            "month": "2020-11",
            "price": "9.78",
            "revenue": 67032
        },
        "2020-12": {
            "month": "2020-12",
            "price": "10.23",
            "revenue": 108436
        },
        "2021-01": {
            "month": "2021-01",
            "price": "9.97",
            "revenue": 105222
        },
        "2021-02": {
            "month": "2021-02",
            "price": "10.01",
            "revenue": 32830
        },
        "2021-03": {
            "month": "2021-03",
            "price": "11.62",
            "revenue": 64686
        },
        "2021-04": {
            "month": "2021-04",
            "price": "11.93",
            "revenue": 82128
        },
        "2021-05": {
            "month": "2021-05",
            "price": "10.96",
            "revenue": 41141
        },
        "2021-06": {
            "month": "2021-06",
            "price": "12.24",
            "revenue": 44826
        },
        "2021-07": {
            "month": "2021-07",
            "price": "12.32",
            "revenue": 72554
        },
        "2021-08": {
            "month": "2021-08",
            "price": "10.45",
            "revenue": 134981
        },
        "2021-09": {
            "month": "2021-09",
            "price": "9.40",
            "revenue": 92402
        },
        "2021-10": {
            "month": "2021-10",
            "price": "10.11",
            "revenue": 135718
        },
        "2021-11": {
            "month": "2021-11",
            "price": "10.13",
            "revenue": 93374
        },
        "2021-12": {
            "month": "2021-12",
            "price": "9.83",
            "revenue": 129021
        },
        "2022-01": {
            "month": "2022-01",
            "price": "9.83",
            "revenue": 232261
        },
        "2022-02": {
            "month": "2022-02",
            "price": "10.98",
            "revenue": 157774
        },
        "2022-03": {
            "month": "2022-03",
            "price": "11.87",
            "revenue": 173183
        },
        "2022-04": {
            "month": "2022-04",
            "price": "11.71",
            "revenue": 175371
        },
        "2022-05": {
            "month": "2022-05",
            "price": "11.95",
            "revenue": 127168
        },
        "2022-06": {
            "month": "2022-06",
            "price": "12.93",
            "revenue": 172050
        },
        "2022-07": {
            "month": "2022-07",
            "price": "12.57",
            "revenue": 209856
        },
        "2022-08": {
            "month": "2022-08",
            "price": "11.87",
            "revenue": 223939
        },
        "2022-09": {
            "month": "2022-09",
            "price": "11.74",
            "revenue": 207899
        },
        "2022-10": {
            "month": "2022-10",
            "price": "11.33",
            "revenue": 114522
        },
        "2022-11": {
            "month": "2022-11",
            "price": "11.09",
            "revenue": 214236
        },
        "2022-12": {
            "month": "2022-12",
            "price": "10.79",
            "revenue": 282439
        },
        "2023-01": {
            "month": "2023-01",
            "price": "10.80",
            "revenue": 262023
        },
        "2023-02": {
            "month": "2023-02",
            "price": "11.75",
            "revenue": 191612
        },
        "2023-03": {
            "month": "2023-03",
            "price": "12.28",
            "revenue": 206306
        },
        "2023-04": {
            "month": "2023-04",
            "price": "12.30",
            "revenue": 248059
        },
        "2023-05": {
            "month": "2023-05",
            "price": "12.75",
            "revenue": 296068
        },
        "2023-06": {
            "month": "2023-06",
            "price": "16.56",
            "revenue": 264880
        },
        "2023-07": {
            "month": "2023-07",
            "price": "18.71",
            "revenue": 259112
        },
        "2023-08": {
            "month": "2023-08",
            "price": "17.99",
            "revenue": 275519
        },
        "2023-09": {
            "month": "2023-09",
            "price": "19.58",
            "revenue": 285958
        },
        "2023-10": {
            "month": "2023-10",
            "price": "25.19",
            "revenue": 236615
        },
        "2023-11": {
            "month": "2023-11",
            "price": "27.00",
            "revenue": 173879
        }
    }
}
