{
    "summary": {
        "stock_name": "皇田",
        "stock_id": "9951",
        "category": "電機機械",
        "main_business": "汽窗窗簾<br>割草機",
        "website_url": "https://www.macauto-group.com/zh-hant/",
        "ceo": "周幼珊",
        "pe_ratio": 13,
        "report_year_from": 2001,
        "report_year_to": 2023,
        "age": 23,
        "eps_negative_percentage": 5,
        "eps_growth_avg": {
            "last_all": 0.93,
            "last_2y": -4.05,
            "last_4y": -5.13,
            "last_8y": -2.65,
            "last_12y": 8.24,
            "last_16y": 1.82,
            "last_20y": null,
            "at_2006_last_3y": null,
            "at_2007_last_3y": 1.46,
            "at_2008_last_3y": -24.08,
            "at_2009_last_3y": -16.4,
            "at_2010_last_3y": -26.02,
            "at_2011_last_3y": -16.22,
            "at_2012_last_3y": 20.7,
            "at_2013_last_3y": 31.21,
            "at_2014_last_3y": 32.77,
            "at_2015_last_3y": 24.25,
            "at_2016_last_3y": 24.81,
            "at_2017_last_3y": 6.38,
            "at_2018_last_3y": 0.44,
            "at_2019_last_3y": -3.25,
            "at_2020_last_3y": -9.32,
            "at_2021_last_3y": -11.59,
            "at_2022_last_3y": -7.64,
            "at_2023_last_3y": -5.86,
            "at_2024_last_3y": -5.86,
            "at_2006_last_all": -3.79,
            "at_2007_last_all": 1.46,
            "at_2008_last_all": -18.83,
            "at_2009_last_all": -18.83,
            "at_2010_last_all": -14.9,
            "at_2011_last_all": -6.11,
            "at_2012_last_all": -4,
            "at_2013_last_all": 3.41,
            "at_2014_last_all": 4.16,
            "at_2015_last_all": 4.93,
            "at_2016_last_all": 5.6,
            "at_2017_last_all": 4.32,
            "at_2018_last_all": 3.1,
            "at_2019_last_all": 2.75,
            "at_2020_last_all": 1.87,
            "at_2021_last_all": 0.58,
            "at_2022_last_all": 0.71,
            "at_2023_last_all": 0.93,
            "at_2024_last_all": 0.93
        },
        "latest_eps": 5.77,
        "latest_price": 72.3,
        "latest_roe": 12.39,
        "latest_gross_margin": 25.91,
        "latest_equity": 3605795,
        "latest_revenue": 1466407,
        "latest_gross_profit": 379888,
        "latest_net_income": 109150,
        "latest_debt_ratio": 38.31,
        "latest_current_ratio": 191.68,
        "latest_account_receivable_turnover_ratio": 1.43,
        "latest_inventory_turnover_ratio": 1.04,
        "latest_reinvestment_rate": -21.31,
        "latest_research_to_sale_ratio": 3.34
    },
    "eps_dividends": {
        "2001": {
            "cash": 0,
            "stock": 0,
            "eps": 0
        },
        "2002": {
            "cash": 1,
            "stock": 1,
            "eps": 0
        },
        "2003": {
            "cash": 0,
            "stock": 1.51,
            "eps": 5.07
        },
        "2004": {
            "cash": 0,
            "stock": 0,
            "eps": 5.18
        },
        "2005": {
            "cash": 1.5,
            "stock": 1.5,
            "eps": 2.74
        },
        "2006": {
            "cash": 1.2,
            "stock": 1,
            "eps": 3.66
        },
        "2007": {
            "cash": 2.5,
            "stock": 0,
            "eps": 4.29
        },
        "2008": {
            "cash": 1.71,
            "stock": 1.49,
            "eps": -6.14
        },
        "2009": {
            "cash": 0.3,
            "stock": 0,
            "eps": 2.54
        },
        "2010": {
            "cash": 0,
            "stock": 0,
            "eps": 2.66
        },
        "2011": {
            "cash": 2,
            "stock": 0,
            "eps": 3.9
        },
        "2012": {
            "cash": 2.5,
            "stock": 0,
            "eps": 4.32
        },
        "2013": {
            "cash": 2,
            "stock": 0,
            "eps": 7.03
        },
        "2014": {
            "cash": 5,
            "stock": 0,
            "eps": 7.8
        },
        "2015": {
            "cash": 5.4,
            "stock": 0,
            "eps": 8.78
        },
        "2016": {
            "cash": 5.5,
            "stock": 0,
            "eps": 9.92
        },
        "2017": {
            "cash": 5.8,
            "stock": 0,
            "eps": 8.83
        },
        "2018": {
            "cash": 5.3,
            "stock": 0,
            "eps": 7.7
        },
        "2019": {
            "cash": 4.2,
            "stock": 0,
            "eps": 7.53
        },
        "2020": {
            "cash": 3.5,
            "stock": 0,
            "eps": 6.68
        },
        "2021": {
            "cash": 4.7,
            "stock": 0,
            "eps": 5.34
        },
        "2022": {
            "cash": 3.3,
            "stock": 0,
            "eps": 5.5
        },
        "2023": {
            "cash": 3.3,
            "stock": 0,
            "eps": 5.77
        },
        "2024": {
            "cash": 3.4,
            "stock": 0,
            "eps": 0
        }
    },
    "dividends": {
        "2002-06-12": {
            "cash": 1,
            "stock": 1
        },
        "2003-04-28": {
            "cash": 0,
            "stock": 1.51
        },
        "2005-02-02": {
            "cash": 1.5,
            "stock": 1.5
        },
        "2006-03-17": {
            "cash": 1.2,
            "stock": 1
        },
        "2007-02-13": {
            "cash": 2.5,
            "stock": 0
        },
        "2008-02-13": {
            "cash": 1.71,
            "stock": 1.49
        },
        "2009-04-22": {
            "cash": 0.3,
            "stock": 0
        },
        "2011-03-09": {
            "cash": 2,
            "stock": 0
        },
        "2012-06-06": {
            "cash": 2.5,
            "stock": 0
        },
        "2013-06-13": {
            "cash": 2,
            "stock": 0
        },
        "2014-08-28": {
            "cash": 5,
            "stock": 0
        },
        "2015-09-08": {
            "cash": 5.4,
            "stock": 0
        },
        "2016-10-06": {
            "cash": 5.5,
            "stock": 0
        },
        "2017-10-06": {
            "cash": 5.8,
            "stock": 0
        },
        "2018-10-05": {
            "cash": 5.3,
            "stock": 0
        },
        "2019-10-04": {
            "cash": 4.2,
            "stock": 0
        },
        "2020-10-08": {
            "cash": 3.5,
            "stock": 0
        },
        "2021-10-08": {
            "cash": 4.7,
            "stock": 0
        },
        "2022-10-07": {
            "cash": 3.3,
            "stock": 0
        },
        "2023-09-20": {
            "cash": 3.3,
            "stock": 0
        },
        "2024-03-08": {
            "cash": 3.4,
            "stock": 0
        }
    },
    "prices": {
        "200101": "無",
        "200102": "無",
        "200103": "無",
        "200104": "無",
        "200105": "無",
        "200106": "無",
        "200107": "無",
        "200108": "無",
        "200109": "無",
        "200110": "無",
        "200111": "無",
        "200112": "無",
        "200201": "無",
        "200202": "無",
        "200203": "無",
        "200204": "無",
        "200205": "無",
        "200206": "無",
        "200207": "無",
        "200208": "無",
        "200209": "無",
        "200210": "無",
        "200211": "無",
        "200212": "無",
        "200301": "無",
        "200302": "無",
        "200303": "無",
        "200304": "無",
        "200305": "無",
        "200306": "無",
        "200307": "無",
        "200308": "無",
        "200309": "48.00",
        "200310": "49.93",
        "200311": "53.42",
        "200312": "55.60",
        "200401": "59.47",
        "200402": "57.90",
        "200403": "60.26",
        "200404": "61.41",
        "200405": "60.17",
        "200406": "55.29",
        "200407": "47.84",
        "200408": "44.69",
        "200409": "43.16",
        "200410": "42.82",
        "200411": "43.24",
        "200412": "44.72",
        "200501": "46.02",
        "200502": "48.50",
        "200503": "44.20",
        "200504": "43.95",
        "200505": "40.52",
        "200506": "36.25",
        "200507": "30.37",
        "200508": "25.16",
        "200509": "26.02",
        "200510": "26.54",
        "200511": "25.45",
        "200512": "27.40",
        "200601": "27.43",
        "200602": "25.73",
        "200603": "25.77",
        "200604": "28.92",
        "200605": "30.14",
        "200606": "28.84",
        "200607": "28.00",
        "200608": "27.00",
        "200609": "27.08",
        "200610": "29.68",
        "200611": "30.58",
        "200612": "36.85",
        "200701": "39.15",
        "200702": "39.55",
        "200703": "40.47",
        "200704": "48.60",
        "200705": "49.86",
        "200706": "57.02",
        "200707": "59.08",
        "200708": "56.03",
        "200709": "63.13",
        "200710": "61.50",
        "200711": "52.71",
        "200712": "49.33",
        "200801": "45.32",
        "200802": "42.36",
        "200803": "44.40",
        "200804": "42.20",
        "200805": "42.08",
        "200806": "35.52",
        "200807": "29.13",
        "200808": "28.01",
        "200809": "26.89",
        "200810": "22.37",
        "200811": "16.72",
        "200812": "9.37",
        "200901": "9.06",
        "200902": "10.34",
        "200903": "12.26",
        "200904": "17.12",
        "200905": "17.45",
        "200906": "14.11",
        "200907": "15.95",
        "200908": "26.52",
        "200909": "31.95",
        "200910": "28.74",
        "200911": "30.56",
        "200912": "31.55",
        "201001": "32.88",
        "201002": "29.43",
        "201003": "32.06",
        "201004": "33.86",
        "201005": "31.44",
        "201006": "28.05",
        "201007": "28.39",
        "201008": "28.90",
        "201009": "28.60",
        "201010": "29.31",
        "201011": "27.90",
        "201012": "28.28",
        "201101": "28.76",
        "201102": "29.48",
        "201103": "29.04",
        "201104": "29.74",
        "201105": "31.03",
        "201106": "29.52",
        "201107": "27.85",
        "201108": "26.73",
        "201109": "25.73",
        "201110": "25.77",
        "201111": "26.26",
        "201112": "25.98",
        "201201": "26.31",
        "201202": "29.00",
        "201203": "30.54",
        "201204": "30.58",
        "201205": "30.95",
        "201206": "30.37",
        "201207": "29.38",
        "201208": "34.25",
        "201209": "40.76",
        "201210": "39.13",
        "201211": "40.24",
        "201212": "40.79",
        "201301": "41.70",
        "201302": "44.30",
        "201303": "46.98",
        "201304": "51.06",
        "201305": "61.80",
        "201306": "68.90",
        "201307": "73.20",
        "201308": "80.91",
        "201309": "92.64",
        "201310": "93.64",
        "201311": "97.90",
        "201312": "111.14",
        "201401": "108.28",
        "201402": "122.24",
        "201403": "134.29",
        "201404": "147.00",
        "201405": "137.69",
        "201406": "144.05",
        "201407": "139.11",
        "201408": "119.86",
        "201409": "117.76",
        "201410": "104.61",
        "201411": "100.51",
        "201412": "113.17",
        "201501": "115.10",
        "201502": "113.85",
        "201503": "119.80",
        "201504": "130.68",
        "201505": "119.42",
        "201506": "121.02",
        "201507": "122.73",
        "201508": "136.52",
        "201509": "153.48",
        "201510": "172.76",
        "201511": "166.52",
        "201512": "159.93",
        "201601": "165.95",
        "201602": "175.23",
        "201603": "165.43",
        "201604": "181.74",
        "201605": "176.00",
        "201606": "168.43",
        "201607": "167.45",
        "201608": "184.87",
        "201609": "203.84",
        "201610": "196.98",
        "201611": "173.45",
        "201612": "182.75",
        "201701": "186.66",
        "201702": "186.67",
        "201703": "177.83",
        "201704": "171.56",
        "201705": "181.80",
        "201706": "185.33",
        "201707": "188.98",
        "201708": "180.52",
        "201709": "174.11",
        "201710": "165.58",
        "201711": "162.02",
        "201712": "166.83",
        "201801": "164.57",
        "201802": "145.81",
        "201803": "144.63",
        "201804": "139.56",
        "201805": "123.55",
        "201806": "121.98",
        "201807": "105.11",
        "201808": "99.63",
        "201809": "83.69",
        "201810": "74.30",
        "201811": "72.65",
        "201812": "81.04",
        "201901": "87.53",
        "201902": "89.52",
        "201903": "90.56",
        "201904": "89.48",
        "201905": "82.26",
        "201906": "80.69",
        "201907": "82.10",
        "201908": "90.42",
        "201909": "102.41",
        "201910": "98.36",
        "201911": "93.83",
        "201912": "91.19",
        "202001": "88.69",
        "202002": "79.79",
        "202003": "63.67",
        "202004": "64.88",
        "202005": "69.96",
        "202006": "79.10",
        "202007": "74.80",
        "202008": "82.77",
        "202009": "80.78",
        "202010": "77.42",
        "202011": "85.61",
        "202012": "87.35",
        "202101": "95.66",
        "202102": "90.36",
        "202103": "93.61",
        "202104": "100.52",
        "202105": "88.19",
        "202106": "90.83",
        "202107": "96.00",
        "202108": "89.45",
        "202109": "81.85",
        "202110": "79.33",
        "202111": "80.46",
        "202112": "78.20",
        "202201": "76.41",
        "202202": "75.83",
        "202203": "74.19",
        "202204": "72.01",
        "202205": "67.92",
        "202206": "67.11",
        "202207": "62.64",
        "202208": "64.22",
        "202209": "65.79",
        "202210": "60.67",
        "202211": "60.68",
        "202212": "65.67",
        "202301": "66.12",
        "202302": "68.74",
        "202303": "71.40",
        "202304": "71.54",
        "202305": "72.38",
        "202306": "74.48",
        "202307": "77.56",
        "202308": "77.12",
        "202309": "76.36",
        "202310": "75.49",
        "202311": "76.25",
        "202312": "76.88",
        "202401": "71.72",
        "202402": "71.75",
        "202403": "72.64",
        "202404": "無"
    },
    "quarters": {
        "20011": {
            "year_quarter": 20011,
            "year": 2001,
            "quarter": 1,
            "eps": null,
            "eps_growth_year": null,
            "eps_4q": null,
            "eps_4q_growth_year": null,
            "roe": null,
            "roe_4q": 0,
            "gross_profit": null,
            "gross_margin": null,
            "gross_margin_4q_avg": 0,
            "net_income": null,
            "net_income_4q": null,
            "revenue": null,
            "revenue_4q": null,
            "common_shares": null,
            "book_valuer_per_share": null,
            "book_valuer_per_share_4q_avg": 0,
            "equity": null,
            "current_ratio": null,
            "debt_ratio": null,
            "inventory_turnover_ratio": null,
            "account_receivable_turnover_ratio": null,
            "reinvestment_rate": null,
            "research_to_sale_ratio": null,
            "price_fair": 0,
            "eps_avg_yearly": 0,
            "eps_latest_yearly": 0,
            "eps_growth_yearly": 0
        },
        "20012": {
            "year_quarter": 20012,
            "year": 2001,
            "quarter": 2,
            "eps": null,
            "eps_growth_year": null,
            "eps_4q": null,
            "eps_4q_growth_year": null,
            "roe": null,
            "roe_4q": 0,
            "gross_profit": null,
            "gross_margin": null,
            "gross_margin_4q_avg": 0,
            "net_income": null,
            "net_income_4q": null,
            "revenue": null,
            "revenue_4q": null,
            "common_shares": null,
            "book_valuer_per_share": null,
            "book_valuer_per_share_4q_avg": 0,
            "equity": null,
            "current_ratio": null,
            "debt_ratio": null,
            "inventory_turnover_ratio": null,
            "account_receivable_turnover_ratio": null,
            "reinvestment_rate": null,
            "research_to_sale_ratio": null,
            "price_fair": 0,
            "eps_avg_yearly": 0,
            "eps_latest_yearly": 0,
            "eps_growth_yearly": 0
        },
        "20013": {
            "year_quarter": 20013,
            "year": 2001,
            "quarter": 3,
            "eps": null,
            "eps_growth_year": null,
            "eps_4q": null,
            "eps_4q_growth_year": null,
            "roe": null,
            "roe_4q": 0,
            "gross_profit": null,
            "gross_margin": null,
            "gross_margin_4q_avg": 0,
            "net_income": null,
            "net_income_4q": null,
            "revenue": null,
            "revenue_4q": null,
            "common_shares": null,
            "book_valuer_per_share": null,
            "book_valuer_per_share_4q_avg": 0,
            "equity": null,
            "current_ratio": null,
            "debt_ratio": null,
            "inventory_turnover_ratio": null,
            "account_receivable_turnover_ratio": null,
            "reinvestment_rate": null,
            "research_to_sale_ratio": null,
            "price_fair": 0,
            "eps_avg_yearly": 0,
            "eps_latest_yearly": 0,
            "eps_growth_yearly": 0
        },
        "20014": {
            "year_quarter": 20014,
            "year": 2001,
            "quarter": 4,
            "eps": null,
            "eps_growth_year": null,
            "eps_4q": null,
            "eps_4q_growth_year": null,
            "roe": null,
            "roe_4q": 0,
            "gross_profit": null,
            "gross_margin": null,
            "gross_margin_4q_avg": 0,
            "net_income": null,
            "net_income_4q": null,
            "revenue": null,
            "revenue_4q": null,
            "common_shares": 237000,
            "book_valuer_per_share": 11.9,
            "book_valuer_per_share_4q_avg": 2.98,
            "equity": 282027,
            "current_ratio": 230.45,
            "debt_ratio": 30.48,
            "inventory_turnover_ratio": null,
            "account_receivable_turnover_ratio": null,
            "reinvestment_rate": null,
            "research_to_sale_ratio": null,
            "price_fair": 0,
            "eps_avg_yearly": 0,
            "eps_latest_yearly": 0,
            "eps_growth_yearly": 0
        },
        "20021": {
            "year_quarter": 20021,
            "year": 2002,
            "quarter": 1,
            "eps": null,
            "eps_growth_year": null,
            "eps_4q": null,
            "eps_4q_growth_year": null,
            "roe": null,
            "roe_4q": 0,
            "gross_profit": null,
            "gross_margin": null,
            "gross_margin_4q_avg": 0,
            "net_income": null,
            "net_income_4q": null,
            "revenue": null,
            "revenue_4q": null,
            "common_shares": null,
            "book_valuer_per_share": null,
            "book_valuer_per_share_4q_avg": 2.98,
            "equity": null,
            "current_ratio": null,
            "debt_ratio": null,
            "inventory_turnover_ratio": null,
            "account_receivable_turnover_ratio": null,
            "reinvestment_rate": null,
            "research_to_sale_ratio": null,
            "price_fair": 0,
            "eps_avg_yearly": 0,
            "eps_latest_yearly": 0,
            "eps_growth_yearly": 0
        },
        "20022": {
            "year_quarter": 20022,
            "year": 2002,
            "quarter": 2,
            "eps": null,
            "eps_growth_year": null,
            "eps_4q": null,
            "eps_4q_growth_year": null,
            "roe": null,
            "roe_4q": 0,
            "gross_profit": null,
            "gross_margin": null,
            "gross_margin_4q_avg": 0,
            "net_income": null,
            "net_income_4q": null,
            "revenue": null,
            "revenue_4q": null,
            "common_shares": null,
            "book_valuer_per_share": null,
            "book_valuer_per_share_4q_avg": 2.98,
            "equity": null,
            "current_ratio": null,
            "debt_ratio": null,
            "inventory_turnover_ratio": null,
            "account_receivable_turnover_ratio": null,
            "reinvestment_rate": null,
            "research_to_sale_ratio": null,
            "price_fair": 0,
            "eps_avg_yearly": 0,
            "eps_latest_yearly": 0,
            "eps_growth_yearly": 0
        },
        "20023": {
            "year_quarter": 20023,
            "year": 2002,
            "quarter": 3,
            "eps": null,
            "eps_growth_year": null,
            "eps_4q": null,
            "eps_4q_growth_year": null,
            "roe": null,
            "roe_4q": 0,
            "gross_profit": null,
            "gross_margin": null,
            "gross_margin_4q_avg": 0,
            "net_income": null,
            "net_income_4q": null,
            "revenue": null,
            "revenue_4q": null,
            "common_shares": null,
            "book_valuer_per_share": null,
            "book_valuer_per_share_4q_avg": 2.98,
            "equity": null,
            "current_ratio": null,
            "debt_ratio": null,
            "inventory_turnover_ratio": null,
            "account_receivable_turnover_ratio": null,
            "reinvestment_rate": null,
            "research_to_sale_ratio": null,
            "price_fair": 0,
            "eps_avg_yearly": 0,
            "eps_latest_yearly": 0,
            "eps_growth_yearly": 0
        },
        "20024": {
            "year_quarter": 20024,
            "year": 2002,
            "quarter": 4,
            "eps": null,
            "eps_growth_year": null,
            "eps_4q": null,
            "eps_4q_growth_year": null,
            "roe": null,
            "roe_4q": 0,
            "gross_profit": null,
            "gross_margin": null,
            "gross_margin_4q_avg": 0,
            "net_income": null,
            "net_income_4q": null,
            "revenue": null,
            "revenue_4q": null,
            "common_shares": 260700,
            "book_valuer_per_share": 12.23,
            "book_valuer_per_share_4q_avg": 3.06,
            "equity": 318916,
            "current_ratio": 187.6,
            "debt_ratio": 36.28,
            "inventory_turnover_ratio": null,
            "account_receivable_turnover_ratio": null,
            "reinvestment_rate": null,
            "research_to_sale_ratio": null,
            "price_fair": 0,
            "eps_avg_yearly": 0,
            "eps_latest_yearly": 0,
            "eps_growth_yearly": 0
        },
        "20031": {
            "year_quarter": 20031,
            "year": 2003,
            "quarter": 1,
            "eps": 1.39,
            "eps_growth_year": null,
            "eps_4q": null,
            "eps_4q_growth_year": null,
            "roe": 10.74,
            "roe_4q": 10.74,
            "gross_profit": 96717,
            "gross_margin": 40.72,
            "gross_margin_4q_avg": 10.18,
            "net_income": 36183,
            "net_income_4q": null,
            "revenue": 237525,
            "revenue_4q": null,
            "common_shares": 260700,
            "book_valuer_per_share": 13.62,
            "book_valuer_per_share_4q_avg": 6.46,
            "equity": 355107,
            "current_ratio": 145.64,
            "debt_ratio": 43.75,
            "inventory_turnover_ratio": 1.39,
            "account_receivable_turnover_ratio": null,
            "reinvestment_rate": null,
            "research_to_sale_ratio": null,
            "price_fair": 0,
            "eps_avg_yearly": 0,
            "eps_latest_yearly": 0,
            "eps_growth_yearly": 0
        },
        "20032": {
            "year_quarter": 20032,
            "year": 2003,
            "quarter": 2,
            "eps": 1.27,
            "eps_growth_year": null,
            "eps_4q": null,
            "eps_4q_growth_year": null,
            "roe": 10.2,
            "roe_4q": 20.939999999999998,
            "gross_profit": 102118,
            "gross_margin": 40.09,
            "gross_margin_4q_avg": 20.2,
            "net_income": 38102,
            "net_income_4q": null,
            "revenue": 254704,
            "revenue_4q": null,
            "common_shares": 300000,
            "book_valuer_per_share": 13.06,
            "book_valuer_per_share_4q_avg": 9.73,
            "equity": 391843,
            "current_ratio": 139.5,
            "debt_ratio": 45.03,
            "inventory_turnover_ratio": 1.48,
            "account_receivable_turnover_ratio": null,
            "reinvestment_rate": null,
            "research_to_sale_ratio": null,
            "price_fair": 15.24,
            "eps_avg_yearly": 5.08,
            "eps_latest_yearly": 5.08,
            "eps_growth_yearly": -34.53
        },
        "20033": {
            "year_quarter": 20033,
            "year": 2003,
            "quarter": 3,
            "eps": 1.06,
            "eps_growth_year": null,
            "eps_4q": null,
            "eps_4q_growth_year": null,
            "roe": 7.83,
            "roe_4q": 28.770000000000003,
            "gross_profit": 81216,
            "gross_margin": 39.2,
            "gross_margin_4q_avg": 30,
            "net_income": 31837,
            "net_income_4q": null,
            "revenue": 207176,
            "revenue_4q": null,
            "common_shares": 300000,
            "book_valuer_per_share": 14.03,
            "book_valuer_per_share_4q_avg": 13.24,
            "equity": 421010,
            "current_ratio": 143.15,
            "debt_ratio": 41.16,
            "inventory_turnover_ratio": 1.22,
            "account_receivable_turnover_ratio": null,
            "reinvestment_rate": null,
            "research_to_sale_ratio": null,
            "price_fair": 13.98,
            "eps_avg_yearly": 4.66,
            "eps_latest_yearly": 4.24,
            "eps_growth_yearly": -50.34
        },
        "20034": {
            "year_quarter": 20034,
            "year": 2003,
            "quarter": 4,
            "eps": 1.35,
            "eps_growth_year": null,
            "eps_4q": 4.89,
            "eps_4q_growth_year": null,
            "roe": 9.22,
            "roe_4q": 37.99,
            "gross_profit": 76876,
            "gross_margin": 42.37,
            "gross_margin_4q_avg": 40.6,
            "net_income": 40478,
            "net_income_4q": null,
            "revenue": 181451,
            "revenue_4q": null,
            "common_shares": 300000,
            "book_valuer_per_share": 15.22,
            "book_valuer_per_share_4q_avg": 13.98,
            "equity": 456583,
            "current_ratio": 176.93,
            "debt_ratio": 38.52,
            "inventory_turnover_ratio": 0.82,
            "account_receivable_turnover_ratio": null,
            "reinvestment_rate": null,
            "research_to_sale_ratio": null,
            "price_fair": 63.39,
            "eps_avg_yearly": 4.91,
            "eps_latest_yearly": 5.4,
            "eps_growth_yearly": 2.92
        },
        "20041": {
            "year_quarter": 20041,
            "year": 2004,
            "quarter": 1,
            "eps": 1.95,
            "eps_growth_year": 40.29,
            "eps_4q": 5.62,
            "eps_4q_growth_year": null,
            "roe": 12.1,
            "roe_4q": 39.349999999999994,
            "gross_profit": 107639,
            "gross_margin": 37.8,
            "gross_margin_4q_avg": 39.87,
            "net_income": 58646,
            "net_income_4q": null,
            "revenue": 284755,
            "revenue_4q": null,
            "common_shares": 300000,
            "book_valuer_per_share": 17.09,
            "book_valuer_per_share_4q_avg": 14.85,
            "equity": 512840,
            "current_ratio": 153.4,
            "debt_ratio": 43.07,
            "inventory_turnover_ratio": 1.22,
            "account_receivable_turnover_ratio": null,
            "reinvestment_rate": null,
            "research_to_sale_ratio": null,
            "price_fair": 197.05,
            "eps_avg_yearly": 5.63,
            "eps_latest_yearly": 7.8,
            "eps_growth_yearly": 46.63
        },
        "20042": {
            "year_quarter": 20042,
            "year": 2004,
            "quarter": 2,
            "eps": 1.33,
            "eps_growth_year": 4.72,
            "eps_4q": 4.96,
            "eps_4q_growth_year": null,
            "roe": 9.46,
            "roe_4q": 38.61,
            "gross_profit": 107940,
            "gross_margin": 35.09,
            "gross_margin_4q_avg": 38.62,
            "net_income": 47944,
            "net_income_4q": null,
            "revenue": 307604,
            "revenue_4q": null,
            "common_shares": 360000,
            "book_valuer_per_share": 13.9,
            "book_valuer_per_share_4q_avg": 15.06,
            "equity": 500417,
            "current_ratio": 130.74,
            "debt_ratio": 44.89,
            "inventory_turnover_ratio": 1.4,
            "account_receivable_turnover_ratio": null,
            "reinvestment_rate": null,
            "research_to_sale_ratio": null,
            "price_fair": 121.78,
            "eps_avg_yearly": 5.57,
            "eps_latest_yearly": 5.32,
            "eps_growth_yearly": 11.87
        },
        "20043": {
            "year_quarter": 20043,
            "year": 2004,
            "quarter": 3,
            "eps": 1.16,
            "eps_growth_year": 9.43,
            "eps_4q": 5.24,
            "eps_4q_growth_year": null,
            "roe": 8.02,
            "roe_4q": 38.8,
            "gross_profit": 94575,
            "gross_margin": 38.02,
            "gross_margin_4q_avg": 38.32,
            "net_income": 41791,
            "net_income_4q": null,
            "revenue": 248743,
            "revenue_4q": null,
            "common_shares": 360000,
            "book_valuer_per_share": 15.06,
            "book_valuer_per_share_4q_avg": 15.32,
            "equity": 542209,
            "current_ratio": 138.95,
            "debt_ratio": 39.07,
            "inventory_turnover_ratio": 1.04,
            "account_receivable_turnover_ratio": null,
            "reinvestment_rate": null,
            "research_to_sale_ratio": null,
            "price_fair": 61.56,
            "eps_avg_yearly": 5.41,
            "eps_latest_yearly": 4.64,
            "eps_growth_yearly": 1.37
        },
        "20044": {
            "year_quarter": 20044,
            "year": 2004,
            "quarter": 4,
            "eps": 0.74,
            "eps_growth_year": -45.19,
            "eps_4q": 4.86,
            "eps_4q_growth_year": -0.69,
            "roe": 4.85,
            "roe_4q": 34.43,
            "gross_profit": 80999,
            "gross_margin": 33.71,
            "gross_margin_4q_avg": 36.16,
            "net_income": 26679,
            "net_income_4q": null,
            "revenue": 240301,
            "revenue_4q": null,
            "common_shares": 360000,
            "book_valuer_per_share": 15.47,
            "book_valuer_per_share_4q_avg": 15.38,
            "equity": 556893,
            "current_ratio": 175.99,
            "debt_ratio": 37.82,
            "inventory_turnover_ratio": 0.91,
            "account_receivable_turnover_ratio": null,
            "reinvestment_rate": null,
            "research_to_sale_ratio": null,
            "price_fair": 15.19,
            "eps_avg_yearly": 5.06,
            "eps_latest_yearly": 2.96,
            "eps_growth_yearly": -19.51
        },
        "20051": {
            "year_quarter": 20051,
            "year": 2005,
            "quarter": 1,
            "eps": 0.57,
            "eps_growth_year": -70.77,
            "eps_4q": 3.79,
            "eps_4q_growth_year": -32.62,
            "roe": 3.61,
            "roe_4q": 25.939999999999998,
            "gross_profit": 73123,
            "gross_margin": 26.43,
            "gross_margin_4q_avg": 33.31,
            "net_income": 20622,
            "net_income_4q": null,
            "revenue": 276708,
            "revenue_4q": null,
            "common_shares": 360000,
            "book_valuer_per_share": 16.27,
            "book_valuer_per_share_4q_avg": 15.18,
            "equity": 585641,
            "current_ratio": 147.61,
            "debt_ratio": 40.13,
            "inventory_turnover_ratio": 1.12,
            "account_receivable_turnover_ratio": null,
            "reinvestment_rate": null,
            "research_to_sale_ratio": null,
            "price_fair": 14.15,
            "eps_avg_yearly": 4.72,
            "eps_latest_yearly": 2.28,
            "eps_growth_yearly": -28.56
        },
        "20052": {
            "year_quarter": 20052,
            "year": 2005,
            "quarter": 2,
            "eps": 0.69,
            "eps_growth_year": -48.12,
            "eps_4q": 2.85,
            "eps_4q_growth_year": -42.5,
            "roe": 4.97,
            "roe_4q": 21.45,
            "gross_profit": 70143,
            "gross_margin": 29.1,
            "gross_margin_4q_avg": 31.82,
            "net_income": 28414,
            "net_income_4q": null,
            "revenue": 241010,
            "revenue_4q": null,
            "common_shares": 360000,
            "book_valuer_per_share": 15.5,
            "book_valuer_per_share_4q_avg": 15.58,
            "equity": 557901,
            "current_ratio": 136.7,
            "debt_ratio": 36.5,
            "inventory_turnover_ratio": 1.09,
            "account_receivable_turnover_ratio": null,
            "reinvestment_rate": null,
            "research_to_sale_ratio": null,
            "price_fair": 13.49,
            "eps_avg_yearly": 4.5,
            "eps_latest_yearly": 2.76,
            "eps_growth_yearly": -16.03
        },
        "20053": {
            "year_quarter": 20053,
            "year": 2005,
            "quarter": 3,
            "eps": 0.86,
            "eps_growth_year": -25.86,
            "eps_4q": 2.68,
            "eps_4q_growth_year": -48.87,
            "roe": 6.12,
            "roe_4q": 19.549999999999997,
            "gross_profit": 74243,
            "gross_margin": 29.32,
            "gross_margin_4q_avg": 29.64,
            "net_income": 35771,
            "net_income_4q": null,
            "revenue": 253191,
            "revenue_4q": null,
            "common_shares": 414000,
            "book_valuer_per_share": 14.78,
            "book_valuer_per_share_4q_avg": 15.51,
            "equity": 611817,
            "current_ratio": 150.21,
            "debt_ratio": 34.68,
            "inventory_turnover_ratio": 1.2,
            "account_receivable_turnover_ratio": null,
            "reinvestment_rate": null,
            "research_to_sale_ratio": null,
            "price_fair": 13.18,
            "eps_avg_yearly": 4.39,
            "eps_latest_yearly": 3.44,
            "eps_growth_yearly": -4.57
        },
        "20054": {
            "year_quarter": 20054,
            "year": 2005,
            "quarter": 4,
            "eps": 0.62,
            "eps_growth_year": -16.22,
            "eps_4q": 2.66,
            "eps_4q_growth_year": -45.13,
            "roe": 4.09,
            "roe_4q": 18.79,
            "gross_profit": 78917,
            "gross_margin": 31.17,
            "gross_margin_4q_avg": 29.01,
            "net_income": 25723,
            "net_income_4q": null,
            "revenue": 253161,
            "revenue_4q": null,
            "common_shares": 419080,
            "book_valuer_per_share": 15.38,
            "book_valuer_per_share_4q_avg": 15.48,
            "equity": 644733,
            "current_ratio": 180.52,
            "debt_ratio": 36.49,
            "inventory_turnover_ratio": 1.05,
            "account_receivable_turnover_ratio": null,
            "reinvestment_rate": null,
            "research_to_sale_ratio": null,
            "price_fair": 12.65,
            "eps_avg_yearly": 4.22,
            "eps_latest_yearly": 2.48,
            "eps_growth_yearly": -14.31
        },
        "20061": {
            "year_quarter": 20061,
            "year": 2006,
            "quarter": 1,
            "eps": 0.76,
            "eps_growth_year": 33.33,
            "eps_4q": 2.92,
            "eps_4q_growth_year": -23.02,
            "roe": 4.83,
            "roe_4q": 20.009999999999998,
            "gross_profit": 95755,
            "gross_margin": 30.06,
            "gross_margin_4q_avg": 29.91,
            "net_income": 31697,
            "net_income_4q": null,
            "revenue": 318498,
            "revenue_4q": null,
            "common_shares": 419080,
            "book_valuer_per_share": 15.91,
            "book_valuer_per_share_4q_avg": 15.39,
            "equity": 666761,
            "current_ratio": 133.45,
            "debt_ratio": 36.84,
            "inventory_turnover_ratio": 1.36,
            "account_receivable_turnover_ratio": null,
            "reinvestment_rate": null,
            "research_to_sale_ratio": null,
            "price_fair": 12.36,
            "eps_avg_yearly": 4.12,
            "eps_latest_yearly": 3.04,
            "eps_growth_yearly": -5.59
        },
        "20062": {
            "year_quarter": 20062,
            "year": 2006,
            "quarter": 2,
            "eps": 1.14,
            "eps_growth_year": 65.22,
            "eps_4q": 3.17,
            "eps_4q_growth_year": 11.05,
            "roe": 7.83,
            "roe_4q": 22.87,
            "gross_profit": 88405,
            "gross_margin": 31.94,
            "gross_margin_4q_avg": 30.62,
            "net_income": 52362,
            "net_income_4q": null,
            "revenue": 276758,
            "revenue_4q": null,
            "common_shares": 419080,
            "book_valuer_per_share": 15.99,
            "book_valuer_per_share_4q_avg": 15.52,
            "equity": 669917,
            "current_ratio": 132.91,
            "debt_ratio": 37.16,
            "inventory_turnover_ratio": 1.4,
            "account_receivable_turnover_ratio": null,
            "reinvestment_rate": null,
            "research_to_sale_ratio": null,
            "price_fair": 84.02,
            "eps_avg_yearly": 4.15,
            "eps_latest_yearly": 4.56,
            "eps_growth_yearly": 10.23
        },
        "20063": {
            "year_quarter": 20063,
            "year": 2006,
            "quarter": 3,
            "eps": 0.86,
            "eps_growth_year": 0,
            "eps_4q": 3.23,
            "eps_4q_growth_year": 20.61,
            "roe": 5.72,
            "roe_4q": 22.470000000000002,
            "gross_profit": 76256,
            "gross_margin": 32.59,
            "gross_margin_4q_avg": 31.44,
            "net_income": 39791,
            "net_income_4q": null,
            "revenue": 233959,
            "revenue_4q": null,
            "common_shares": 460988,
            "book_valuer_per_share": 15.66,
            "book_valuer_per_share_4q_avg": 15.74,
            "equity": 721734,
            "current_ratio": 141.75,
            "debt_ratio": 35.19,
            "inventory_turnover_ratio": 1.12,
            "account_receivable_turnover_ratio": null,
            "reinvestment_rate": null,
            "research_to_sale_ratio": null,
            "price_fair": 51.2,
            "eps_avg_yearly": 4.1,
            "eps_latest_yearly": 3.44,
            "eps_growth_yearly": 2.48
        },
        "20064": {
            "year_quarter": 20064,
            "year": 2006,
            "quarter": 4,
            "eps": 0.9,
            "eps_growth_year": 45.16,
            "eps_4q": 3.59,
            "eps_4q_growth_year": 34.63,
            "roe": 5.59,
            "roe_4q": 23.97,
            "gross_profit": 78342,
            "gross_margin": 30.87,
            "gross_margin_4q_avg": 31.37,
            "net_income": 41488,
            "net_income_4q": null,
            "revenue": 253765,
            "revenue_4q": null,
            "common_shares": 465878,
            "book_valuer_per_share": 16.39,
            "book_valuer_per_share_4q_avg": 15.99,
            "equity": 763410,
            "current_ratio": 167.39,
            "debt_ratio": 39.77,
            "inventory_turnover_ratio": 0.88,
            "account_receivable_turnover_ratio": null,
            "reinvestment_rate": 39.41,
            "research_to_sale_ratio": null,
            "price_fair": 55.16,
            "eps_avg_yearly": 4.07,
            "eps_latest_yearly": 3.6,
            "eps_growth_yearly": 3.56
        },
        "20071": {
            "year_quarter": 20071,
            "year": 2007,
            "quarter": 1,
            "eps": 0.93,
            "eps_growth_year": 22.37,
            "eps_4q": 3.81,
            "eps_4q_growth_year": 30.6,
            "roe": 5.5,
            "roe_4q": 24.64,
            "gross_profit": 124976,
            "gross_margin": 31.58,
            "gross_margin_4q_avg": 31.75,
            "net_income": 43186,
            "net_income_4q": null,
            "revenue": 395763,
            "revenue_4q": null,
            "common_shares": 465878,
            "book_valuer_per_share": 17.31,
            "book_valuer_per_share_4q_avg": 16.34,
            "equity": 806596,
            "current_ratio": 133,
            "debt_ratio": 40.28,
            "inventory_turnover_ratio": 1.34,
            "account_receivable_turnover_ratio": null,
            "reinvestment_rate": 25.34,
            "research_to_sale_ratio": null,
            "price_fair": 57.34,
            "eps_avg_yearly": 4.05,
            "eps_latest_yearly": 3.72,
            "eps_growth_yearly": 4.17
        },
        "20072": {
            "year_quarter": 20072,
            "year": 2007,
            "quarter": 2,
            "eps": 1.7,
            "eps_growth_year": 49.12,
            "eps_4q": 4.38,
            "eps_4q_growth_year": 38.18,
            "roe": 10.07,
            "roe_4q": 26.88,
            "gross_profit": 117221,
            "gross_margin": 35.65,
            "gross_margin_4q_avg": 32.67,
            "net_income": 78990,
            "net_income_4q": null,
            "revenue": 328838,
            "revenue_4q": null,
            "common_shares": 465878,
            "book_valuer_per_share": 16.38,
            "book_valuer_per_share_4q_avg": 16.44,
            "equity": 762942,
            "current_ratio": 100.34,
            "debt_ratio": 43.55,
            "inventory_turnover_ratio": 1.42,
            "account_receivable_turnover_ratio": null,
            "reinvestment_rate": 21.13,
            "research_to_sale_ratio": null,
            "price_fair": 145.43,
            "eps_avg_yearly": 4.16,
            "eps_latest_yearly": 6.8,
            "eps_growth_yearly": 27.02
        },
        "20073": {
            "year_quarter": 20073,
            "year": 2007,
            "quarter": 3,
            "eps": 0.26,
            "eps_growth_year": -69.77,
            "eps_4q": 3.73,
            "eps_4q_growth_year": 15.4,
            "roe": 1.59,
            "roe_4q": 22.75,
            "gross_profit": 80958,
            "gross_margin": 36.19,
            "gross_margin_4q_avg": 33.57,
            "net_income": 12261,
            "net_income_4q": null,
            "revenue": 223690,
            "revenue_4q": null,
            "common_shares": 465878,
            "book_valuer_per_share": 16.75,
            "book_valuer_per_share_4q_avg": 16.71,
            "equity": 780343,
            "current_ratio": 100.23,
            "debt_ratio": 42.33,
            "inventory_turnover_ratio": 1.01,
            "account_receivable_turnover_ratio": null,
            "reinvestment_rate": 19.01,
            "research_to_sale_ratio": null,
            "price_fair": 79.02,
            "eps_avg_yearly": 3.96,
            "eps_latest_yearly": 1.04,
            "eps_growth_yearly": 9.98
        },
        "20074": {
            "year_quarter": 20074,
            "year": 2007,
            "quarter": 4,
            "eps": 1.4,
            "eps_growth_year": 55.56,
            "eps_4q": 4.29,
            "eps_4q_growth_year": 19.57,
            "roe": 7.99,
            "roe_4q": 25.15,
            "gross_profit": 83302,
            "gross_margin": 33.11,
            "gross_margin_4q_avg": 34.13,
            "net_income": 65160,
            "net_income_4q": null,
            "revenue": 251606,
            "revenue_4q": null,
            "common_shares": 471018,
            "book_valuer_per_share": 18.06,
            "book_valuer_per_share_4q_avg": 17.13,
            "equity": 850537,
            "current_ratio": 139.39,
            "debt_ratio": 43.36,
            "inventory_turnover_ratio": 0.93,
            "account_receivable_turnover_ratio": null,
            "reinvestment_rate": 33.73,
            "research_to_sale_ratio": null,
            "price_fair": 138.86,
            "eps_avg_yearly": 3.97,
            "eps_latest_yearly": 5.6,
            "eps_growth_yearly": 112.76
        },
        "20081": {
            "year_quarter": 20081,
            "year": 2008,
            "quarter": 1,
            "eps": -2.36,
            "eps_growth_year": -353.76,
            "eps_4q": 0.95,
            "eps_4q_growth_year": -74.96,
            "roe": -14.13,
            "roe_4q": 5.52,
            "gross_profit": 116531,
            "gross_margin": 25.22,
            "gross_margin_4q_avg": 32.54,
            "net_income": -111396,
            "net_income_4q": null,
            "revenue": 462122,
            "revenue_4q": null,
            "common_shares": 471018,
            "book_valuer_per_share": 15.42,
            "book_valuer_per_share_4q_avg": 16.65,
            "equity": 726101,
            "current_ratio": 112.69,
            "debt_ratio": 56.08,
            "inventory_turnover_ratio": 1.51,
            "account_receivable_turnover_ratio": null,
            "reinvestment_rate": 49.22,
            "research_to_sale_ratio": null,
            "price_fair": 129.92,
            "eps_avg_yearly": 3.71,
            "eps_latest_yearly": 5.6,
            "eps_growth_yearly": 108.42
        },
        "20082": {
            "year_quarter": 20082,
            "year": 2008,
            "quarter": 2,
            "eps": 4.26,
            "eps_growth_year": 150.59,
            "eps_4q": 3.64,
            "eps_4q_growth_year": -16.84,
            "roe": 29.33,
            "roe_4q": 24.779999999999998,
            "gross_profit": 149048,
            "gross_margin": 28.53,
            "gross_margin_4q_avg": 30.76,
            "net_income": 233905,
            "net_income_4q": null,
            "revenue": 522403,
            "revenue_4q": null,
            "common_shares": 471018,
            "book_valuer_per_share": 18.45,
            "book_valuer_per_share_4q_avg": 17.17,
            "equity": 868819,
            "current_ratio": 143.04,
            "debt_ratio": 41.78,
            "inventory_turnover_ratio": 1.68,
            "account_receivable_turnover_ratio": null,
            "reinvestment_rate": 37.87,
            "research_to_sale_ratio": null,
            "price_fair": 125.9,
            "eps_avg_yearly": 3.6,
            "eps_latest_yearly": 5.6,
            "eps_growth_yearly": 125.25
        },
        "20083": {
            "year_quarter": 20083,
            "year": 2008,
            "quarter": 3,
            "eps": -4.13,
            "eps_growth_year": -1688.46,
            "eps_4q": -0.71,
            "eps_4q_growth_year": -119.08,
            "roe": -29.57,
            "roe_4q": -6.380000000000003,
            "gross_profit": 105472,
            "gross_margin": 30.55,
            "gross_margin_4q_avg": 29.35,
            "net_income": -226738,
            "net_income_4q": null,
            "revenue": 345207,
            "revenue_4q": null,
            "common_shares": 549000,
            "book_valuer_per_share": 12.11,
            "book_valuer_per_share_4q_avg": 16.01,
            "equity": 664836,
            "current_ratio": 109.75,
            "debt_ratio": 56.04,
            "inventory_turnover_ratio": 1.15,
            "account_receivable_turnover_ratio": null,
            "reinvestment_rate": 61.87,
            "research_to_sale_ratio": null,
            "price_fair": 123.09,
            "eps_avg_yearly": 3.52,
            "eps_latest_yearly": 5.6,
            "eps_growth_yearly": 138.82
        },
        "20084": {
            "year_quarter": 20084,
            "year": 2008,
            "quarter": 4,
            "eps": -3.91,
            "eps_growth_year": -379.29,
            "eps_4q": -5.81,
            "eps_4q_growth_year": -235.48,
            "roe": -38.5,
            "roe_4q": -52.87,
            "gross_profit": 77749,
            "gross_margin": 29.25,
            "gross_margin_4q_avg": 28.39,
            "net_income": -214662,
            "net_income_4q": null,
            "revenue": 265842,
            "revenue_4q": null,
            "common_shares": 549000,
            "book_valuer_per_share": 8.2,
            "book_valuer_per_share_4q_avg": 13.55,
            "equity": 450176,
            "current_ratio": 86.43,
            "debt_ratio": 70.87,
            "inventory_turnover_ratio": 0.86,
            "account_receivable_turnover_ratio": 2.7,
            "reinvestment_rate": 113.99,
            "research_to_sale_ratio": null,
            "price_fair": 124.72,
            "eps_avg_yearly": 3.56,
            "eps_latest_yearly": 5.6,
            "eps_growth_yearly": 162.46
        },
        "20091": {
            "year_quarter": 20091,
            "year": 2009,
            "quarter": 1,
            "eps": 0.43,
            "eps_growth_year": null,
            "eps_4q": -3.36,
            "eps_4q_growth_year": -452.6,
            "roe": 5.03,
            "roe_4q": -33.71,
            "gross_profit": 110149,
            "gross_margin": 32.41,
            "gross_margin_4q_avg": 30.19,
            "net_income": 23525,
            "net_income_4q": null,
            "revenue": 339850,
            "revenue_4q": null,
            "common_shares": 549000,
            "book_valuer_per_share": 8.85,
            "book_valuer_per_share_4q_avg": 11.9,
            "equity": 486062,
            "current_ratio": 85.21,
            "debt_ratio": 67.3,
            "inventory_turnover_ratio": 0.99,
            "account_receivable_turnover_ratio": 1.44,
            "reinvestment_rate": 146.46,
            "research_to_sale_ratio": null,
            "price_fair": 128.8,
            "eps_avg_yearly": 3.68,
            "eps_latest_yearly": 5.6,
            "eps_growth_yearly": 185.58
        },
        "20092": {
            "year_quarter": 20092,
            "year": 2009,
            "quarter": 2,
            "eps": 0.65,
            "eps_growth_year": -84.74,
            "eps_4q": -6.17,
            "eps_4q_growth_year": -269.5,
            "roe": 6.64,
            "roe_4q": -56.4,
            "gross_profit": 139161,
            "gross_margin": 32.69,
            "gross_margin_4q_avg": 31.23,
            "net_income": 39816,
            "net_income_4q": null,
            "revenue": 425741,
            "revenue_4q": null,
            "common_shares": 749000,
            "book_valuer_per_share": 9.52,
            "book_valuer_per_share_4q_avg": 9.67,
            "equity": 713350,
            "current_ratio": 254.5,
            "debt_ratio": 57.42,
            "inventory_turnover_ratio": 1.32,
            "account_receivable_turnover_ratio": 1.64,
            "reinvestment_rate": 120.37,
            "research_to_sale_ratio": null,
            "price_fair": 128.29,
            "eps_avg_yearly": 3.67,
            "eps_latest_yearly": 2.6,
            "eps_growth_yearly": 196.53
        },
        "20093": {
            "year_quarter": 20093,
            "year": 2009,
            "quarter": 3,
            "eps": 0.71,
            "eps_growth_year": null,
            "eps_4q": -1.6,
            "eps_4q_growth_year": null,
            "roe": 6.35,
            "roe_4q": -20.48,
            "gross_profit": 133096,
            "gross_margin": 36.43,
            "gross_margin_4q_avg": 32.7,
            "net_income": 46540,
            "net_income_4q": null,
            "revenue": 365319,
            "revenue_4q": null,
            "common_shares": 749000,
            "book_valuer_per_share": 10.04,
            "book_valuer_per_share_4q_avg": 9.15,
            "equity": 752176,
            "current_ratio": 264.78,
            "debt_ratio": 55.48,
            "inventory_turnover_ratio": 1.15,
            "account_receivable_turnover_ratio": 1.33,
            "reinvestment_rate": 102.26,
            "research_to_sale_ratio": null,
            "price_fair": 126.38,
            "eps_avg_yearly": 3.61,
            "eps_latest_yearly": 2.84,
            "eps_growth_yearly": 190.92
        },
        "20094": {
            "year_quarter": 20094,
            "year": 2009,
            "quarter": 4,
            "eps": 0.75,
            "eps_growth_year": null,
            "eps_4q": 2.15,
            "eps_4q_growth_year": null,
            "roe": 6.57,
            "roe_4q": 24.59,
            "gross_profit": 156021,
            "gross_margin": 36.31,
            "gross_margin_4q_avg": 34.46,
            "net_income": 50956,
            "net_income_4q": null,
            "revenue": 429660,
            "revenue_4q": null,
            "common_shares": 749000,
            "book_valuer_per_share": 10.67,
            "book_valuer_per_share_4q_avg": 9.77,
            "equity": 798940,
            "current_ratio": 234.69,
            "debt_ratio": 54.37,
            "inventory_turnover_ratio": 1.3,
            "account_receivable_turnover_ratio": 2.3,
            "reinvestment_rate": 253.49,
            "research_to_sale_ratio": null,
            "price_fair": 128.04,
            "eps_avg_yearly": 3.66,
            "eps_latest_yearly": 3,
            "eps_growth_yearly": 203.12
        },
        "20101": {
            "year_quarter": 20101,
            "year": 2010,
            "quarter": 1,
            "eps": 1.17,
            "eps_growth_year": 172.09,
            "eps_4q": 3.01,
            "eps_4q_growth_year": null,
            "roe": 10.44,
            "roe_4q": 30,
            "gross_profit": 208130,
            "gross_margin": 38.32,
            "gross_margin_4q_avg": 35.94,
            "net_income": 87829,
            "net_income_4q": null,
            "revenue": 543206,
            "revenue_4q": null,
            "common_shares": 749000,
            "book_valuer_per_share": 11.8,
            "book_valuer_per_share_4q_avg": 10.51,
            "equity": 883668,
            "current_ratio": 223.73,
            "debt_ratio": 52.38,
            "inventory_turnover_ratio": 1.39,
            "account_receivable_turnover_ratio": 1.35,
            "reinvestment_rate": 211.91,
            "research_to_sale_ratio": 4.37,
            "price_fair": 133.25,
            "eps_avg_yearly": 3.81,
            "eps_latest_yearly": 4.68,
            "eps_growth_yearly": 215.27
        },
        "20102": {
            "year_quarter": 20102,
            "year": 2010,
            "quarter": 2,
            "eps": 0.84,
            "eps_growth_year": 29.07,
            "eps_4q": 3.31,
            "eps_4q_growth_year": null,
            "roe": 6.92,
            "roe_4q": 30.28,
            "gross_profit": 213322,
            "gross_margin": 37.78,
            "gross_margin_4q_avg": 37.21,
            "net_income": 62837,
            "net_income_4q": null,
            "revenue": 564596,
            "revenue_4q": null,
            "common_shares": 749000,
            "book_valuer_per_share": 12.44,
            "book_valuer_per_share_4q_avg": 11.24,
            "equity": 931425,
            "current_ratio": 198.2,
            "debt_ratio": 47.11,
            "inventory_turnover_ratio": 1.34,
            "account_receivable_turnover_ratio": 1.36,
            "reinvestment_rate": 219.49,
            "research_to_sale_ratio": 4.87,
            "price_fair": 129.44,
            "eps_avg_yearly": 3.7,
            "eps_latest_yearly": 3.36,
            "eps_growth_yearly": 186.84
        },
        "20103": {
            "year_quarter": 20103,
            "year": 2010,
            "quarter": 3,
            "eps": -0.2,
            "eps_growth_year": -128.81,
            "eps_4q": 2.49,
            "eps_4q_growth_year": null,
            "roe": -1.67,
            "roe_4q": 22.259999999999998,
            "gross_profit": 186076,
            "gross_margin": 39.03,
            "gross_margin_4q_avg": 37.86,
            "net_income": -15323,
            "net_income_4q": null,
            "revenue": 476704,
            "revenue_4q": null,
            "common_shares": 749000,
            "book_valuer_per_share": 12.12,
            "book_valuer_per_share_4q_avg": 11.76,
            "equity": 907682,
            "current_ratio": 187.64,
            "debt_ratio": 45.74,
            "inventory_turnover_ratio": 1.09,
            "account_receivable_turnover_ratio": 1.19,
            "reinvestment_rate": 279.67,
            "research_to_sale_ratio": 4.67,
            "price_fair": 130.34,
            "eps_avg_yearly": 3.72,
            "eps_latest_yearly": 3.36,
            "eps_growth_yearly": 215.34
        },
        "20104": {
            "year_quarter": 20104,
            "year": 2010,
            "quarter": 4,
            "eps": 0.85,
            "eps_growth_year": 12.87,
            "eps_4q": 2.65,
            "eps_4q_growth_year": 23.57,
            "roe": 6.91,
            "roe_4q": 22.6,
            "gross_profit": 204531,
            "gross_margin": 40.4,
            "gross_margin_4q_avg": 38.88,
            "net_income": 63405,
            "net_income_4q": null,
            "revenue": 506251,
            "revenue_4q": null,
            "common_shares": 749000,
            "book_valuer_per_share": 12.39,
            "book_valuer_per_share_4q_avg": 12.19,
            "equity": 928153,
            "current_ratio": 185.56,
            "debt_ratio": 42.22,
            "inventory_turnover_ratio": 1.14,
            "account_receivable_turnover_ratio": 1.3,
            "reinvestment_rate": 170.82,
            "research_to_sale_ratio": 5.44,
            "price_fair": 130.82,
            "eps_avg_yearly": 3.74,
            "eps_latest_yearly": 3.36,
            "eps_growth_yearly": 237.2
        },
        "20111": {
            "year_quarter": 20111,
            "year": 2011,
            "quarter": 1,
            "eps": 1.09,
            "eps_growth_year": -6.84,
            "eps_4q": 2.57,
            "eps_4q_growth_year": -14.37,
            "roe": 8.42,
            "roe_4q": 20.58,
            "gross_profit": 183879,
            "gross_margin": 36.36,
            "gross_margin_4q_avg": 38.39,
            "net_income": 81859,
            "net_income_4q": null,
            "revenue": 505654,
            "revenue_4q": null,
            "common_shares": 749000,
            "book_valuer_per_share": 13.56,
            "book_valuer_per_share_4q_avg": 12.63,
            "equity": 1015584,
            "current_ratio": 209.14,
            "debt_ratio": 37.1,
            "inventory_turnover_ratio": 1.18,
            "account_receivable_turnover_ratio": 1.32,
            "reinvestment_rate": 185.92,
            "research_to_sale_ratio": 4.7,
            "price_fair": 133.31,
            "eps_avg_yearly": 3.81,
            "eps_latest_yearly": 4.36,
            "eps_growth_yearly": 248.27
        },
        "20112": {
            "year_quarter": 20112,
            "year": 2011,
            "quarter": 2,
            "eps": 0.64,
            "eps_growth_year": -23.55,
            "eps_4q": 2.38,
            "eps_4q_growth_year": -28.28,
            "roe": 4.99,
            "roe_4q": 18.65,
            "gross_profit": 183854,
            "gross_margin": 37.86,
            "gross_margin_4q_avg": 38.41,
            "net_income": 48039,
            "net_income_4q": null,
            "revenue": 485612,
            "revenue_4q": null,
            "common_shares": 749000,
            "book_valuer_per_share": 12.13,
            "book_valuer_per_share_4q_avg": 12.55,
            "equity": 908286,
            "current_ratio": 134.31,
            "debt_ratio": 51.82,
            "inventory_turnover_ratio": 1.08,
            "account_receivable_turnover_ratio": 1.29,
            "reinvestment_rate": 336.42,
            "research_to_sale_ratio": 5.05,
            "price_fair": 116.82,
            "eps_avg_yearly": 3.34,
            "eps_latest_yearly": 2.56,
            "eps_growth_yearly": 193.12
        },
        "20113": {
            "year_quarter": 20113,
            "year": 2011,
            "quarter": 3,
            "eps": 1.04,
            "eps_growth_year": null,
            "eps_4q": 3.62,
            "eps_4q_growth_year": 45.68,
            "roe": 8.11,
            "roe_4q": 28.43,
            "gross_profit": 158458,
            "gross_margin": 34.31,
            "gross_margin_4q_avg": 37.23,
            "net_income": 78098,
            "net_income_4q": null,
            "revenue": 461873,
            "revenue_4q": null,
            "common_shares": 749000,
            "book_valuer_per_share": 13.59,
            "book_valuer_per_share_4q_avg": 12.92,
            "equity": 1017925,
            "current_ratio": 174.62,
            "debt_ratio": 47.32,
            "inventory_turnover_ratio": 1.08,
            "account_receivable_turnover_ratio": 1.22,
            "reinvestment_rate": 275.84,
            "research_to_sale_ratio": 5.57,
            "price_fair": 128.96,
            "eps_avg_yearly": 3.68,
            "eps_latest_yearly": 4.16,
            "eps_growth_yearly": 258.55
        },
        "20114": {
            "year_quarter": 20114,
            "year": 2011,
            "quarter": 4,
            "eps": 1.13,
            "eps_growth_year": 34.03,
            "eps_4q": 3.95,
            "eps_4q_growth_year": 48.94,
            "roe": 8.02,
            "roe_4q": 29.54,
            "gross_profit": 192399,
            "gross_margin": 37.55,
            "gross_margin_4q_avg": 36.52,
            "net_income": 83754,
            "net_income_4q": null,
            "revenue": 512381,
            "revenue_4q": null,
            "common_shares": 749000,
            "book_valuer_per_share": 14.52,
            "book_valuer_per_share_4q_avg": 13.45,
            "equity": 1071991,
            "current_ratio": 176.58,
            "debt_ratio": 46.57,
            "inventory_turnover_ratio": 1.11,
            "account_receivable_turnover_ratio": 1.31,
            "reinvestment_rate": 216.39,
            "research_to_sale_ratio": 5.92,
            "price_fair": 124.76,
            "eps_avg_yearly": 3.56,
            "eps_latest_yearly": 4.52,
            "eps_growth_yearly": 67.52
        },
        "20121": {
            "year_quarter": 20121,
            "year": 2012,
            "quarter": 1,
            "eps": 1.03,
            "eps_growth_year": -5.5,
            "eps_4q": 3.82,
            "eps_4q_growth_year": 48.38,
            "roe": 6.8,
            "roe_4q": 27.92,
            "gross_profit": 182803,
            "gross_margin": 36.39,
            "gross_margin_4q_avg": 36.53,
            "net_income": 76155,
            "net_income_4q": null,
            "revenue": 502365,
            "revenue_4q": null,
            "common_shares": 749000,
            "book_valuer_per_share": 15.6,
            "book_valuer_per_share_4q_avg": 13.96,
            "equity": 1168234,
            "current_ratio": 200.19,
            "debt_ratio": 42.28,
            "inventory_turnover_ratio": 1.13,
            "account_receivable_turnover_ratio": 1.31,
            "reinvestment_rate": 139.88,
            "research_to_sale_ratio": 5.07,
            "price_fair": 126.7,
            "eps_avg_yearly": 3.62,
            "eps_latest_yearly": 4.12,
            "eps_growth_yearly": 57.23
        },
        "20122": {
            "year_quarter": 20122,
            "year": 2012,
            "quarter": 2,
            "eps": 1.11,
            "eps_growth_year": 72.89,
            "eps_4q": 4.29,
            "eps_4q_growth_year": 80.39,
            "roe": 7.43,
            "roe_4q": 30.36,
            "gross_profit": 211744,
            "gross_margin": 39.09,
            "gross_margin_4q_avg": 36.84,
            "net_income": 83054,
            "net_income_4q": null,
            "revenue": 541747,
            "revenue_4q": null,
            "common_shares": 749000,
            "book_valuer_per_share": 14.26,
            "book_valuer_per_share_4q_avg": 14.49,
            "equity": 1067842,
            "current_ratio": 157.21,
            "debt_ratio": 48.44,
            "inventory_turnover_ratio": 1.16,
            "account_receivable_turnover_ratio": 1.37,
            "reinvestment_rate": 196.43,
            "research_to_sale_ratio": 5.31,
            "price_fair": 129.31,
            "eps_avg_yearly": 3.69,
            "eps_latest_yearly": 4.44,
            "eps_growth_yearly": 54.85
        },
        "20123": {
            "year_quarter": 20123,
            "year": 2012,
            "quarter": 3,
            "eps": 1.21,
            "eps_growth_year": 16.14,
            "eps_4q": 4.45,
            "eps_4q_growth_year": 22.94,
            "roe": 8.19,
            "roe_4q": 30.439999999999998,
            "gross_profit": 227995,
            "gross_margin": 41.35,
            "gross_margin_4q_avg": 38.6,
            "net_income": 90703,
            "net_income_4q": null,
            "revenue": 551370,
            "revenue_4q": null,
            "common_shares": 749000,
            "book_valuer_per_share": 15.33,
            "book_valuer_per_share_4q_avg": 14.93,
            "equity": 1148049,
            "current_ratio": 166.21,
            "debt_ratio": 44.56,
            "inventory_turnover_ratio": 1.05,
            "account_receivable_turnover_ratio": 1.2,
            "reinvestment_rate": 108.02,
            "research_to_sale_ratio": 5.63,
            "price_fair": 132.65,
            "eps_avg_yearly": 3.79,
            "eps_latest_yearly": 4.84,
            "eps_growth_yearly": 53.28
        },
        "20124": {
            "year_quarter": 20124,
            "year": 2012,
            "quarter": 4,
            "eps": 0.97,
            "eps_growth_year": -14.72,
            "eps_4q": 4.3,
            "eps_4q_growth_year": 8.91,
            "roe": 6.14,
            "roe_4q": 28.56,
            "gross_profit": 202423,
            "gross_margin": 38.26,
            "gross_margin_4q_avg": 38.77,
            "net_income": 72470,
            "net_income_4q": null,
            "revenue": 529030,
            "revenue_4q": null,
            "common_shares": 749000,
            "book_valuer_per_share": 16.21,
            "book_valuer_per_share_4q_avg": 15.35,
            "equity": 1214317,
            "current_ratio": 178.55,
            "debt_ratio": 40.98,
            "inventory_turnover_ratio": 0.98,
            "account_receivable_turnover_ratio": 1.13,
            "reinvestment_rate": 76.33,
            "research_to_sale_ratio": 7.6,
            "price_fair": 132.89,
            "eps_avg_yearly": 3.8,
            "eps_latest_yearly": 3.88,
            "eps_growth_yearly": 43.08
        },
        "20131": {
            "year_quarter": 20131,
            "year": 2013,
            "quarter": 1,
            "eps": 1.38,
            "eps_growth_year": 33.98,
            "eps_4q": 4.67,
            "eps_4q_growth_year": 22.28,
            "roe": 8.24,
            "roe_4q": 30,
            "gross_profit": 239810,
            "gross_margin": 39.13,
            "gross_margin_4q_avg": 39.46,
            "net_income": 103537,
            "net_income_4q": null,
            "revenue": 612788,
            "revenue_4q": null,
            "common_shares": 749000,
            "book_valuer_per_share": 17.33,
            "book_valuer_per_share_4q_avg": 15.78,
            "equity": 1298261,
            "current_ratio": 191.18,
            "debt_ratio": 40.3,
            "inventory_turnover_ratio": 1.07,
            "account_receivable_turnover_ratio": 1.34,
            "reinvestment_rate": 19.5,
            "research_to_sale_ratio": 5.68,
            "price_fair": 137.2,
            "eps_avg_yearly": 3.92,
            "eps_latest_yearly": 5.52,
            "eps_growth_yearly": 52.08
        },
        "20132": {
            "year_quarter": 20132,
            "year": 2013,
            "quarter": 2,
            "eps": 1.69,
            "eps_growth_year": 52.41,
            "eps_4q": 5.25,
            "eps_4q_growth_year": 22.39,
            "roe": 9.78,
            "roe_4q": 32.35,
            "gross_profit": 269900,
            "gross_margin": 39.83,
            "gross_margin_4q_avg": 39.64,
            "net_income": 126250,
            "net_income_4q": null,
            "revenue": 677700,
            "revenue_4q": null,
            "common_shares": 749000,
            "book_valuer_per_share": 17.13,
            "book_valuer_per_share_4q_avg": 16.5,
            "equity": 1282906,
            "current_ratio": 144.94,
            "debt_ratio": 51.75,
            "inventory_turnover_ratio": 1.15,
            "account_receivable_turnover_ratio": 1.31,
            "reinvestment_rate": 43.66,
            "research_to_sale_ratio": 5.64,
            "price_fair": 147.6,
            "eps_avg_yearly": 4.22,
            "eps_latest_yearly": 6.76,
            "eps_growth_yearly": 43.88
        },
        "20133": {
            "year_quarter": 20133,
            "year": 2013,
            "quarter": 3,
            "eps": 1.85,
            "eps_growth_year": 52.77,
            "eps_4q": 5.89,
            "eps_4q_growth_year": 32.23,
            "roe": 10.3,
            "roe_4q": 34.46,
            "gross_profit": 305181,
            "gross_margin": 44.66,
            "gross_margin_4q_avg": 40.47,
            "net_income": 138934,
            "net_income_4q": null,
            "revenue": 683366,
            "revenue_4q": null,
            "common_shares": 749000,
            "book_valuer_per_share": 18.89,
            "book_valuer_per_share_4q_avg": 17.39,
            "equity": 1414928,
            "current_ratio": 174.41,
            "debt_ratio": 50.01,
            "inventory_turnover_ratio": 1.03,
            "account_receivable_turnover_ratio": 1.22,
            "reinvestment_rate": 47.07,
            "research_to_sale_ratio": 5.51,
            "price_fair": 159,
            "eps_avg_yearly": 4.54,
            "eps_latest_yearly": 7.4,
            "eps_growth_yearly": 43.95
        },
        "20134": {
            "year_quarter": 20134,
            "year": 2013,
            "quarter": 4,
            "eps": 2.11,
            "eps_growth_year": 118.45,
            "eps_4q": 7.04,
            "eps_4q_growth_year": 63.48,
            "roe": 10.55,
            "roe_4q": 38.870000000000005,
            "gross_profit": 314091,
            "gross_margin": 43.84,
            "gross_margin_4q_avg": 41.87,
            "net_income": 158312,
            "net_income_4q": null,
            "revenue": 716414,
            "revenue_4q": null,
            "common_shares": 749000,
            "book_valuer_per_share": 21.16,
            "book_valuer_per_share_4q_avg": 18.63,
            "equity": 1585113,
            "current_ratio": 162.85,
            "debt_ratio": 49.05,
            "inventory_turnover_ratio": 0.94,
            "account_receivable_turnover_ratio": 1.33,
            "reinvestment_rate": 18.98,
            "research_to_sale_ratio": 5.78,
            "price_fair": 172.6,
            "eps_avg_yearly": 4.93,
            "eps_latest_yearly": 8.44,
            "eps_growth_yearly": 46.36
        },
        "20141": {
            "year_quarter": 20141,
            "year": 2014,
            "quarter": 1,
            "eps": 2.39,
            "eps_growth_year": 73.19,
            "eps_4q": 8.05,
            "eps_4q_growth_year": 72.3,
            "roe": 10.7,
            "roe_4q": 41.33,
            "gross_profit": 336896,
            "gross_margin": 41.49,
            "gross_margin_4q_avg": 42.46,
            "net_income": 179158,
            "net_income_4q": null,
            "revenue": 811933,
            "revenue_4q": null,
            "common_shares": 749000,
            "book_valuer_per_share": 23.55,
            "book_valuer_per_share_4q_avg": 20.18,
            "equity": 1764043,
            "current_ratio": 170.27,
            "debt_ratio": 49.01,
            "inventory_turnover_ratio": 1,
            "account_receivable_turnover_ratio": 1.45,
            "reinvestment_rate": 30.68,
            "research_to_sale_ratio": 4.12,
            "price_fair": 184.8,
            "eps_avg_yearly": 5.28,
            "eps_latest_yearly": 9.56,
            "eps_growth_yearly": 34.15
        },
        "20142": {
            "year_quarter": 20142,
            "year": 2014,
            "quarter": 2,
            "eps": 1.81,
            "eps_growth_year": 7.1,
            "eps_4q": 8.18,
            "eps_4q_growth_year": 55.82,
            "roe": 8.29,
            "roe_4q": 39.84,
            "gross_profit": 301254,
            "gross_margin": 39.68,
            "gross_margin_4q_avg": 42.42,
            "net_income": 135907,
            "net_income_4q": null,
            "revenue": 759272,
            "revenue_4q": null,
            "common_shares": 749000,
            "book_valuer_per_share": 20.21,
            "book_valuer_per_share_4q_avg": 20.95,
            "equity": 1513979,
            "current_ratio": 136.51,
            "debt_ratio": 55.16,
            "inventory_turnover_ratio": 1.02,
            "account_receivable_turnover_ratio": 1.2,
            "reinvestment_rate": 28.6,
            "research_to_sale_ratio": 5.85,
            "price_fair": 194.5,
            "eps_avg_yearly": 5.56,
            "eps_latest_yearly": 7.24,
            "eps_growth_yearly": 35.27
        },
        "20143": {
            "year_quarter": 20143,
            "year": 2014,
            "quarter": 3,
            "eps": 1.15,
            "eps_growth_year": -37.84,
            "eps_4q": 7.47,
            "eps_4q_growth_year": 26.81,
            "roe": 5.5,
            "roe_4q": 35.04,
            "gross_profit": 278384,
            "gross_margin": 39.08,
            "gross_margin_4q_avg": 41.02,
            "net_income": 86109,
            "net_income_4q": null,
            "revenue": 712269,
            "revenue_4q": null,
            "common_shares": 749000,
            "book_valuer_per_share": 21.57,
            "book_valuer_per_share_4q_avg": 21.62,
            "equity": 1615632,
            "current_ratio": 142.33,
            "debt_ratio": 50.94,
            "inventory_turnover_ratio": 0.97,
            "account_receivable_turnover_ratio": 1.11,
            "reinvestment_rate": 27.06,
            "research_to_sale_ratio": 6.78,
            "price_fair": 182.36,
            "eps_avg_yearly": 5.49,
            "eps_latest_yearly": 4.6,
            "eps_growth_yearly": 23.2
        },
        "20144": {
            "year_quarter": 20144,
            "year": 2014,
            "quarter": 4,
            "eps": 2.45,
            "eps_growth_year": 15.97,
            "eps_4q": 7.81,
            "eps_4q_growth_year": 10.96,
            "roe": 10.69,
            "roe_4q": 35.17999999999999,
            "gross_profit": 351906,
            "gross_margin": 42.57,
            "gross_margin_4q_avg": 40.71,
            "net_income": 183598,
            "net_income_4q": null,
            "revenue": 826716,
            "revenue_4q": null,
            "common_shares": 749000,
            "book_valuer_per_share": 24.3,
            "book_valuer_per_share_4q_avg": 22.41,
            "equity": 1819793,
            "current_ratio": 205.82,
            "debt_ratio": 49.29,
            "inventory_turnover_ratio": 0.95,
            "account_receivable_turnover_ratio": 1.16,
            "reinvestment_rate": 31.42,
            "research_to_sale_ratio": 5.63,
            "price_fair": 201.69,
            "eps_avg_yearly": 5.76,
            "eps_latest_yearly": 9.8,
            "eps_growth_yearly": 50.01
        },
        "20151": {
            "year_quarter": 20151,
            "year": 2015,
            "quarter": 1,
            "eps": 1.34,
            "eps_growth_year": -43.93,
            "eps_4q": 6.75,
            "eps_4q_growth_year": -16.08,
            "roe": 5.36,
            "roe_4q": 29.84,
            "gross_profit": 304323,
            "gross_margin": 37.34,
            "gross_margin_4q_avg": 39.67,
            "net_income": 100106,
            "net_income_4q": null,
            "revenue": 814982,
            "revenue_4q": null,
            "common_shares": 749000,
            "book_valuer_per_share": 25.54,
            "book_valuer_per_share_4q_avg": 22.91,
            "equity": 1912648,
            "current_ratio": 236.4,
            "debt_ratio": 48.88,
            "inventory_turnover_ratio": 0.96,
            "account_receivable_turnover_ratio": 1.04,
            "reinvestment_rate": 28.9,
            "research_to_sale_ratio": 5.51,
            "price_fair": 203.88,
            "eps_avg_yearly": 5.83,
            "eps_latest_yearly": 5.36,
            "eps_growth_yearly": 31.62
        },
        "20152": {
            "year_quarter": 20152,
            "year": 2015,
            "quarter": 2,
            "eps": 2.32,
            "eps_growth_year": 28.18,
            "eps_4q": 7.26,
            "eps_4q_growth_year": -11.24,
            "roe": 9.69,
            "roe_4q": 31.240000000000002,
            "gross_profit": 404793,
            "gross_margin": 42.33,
            "gross_margin_4q_avg": 40.33,
            "net_income": 173647,
            "net_income_4q": null,
            "revenue": 956281,
            "revenue_4q": null,
            "common_shares": 749000,
            "book_valuer_per_share": 22.31,
            "book_valuer_per_share_4q_avg": 23.43,
            "equity": 1670906,
            "current_ratio": 176.77,
            "debt_ratio": 57.15,
            "inventory_turnover_ratio": 1.01,
            "account_receivable_turnover_ratio": 1.15,
            "reinvestment_rate": 10.45,
            "research_to_sale_ratio": 5.15,
            "price_fair": 218.58,
            "eps_avg_yearly": 6.25,
            "eps_latest_yearly": 9.28,
            "eps_growth_yearly": 60.23
        },
        "20153": {
            "year_quarter": 20153,
            "year": 2015,
            "quarter": 3,
            "eps": 2.65,
            "eps_growth_year": 130.43,
            "eps_4q": 8.75,
            "eps_4q_growth_year": 17.17,
            "roe": 11.09,
            "roe_4q": 36.83,
            "gross_profit": 379925,
            "gross_margin": 40.46,
            "gross_margin_4q_avg": 40.68,
            "net_income": 198223,
            "net_income_4q": null,
            "revenue": 938963,
            "revenue_4q": null,
            "common_shares": 749000,
            "book_valuer_per_share": 25.42,
            "book_valuer_per_share_4q_avg": 24.39,
            "equity": 1904184,
            "current_ratio": 227.76,
            "debt_ratio": 48.92,
            "inventory_turnover_ratio": 0.99,
            "account_receivable_turnover_ratio": 1.01,
            "reinvestment_rate": 10.72,
            "research_to_sale_ratio": 5.51,
            "price_fair": 232.66,
            "eps_avg_yearly": 6.65,
            "eps_latest_yearly": 10.6,
            "eps_growth_yearly": 48.16
        },
        "20154": {
            "year_quarter": 20154,
            "year": 2015,
            "quarter": 4,
            "eps": 2.47,
            "eps_growth_year": 0.91,
            "eps_4q": 8.77,
            "eps_4q_growth_year": 12.39,
            "roe": 9.36,
            "roe_4q": 35.5,
            "gross_profit": 429240,
            "gross_margin": 42.22,
            "gross_margin_4q_avg": 40.59,
            "net_income": 185267,
            "net_income_4q": null,
            "revenue": 1016661,
            "revenue_4q": null,
            "common_shares": 749000,
            "book_valuer_per_share": 27.45,
            "book_valuer_per_share_4q_avg": 25.18,
            "equity": 2056274,
            "current_ratio": 231.65,
            "debt_ratio": 48.36,
            "inventory_turnover_ratio": 1,
            "account_receivable_turnover_ratio": 1.04,
            "reinvestment_rate": 9.03,
            "research_to_sale_ratio": 5.66,
            "price_fair": 244.39,
            "eps_avg_yearly": 6.98,
            "eps_latest_yearly": 9.88,
            "eps_growth_yearly": 44.3
        },
        "20161": {
            "year_quarter": 20161,
            "year": 2016,
            "quarter": 1,
            "eps": 2.46,
            "eps_growth_year": 83.58,
            "eps_4q": 9.9,
            "eps_4q_growth_year": 46.63,
            "roe": 8.6,
            "roe_4q": 38.74,
            "gross_profit": 427286,
            "gross_margin": 40.84,
            "gross_margin_4q_avg": 41.46,
            "net_income": 184390,
            "net_income_4q": null,
            "revenue": 1046332,
            "revenue_4q": null,
            "common_shares": 749000,
            "book_valuer_per_share": 29.83,
            "book_valuer_per_share_4q_avg": 26.25,
            "equity": 2234062,
            "current_ratio": 244.87,
            "debt_ratio": 46.71,
            "inventory_turnover_ratio": 1,
            "account_receivable_turnover_ratio": 1.01,
            "reinvestment_rate": 7.92,
            "research_to_sale_ratio": 4.94,
            "price_fair": 256.9,
            "eps_avg_yearly": 7.34,
            "eps_latest_yearly": 9.84,
            "eps_growth_yearly": 46.41
        },
        "20162": {
            "year_quarter": 20162,
            "year": 2016,
            "quarter": 2,
            "eps": 2.37,
            "eps_growth_year": 2.16,
            "eps_4q": 9.95,
            "eps_4q_growth_year": 37.14,
            "roe": 8.43,
            "roe_4q": 37.480000000000004,
            "gross_profit": 448349,
            "gross_margin": 41.41,
            "gross_margin_4q_avg": 41.23,
            "net_income": 177423,
            "net_income_4q": null,
            "revenue": 1082814,
            "revenue_4q": null,
            "common_shares": 749000,
            "book_valuer_per_share": 26.38,
            "book_valuer_per_share_4q_avg": 27.27,
            "equity": 1976123,
            "current_ratio": 186.27,
            "debt_ratio": 54.75,
            "inventory_turnover_ratio": 0.95,
            "account_receivable_turnover_ratio": 1.04,
            "reinvestment_rate": 5.98,
            "research_to_sale_ratio": 5.12,
            "price_fair": 267.93,
            "eps_avg_yearly": 7.66,
            "eps_latest_yearly": 9.48,
            "eps_growth_yearly": 43.55
        },
        "20163": {
            "year_quarter": 20163,
            "year": 2016,
            "quarter": 3,
            "eps": 2.11,
            "eps_growth_year": -20.38,
            "eps_4q": 9.41,
            "eps_4q_growth_year": 7.53,
            "roe": 7.75,
            "roe_4q": 34.14,
            "gross_profit": 433592,
            "gross_margin": 38.17,
            "gross_margin_4q_avg": 40.66,
            "net_income": 157859,
            "net_income_4q": null,
            "revenue": 1135818,
            "revenue_4q": null,
            "common_shares": 749000,
            "book_valuer_per_share": 28.02,
            "book_valuer_per_share_4q_avg": 27.92,
            "equity": 2098897,
            "current_ratio": 199.47,
            "debt_ratio": 51.94,
            "inventory_turnover_ratio": 0.98,
            "account_receivable_turnover_ratio": 1.15,
            "reinvestment_rate": 4.47,
            "research_to_sale_ratio": 4.31,
            "price_fair": 275.8,
            "eps_avg_yearly": 7.88,
            "eps_latest_yearly": 8.44,
            "eps_growth_yearly": 38.56
        },
        "20164": {
            "year_quarter": 20164,
            "year": 2016,
            "quarter": 4,
            "eps": 2.98,
            "eps_growth_year": 20.32,
            "eps_4q": 9.91,
            "eps_4q_growth_year": 12.98,
            "roe": 10.11,
            "roe_4q": 34.89,
            "gross_profit": 468471,
            "gross_margin": 36.78,
            "gross_margin_4q_avg": 39.3,
            "net_income": 222904,
            "net_income_4q": null,
            "revenue": 1273820,
            "revenue_4q": null,
            "common_shares": 749000,
            "book_valuer_per_share": 30.84,
            "book_valuer_per_share_4q_avg": 28.77,
            "equity": 2309705,
            "current_ratio": 204.52,
            "debt_ratio": 51.53,
            "inventory_turnover_ratio": 1.08,
            "account_receivable_turnover_ratio": 1.18,
            "reinvestment_rate": 4.93,
            "research_to_sale_ratio": 4.35,
            "price_fair": 293.39,
            "eps_avg_yearly": 8.38,
            "eps_latest_yearly": 11.92,
            "eps_growth_yearly": 53.82
        },
        "20171": {
            "year_quarter": 20171,
            "year": 2017,
            "quarter": 1,
            "eps": 2.1,
            "eps_growth_year": -14.63,
            "eps_4q": 9.55,
            "eps_4q_growth_year": -3.56,
            "roe": 6.62,
            "roe_4q": 32.91,
            "gross_profit": 467546,
            "gross_margin": 36.72,
            "gross_margin_4q_avg": 38.27,
            "net_income": 156962,
            "net_income_4q": null,
            "revenue": 1273441,
            "revenue_4q": null,
            "common_shares": 749000,
            "book_valuer_per_share": 32.48,
            "book_valuer_per_share_4q_avg": 29.43,
            "equity": 2432508,
            "current_ratio": 203.33,
            "debt_ratio": 51.21,
            "inventory_turnover_ratio": 0.99,
            "account_receivable_turnover_ratio": 1.12,
            "reinvestment_rate": 35.3,
            "research_to_sale_ratio": 5.36,
            "price_fair": 299.69,
            "eps_avg_yearly": 8.56,
            "eps_latest_yearly": 8.4,
            "eps_growth_yearly": 35.87
        },
        "20172": {
            "year_quarter": 20172,
            "year": 2017,
            "quarter": 2,
            "eps": 2.25,
            "eps_growth_year": -5.06,
            "eps_4q": 9.43,
            "eps_4q_growth_year": -5.23,
            "roe": 7.3,
            "roe_4q": 31.78,
            "gross_profit": 456434,
            "gross_margin": 33.53,
            "gross_margin_4q_avg": 36.3,
            "net_income": 168634,
            "net_income_4q": null,
            "revenue": 1361294,
            "revenue_4q": null,
            "common_shares": 749000,
            "book_valuer_per_share": 29.24,
            "book_valuer_per_share_4q_avg": 30.15,
            "equity": 2190371,
            "current_ratio": 165.54,
            "debt_ratio": 57.68,
            "inventory_turnover_ratio": 0.99,
            "account_receivable_turnover_ratio": 1.13,
            "reinvestment_rate": 24.77,
            "research_to_sale_ratio": 5.46,
            "price_fair": 304.59,
            "eps_avg_yearly": 8.7,
            "eps_latest_yearly": 9,
            "eps_growth_yearly": 32.04
        },
        "20173": {
            "year_quarter": 20173,
            "year": 2017,
            "quarter": 3,
            "eps": 2.08,
            "eps_growth_year": -1.42,
            "eps_4q": 9.41,
            "eps_4q_growth_year": -0.04,
            "roe": 6.87,
            "roe_4q": 30.9,
            "gross_profit": 450341,
            "gross_margin": 34.1,
            "gross_margin_4q_avg": 35.28,
            "net_income": 156159,
            "net_income_4q": null,
            "revenue": 1320680,
            "revenue_4q": null,
            "common_shares": 749000,
            "book_valuer_per_share": 31.48,
            "book_valuer_per_share_4q_avg": 31.01,
            "equity": 2357968,
            "current_ratio": 176.53,
            "debt_ratio": 55.48,
            "inventory_turnover_ratio": 0.88,
            "account_receivable_turnover_ratio": 1.07,
            "reinvestment_rate": 23.25,
            "research_to_sale_ratio": 6.06,
            "price_fair": 306.6,
            "eps_avg_yearly": 8.76,
            "eps_latest_yearly": 8.32,
            "eps_growth_yearly": 27.79
        },
        "20174": {
            "year_quarter": 20174,
            "year": 2017,
            "quarter": 4,
            "eps": 2.4,
            "eps_growth_year": -19.19,
            "eps_4q": 8.84,
            "eps_4q_growth_year": -10.87,
            "roe": 7.4,
            "roe_4q": 28.19,
            "gross_profit": 540639,
            "gross_margin": 35.76,
            "gross_margin_4q_avg": 35.03,
            "net_income": 180122,
            "net_income_4q": null,
            "revenue": 1511895,
            "revenue_4q": null,
            "common_shares": 749000,
            "book_valuer_per_share": 33.49,
            "book_valuer_per_share_4q_avg": 31.67,
            "equity": 2508453,
            "current_ratio": 182.37,
            "debt_ratio": 54.76,
            "inventory_turnover_ratio": 0.93,
            "account_receivable_turnover_ratio": 1.2,
            "reinvestment_rate": 22.45,
            "research_to_sale_ratio": 5.56,
            "price_fair": 309.14,
            "eps_avg_yearly": 8.83,
            "eps_latest_yearly": 9.6,
            "eps_growth_yearly": 28.12
        },
        "20181": {
            "year_quarter": 20181,
            "year": 2018,
            "quarter": 1,
            "eps": 2.52,
            "eps_growth_year": 20,
            "eps_4q": 9.26,
            "eps_4q_growth_year": -3.03,
            "roe": 7.22,
            "roe_4q": 28.790000000000003,
            "gross_profit": 453989,
            "gross_margin": 31.13,
            "gross_margin_4q_avg": 33.63,
            "net_income": 188547,
            "net_income_4q": null,
            "revenue": 1458517,
            "revenue_4q": null,
            "common_shares": 749000,
            "book_valuer_per_share": 36.26,
            "book_valuer_per_share_4q_avg": 32.62,
            "equity": 2716163,
            "current_ratio": 198.7,
            "debt_ratio": 50.87,
            "inventory_turnover_ratio": 0.94,
            "account_receivable_turnover_ratio": 1.05,
            "reinvestment_rate": 15.46,
            "research_to_sale_ratio": 5.85,
            "price_fair": 310.28,
            "eps_avg_yearly": 8.87,
            "eps_latest_yearly": 10.08,
            "eps_growth_yearly": 26.05
        },
        "20182": {
            "year_quarter": 20182,
            "year": 2018,
            "quarter": 2,
            "eps": 1.28,
            "eps_growth_year": -43.11,
            "eps_4q": 8.29,
            "eps_4q_growth_year": -12.1,
            "roe": 3.75,
            "roe_4q": 25.24,
            "gross_profit": 428020,
            "gross_margin": 28.47,
            "gross_margin_4q_avg": 32.37,
            "net_income": 96081,
            "net_income_4q": null,
            "revenue": 1503151,
            "revenue_4q": null,
            "common_shares": 749000,
            "book_valuer_per_share": 32.16,
            "book_valuer_per_share_4q_avg": 33.35,
            "equity": 2408805,
            "current_ratio": 158.09,
            "debt_ratio": 57.39,
            "inventory_turnover_ratio": 0.97,
            "account_receivable_turnover_ratio": 1.03,
            "reinvestment_rate": 15.8,
            "research_to_sale_ratio": 5.8,
            "price_fair": 260.39,
            "eps_avg_yearly": 8.73,
            "eps_latest_yearly": 5.12,
            "eps_growth_yearly": 19.82
        },
        "20183": {
            "year_quarter": 20183,
            "year": 2018,
            "quarter": 3,
            "eps": 1.42,
            "eps_growth_year": -31.73,
            "eps_4q": 7.62,
            "eps_4q_growth_year": -18.99,
            "roe": 4.33,
            "roe_4q": 22.700000000000003,
            "gross_profit": 405944,
            "gross_margin": 28.38,
            "gross_margin_4q_avg": 30.94,
            "net_income": 106093,
            "net_income_4q": null,
            "revenue": 1430500,
            "revenue_4q": null,
            "common_shares": 749000,
            "book_valuer_per_share": 33.31,
            "book_valuer_per_share_4q_avg": 33.81,
            "equity": 2495116,
            "current_ratio": 146.12,
            "debt_ratio": 55.52,
            "inventory_turnover_ratio": 0.86,
            "account_receivable_turnover_ratio": 1,
            "reinvestment_rate": 15.1,
            "research_to_sale_ratio": 5.22,
            "price_fair": 308,
            "eps_avg_yearly": 8.8,
            "eps_latest_yearly": 5.68,
            "eps_growth_yearly": 31.67
        },
        "20184": {
            "year_quarter": 20184,
            "year": 2018,
            "quarter": 4,
            "eps": 2.48,
            "eps_growth_year": 3.21,
            "eps_4q": 7.7,
            "eps_4q_growth_year": -12.88,
            "roe": 7.21,
            "roe_4q": 22.509999999999998,
            "gross_profit": 504265,
            "gross_margin": 29.19,
            "gross_margin_4q_avg": 29.29,
            "net_income": 185910,
            "net_income_4q": null,
            "revenue": 1727550,
            "revenue_4q": null,
            "common_shares": 749000,
            "book_valuer_per_share": 35.53,
            "book_valuer_per_share_4q_avg": 34.32,
            "equity": 2660886,
            "current_ratio": 149.45,
            "debt_ratio": 53.84,
            "inventory_turnover_ratio": 0.98,
            "account_receivable_turnover_ratio": 1.18,
            "reinvestment_rate": 14.81,
            "research_to_sale_ratio": 5.35,
            "price_fair": 282.45,
            "eps_avg_yearly": 8.81,
            "eps_latest_yearly": 9.92,
            "eps_growth_yearly": 22.07
        },
        "20191": {
            "year_quarter": 20191,
            "year": 2019,
            "quarter": 1,
            "eps": 1.94,
            "eps_growth_year": -23.02,
            "eps_4q": 7.12,
            "eps_4q_growth_year": -23.1,
            "roe": 5.28,
            "roe_4q": 20.57,
            "gross_profit": 419307,
            "gross_margin": 28.19,
            "gross_margin_4q_avg": 28.56,
            "net_income": 145218,
            "net_income_4q": null,
            "revenue": 1487308,
            "revenue_4q": null,
            "common_shares": 749000,
            "book_valuer_per_share": 37.94,
            "book_valuer_per_share_4q_avg": 34.74,
            "equity": 2841661,
            "current_ratio": 163.55,
            "debt_ratio": 49.11,
            "inventory_turnover_ratio": 0.91,
            "account_receivable_turnover_ratio": 1.02,
            "reinvestment_rate": 15.54,
            "research_to_sale_ratio": 4.96,
            "price_fair": 313.51,
            "eps_avg_yearly": 8.96,
            "eps_latest_yearly": 7.76,
            "eps_growth_yearly": 27.95
        },
        "20192": {
            "year_quarter": 20192,
            "year": 2019,
            "quarter": 2,
            "eps": 1.77,
            "eps_growth_year": 38.28,
            "eps_4q": 7.61,
            "eps_4q_growth_year": -8.25,
            "roe": 4.82,
            "roe_4q": 21.64,
            "gross_profit": 400534,
            "gross_margin": 28.61,
            "gross_margin_4q_avg": 28.59,
            "net_income": 132461,
            "net_income_4q": null,
            "revenue": 1400205,
            "revenue_4q": null,
            "common_shares": 749000,
            "book_valuer_per_share": 35.46,
            "book_valuer_per_share_4q_avg": 35.56,
            "equity": 2656256,
            "current_ratio": 153.49,
            "debt_ratio": 51.95,
            "inventory_turnover_ratio": 0.91,
            "account_receivable_turnover_ratio": 1.08,
            "reinvestment_rate": 14.55,
            "research_to_sale_ratio": 5.16,
            "price_fair": 154.16,
            "eps_avg_yearly": 8.82,
            "eps_latest_yearly": 7.08,
            "eps_growth_yearly": 7.48
        },
        "20193": {
            "year_quarter": 20193,
            "year": 2019,
            "quarter": 3,
            "eps": 1.65,
            "eps_growth_year": 16.2,
            "eps_4q": 7.84,
            "eps_4q_growth_year": 2.83,
            "roe": 4.59,
            "roe_4q": 21.900000000000002,
            "gross_profit": 417885,
            "gross_margin": 28.97,
            "gross_margin_4q_avg": 28.74,
            "net_income": 123399,
            "net_income_4q": null,
            "revenue": 1442721,
            "revenue_4q": null,
            "common_shares": 749000,
            "book_valuer_per_share": 36.39,
            "book_valuer_per_share_4q_avg": 36.33,
            "equity": 2725847,
            "current_ratio": 169.09,
            "debt_ratio": 48.19,
            "inventory_turnover_ratio": 0.96,
            "account_receivable_turnover_ratio": 1.25,
            "reinvestment_rate": 11.84,
            "research_to_sale_ratio": 4.72,
            "price_fair": 104.79,
            "eps_avg_yearly": 8.57,
            "eps_latest_yearly": 6.6,
            "eps_growth_yearly": 2.23
        },
        "20194": {
            "year_quarter": 20194,
            "year": 2019,
            "quarter": 4,
            "eps": 2.17,
            "eps_growth_year": -12.45,
            "eps_4q": 7.53,
            "eps_4q_growth_year": -2.22,
            "roe": 5.82,
            "roe_4q": 20.51,
            "gross_profit": 457238,
            "gross_margin": 30.59,
            "gross_margin_4q_avg": 29.09,
            "net_income": 162766,
            "net_income_4q": null,
            "revenue": 1494956,
            "revenue_4q": null,
            "common_shares": 749000,
            "book_valuer_per_share": 38.34,
            "book_valuer_per_share_4q_avg": 37.03,
            "equity": 2871976,
            "current_ratio": 174.49,
            "debt_ratio": 47.08,
            "inventory_turnover_ratio": 0.96,
            "account_receivable_turnover_ratio": 1.32,
            "reinvestment_rate": 11.07,
            "research_to_sale_ratio": 4.51,
            "price_fair": 185.23,
            "eps_avg_yearly": 8.5,
            "eps_latest_yearly": 8.68,
            "eps_growth_yearly": 11.8
        },
        "20201": {
            "year_quarter": 20201,
            "year": 2020,
            "quarter": 1,
            "eps": 0.97,
            "eps_growth_year": -50,
            "eps_4q": 6.56,
            "eps_4q_growth_year": -7.84,
            "roe": 2.67,
            "roe_4q": 17.9,
            "gross_profit": 296557,
            "gross_margin": 28.15,
            "gross_margin_4q_avg": 29.08,
            "net_income": 72878,
            "net_income_4q": null,
            "revenue": 1053557,
            "revenue_4q": null,
            "common_shares": 749000,
            "book_valuer_per_share": 34.58,
            "book_valuer_per_share_4q_avg": 36.19,
            "equity": 2590268,
            "current_ratio": 169.67,
            "debt_ratio": 47.8,
            "inventory_turnover_ratio": 0.7,
            "account_receivable_turnover_ratio": 1.02,
            "reinvestment_rate": 8.58,
            "research_to_sale_ratio": 5.1,
            "price_fair": 24.37,
            "eps_avg_yearly": 8.12,
            "eps_latest_yearly": 3.88,
            "eps_growth_yearly": -1.92
        },
        "20202": {
            "year_quarter": 20202,
            "year": 2020,
            "quarter": 2,
            "eps": 0.93,
            "eps_growth_year": -47.46,
            "eps_4q": 5.72,
            "eps_4q_growth_year": -24.75,
            "roe": 2.66,
            "roe_4q": 15.74,
            "gross_profit": 229703,
            "gross_margin": 26.52,
            "gross_margin_4q_avg": 28.56,
            "net_income": 69625,
            "net_income_4q": null,
            "revenue": 866130,
            "revenue_4q": null,
            "common_shares": 749000,
            "book_valuer_per_share": 35.29,
            "book_valuer_per_share_4q_avg": 36.15,
            "equity": 2643063,
            "current_ratio": 177.28,
            "debt_ratio": 45.54,
            "inventory_turnover_ratio": 0.6,
            "account_receivable_turnover_ratio": 1.04,
            "reinvestment_rate": 8.5,
            "research_to_sale_ratio": 5.57,
            "price_fair": 23.29,
            "eps_avg_yearly": 7.76,
            "eps_latest_yearly": 3.72,
            "eps_growth_yearly": -2.04
        },
        "20203": {
            "year_quarter": 20203,
            "year": 2020,
            "quarter": 3,
            "eps": 1.97,
            "eps_growth_year": 19.39,
            "eps_4q": 6.05,
            "eps_4q_growth_year": -22.8,
            "roe": 5.42,
            "roe_4q": 16.57,
            "gross_profit": 357718,
            "gross_margin": 28.52,
            "gross_margin_4q_avg": 28.45,
            "net_income": 147858,
            "net_income_4q": null,
            "revenue": 1254312,
            "revenue_4q": null,
            "common_shares": 749000,
            "book_valuer_per_share": 37.54,
            "book_valuer_per_share_4q_avg": 36.44,
            "equity": 2811909,
            "current_ratio": 182.54,
            "debt_ratio": 44.64,
            "inventory_turnover_ratio": 0.88,
            "account_receivable_turnover_ratio": 1.38,
            "reinvestment_rate": 7.96,
            "research_to_sale_ratio": 3.89,
            "price_fair": 270.46,
            "eps_avg_yearly": 7.73,
            "eps_latest_yearly": 7.88,
            "eps_growth_yearly": 28.66
        },
        "20204": {
            "year_quarter": 20204,
            "year": 2020,
            "quarter": 4,
            "eps": 2.81,
            "eps_growth_year": 29.48,
            "eps_4q": 6.69,
            "eps_4q_growth_year": -11.13,
            "roe": 7.13,
            "roe_4q": 17.880000000000003,
            "gross_profit": 449284,
            "gross_margin": 30.74,
            "gross_margin_4q_avg": 28.48,
            "net_income": 210744,
            "net_income_4q": null,
            "revenue": 1461334,
            "revenue_4q": null,
            "common_shares": 749000,
            "book_valuer_per_share": 41.39,
            "book_valuer_per_share_4q_avg": 37.2,
            "equity": 3100358,
            "current_ratio": 194.15,
            "debt_ratio": 41.98,
            "inventory_turnover_ratio": 1.02,
            "account_receivable_turnover_ratio": 1.39,
            "reinvestment_rate": 7.46,
            "research_to_sale_ratio": 3.8,
            "price_fair": 268.98,
            "eps_avg_yearly": 7.69,
            "eps_latest_yearly": 11.24,
            "eps_growth_yearly": 29.02
        },
        "20211": {
            "year_quarter": 20211,
            "year": 2021,
            "quarter": 1,
            "eps": 1.75,
            "eps_growth_year": 80.41,
            "eps_4q": 7.46,
            "eps_4q_growth_year": 13.74,
            "roe": 4.39,
            "roe_4q": 19.599999999999998,
            "gross_profit": 377107,
            "gross_margin": 28.85,
            "gross_margin_4q_avg": 28.66,
            "net_income": 130808,
            "net_income_4q": null,
            "revenue": 1306960,
            "revenue_4q": null,
            "common_shares": 749000,
            "book_valuer_per_share": 38.11,
            "book_valuer_per_share_4q_avg": 38.08,
            "equity": 2854201,
            "current_ratio": 168.77,
            "debt_ratio": 47.19,
            "inventory_turnover_ratio": 0.9,
            "account_receivable_turnover_ratio": 1.28,
            "reinvestment_rate": -5.17,
            "research_to_sale_ratio": 3.26,
            "price_fair": 265.91,
            "eps_avg_yearly": 7.6,
            "eps_latest_yearly": 7,
            "eps_growth_yearly": 26.97
        },
        "20212": {
            "year_quarter": 20212,
            "year": 2021,
            "quarter": 2,
            "eps": 1.51,
            "eps_growth_year": 62.37,
            "eps_4q": 8.05,
            "eps_4q_growth_year": 40.68,
            "roe": 3.91,
            "roe_4q": 20.85,
            "gross_profit": 356017,
            "gross_margin": 28.66,
            "gross_margin_4q_avg": 29.19,
            "net_income": 113657,
            "net_income_4q": null,
            "revenue": 1242019,
            "revenue_4q": null,
            "common_shares": 749000,
            "book_valuer_per_share": 39.54,
            "book_valuer_per_share_4q_avg": 39.15,
            "equity": 2961588,
            "current_ratio": 175.13,
            "debt_ratio": 45.59,
            "inventory_turnover_ratio": 0.82,
            "account_receivable_turnover_ratio": 1.25,
            "reinvestment_rate": -7.05,
            "research_to_sale_ratio": 3.37,
            "price_fair": 235.37,
            "eps_avg_yearly": 7.41,
            "eps_latest_yearly": 6.04,
            "eps_growth_yearly": 21.75
        },
        "20213": {
            "year_quarter": 20213,
            "year": 2021,
            "quarter": 3,
            "eps": 0.9,
            "eps_growth_year": -54.31,
            "eps_4q": 6.97,
            "eps_4q_growth_year": 15.2,
            "roe": 2.24,
            "roe_4q": 17.669999999999998,
            "gross_profit": 274040,
            "gross_margin": 25.26,
            "gross_margin_4q_avg": 28.38,
            "net_income": 66812,
            "net_income_4q": null,
            "revenue": 1084936,
            "revenue_4q": null,
            "common_shares": 749000,
            "book_valuer_per_share": 40.25,
            "book_valuer_per_share_4q_avg": 39.82,
            "equity": 3014809,
            "current_ratio": 187.78,
            "debt_ratio": 43.2,
            "inventory_turnover_ratio": 0.72,
            "account_receivable_turnover_ratio": 1.12,
            "reinvestment_rate": -9.97,
            "research_to_sale_ratio": 4.19,
            "price_fair": 167.57,
            "eps_avg_yearly": 7.12,
            "eps_latest_yearly": 3.6,
            "eps_growth_yearly": 13.54
        },
        "20214": {
            "year_quarter": 20214,
            "year": 2021,
            "quarter": 4,
            "eps": 1.18,
            "eps_growth_year": -58.17,
            "eps_4q": 5.33,
            "eps_4q_growth_year": -20.29,
            "roe": 2.88,
            "roe_4q": 13.420000000000002,
            "gross_profit": 352656,
            "gross_margin": 30.96,
            "gross_margin_4q_avg": 28.43,
            "net_income": 88157,
            "net_income_4q": null,
            "revenue": 1139128,
            "revenue_4q": null,
            "common_shares": 749000,
            "book_valuer_per_share": 41.5,
            "book_valuer_per_share_4q_avg": 39.85,
            "equity": 3108709,
            "current_ratio": 192.59,
            "debt_ratio": 41.93,
            "inventory_turnover_ratio": 0.67,
            "account_receivable_turnover_ratio": 1.25,
            "reinvestment_rate": -17.82,
            "research_to_sale_ratio": 3.97,
            "price_fair": 187.17,
            "eps_avg_yearly": 6.81,
            "eps_latest_yearly": 4.72,
            "eps_growth_yearly": 17.47
        },
        "20221": {
            "year_quarter": 20221,
            "year": 2022,
            "quarter": 1,
            "eps": 1.16,
            "eps_growth_year": -33.71,
            "eps_4q": 4.74,
            "eps_4q_growth_year": -36.44,
            "roe": 2.83,
            "roe_4q": 11.86,
            "gross_profit": 282145,
            "gross_margin": 24.7,
            "gross_margin_4q_avg": 27.4,
            "net_income": 86693,
            "net_income_4q": null,
            "revenue": 1142245,
            "revenue_4q": null,
            "common_shares": 749000,
            "book_valuer_per_share": 40.38,
            "book_valuer_per_share_4q_avg": 40.42,
            "equity": 3024325,
            "current_ratio": 194.68,
            "debt_ratio": 40.66,
            "inventory_turnover_ratio": 0.76,
            "account_receivable_turnover_ratio": 1.27,
            "reinvestment_rate": -20.3,
            "research_to_sale_ratio": 4,
            "price_fair": 167,
            "eps_avg_yearly": 6.47,
            "eps_latest_yearly": 4.64,
            "eps_growth_yearly": 15.8
        },
        "20222": {
            "year_quarter": 20222,
            "year": 2022,
            "quarter": 2,
            "eps": 0.74,
            "eps_growth_year": -50.99,
            "eps_4q": 3.97,
            "eps_4q_growth_year": -50.74,
            "roe": 1.82,
            "roe_4q": 9.77,
            "gross_profit": 241515,
            "gross_margin": 24.21,
            "gross_margin_4q_avg": 26.28,
            "net_income": 55404,
            "net_income_4q": null,
            "revenue": 997486,
            "revenue_4q": null,
            "common_shares": 749000,
            "book_valuer_per_share": 41.12,
            "book_valuer_per_share_4q_avg": 40.81,
            "equity": 3080086,
            "current_ratio": 200.73,
            "debt_ratio": 39.87,
            "inventory_turnover_ratio": 0.71,
            "account_receivable_turnover_ratio": 1.18,
            "reinvestment_rate": -23.08,
            "research_to_sale_ratio": 4.07,
            "price_fair": 184.11,
            "eps_avg_yearly": 6.34,
            "eps_latest_yearly": 2.96,
            "eps_growth_yearly": 19.05
        },
        "20223": {
            "year_quarter": 20223,
            "year": 2022,
            "quarter": 3,
            "eps": 1.78,
            "eps_growth_year": 97.78,
            "eps_4q": 4.85,
            "eps_4q_growth_year": -30.37,
            "roe": 4.21,
            "roe_4q": 11.739999999999998,
            "gross_profit": 316236,
            "gross_margin": 24.89,
            "gross_margin_4q_avg": 26.19,
            "net_income": 133215,
            "net_income_4q": null,
            "revenue": 1270562,
            "revenue_4q": null,
            "common_shares": 749000,
            "book_valuer_per_share": 43.45,
            "book_valuer_per_share_4q_avg": 41.61,
            "equity": 3254677,
            "current_ratio": 193.53,
            "debt_ratio": 41.53,
            "inventory_turnover_ratio": 0.88,
            "account_receivable_turnover_ratio": 1.39,
            "reinvestment_rate": -22.9,
            "research_to_sale_ratio": 3.28,
            "price_fair": 224.96,
            "eps_avg_yearly": 6.43,
            "eps_latest_yearly": 7.12,
            "eps_growth_yearly": 51.45
        },
        "20224": {
            "year_quarter": 20224,
            "year": 2022,
            "quarter": 4,
            "eps": 1.82,
            "eps_growth_year": 55.02,
            "eps_4q": 5.5,
            "eps_4q_growth_year": 3.14,
            "roe": 4.12,
            "roe_4q": 12.98,
            "gross_profit": 403493,
            "gross_margin": 28.03,
            "gross_margin_4q_avg": 25.46,
            "net_income": 136660,
            "net_income_4q": null,
            "revenue": 1439741,
            "revenue_4q": null,
            "common_shares": 749000,
            "book_valuer_per_share": 45.05,
            "book_valuer_per_share_4q_avg": 42.5,
            "equity": 3374335,
            "current_ratio": 196.81,
            "debt_ratio": 40.4,
            "inventory_turnover_ratio": 0.95,
            "account_receivable_turnover_ratio": 1.32,
            "reinvestment_rate": -23.59,
            "research_to_sale_ratio": 3.48,
            "price_fair": 219.19,
            "eps_avg_yearly": 6.26,
            "eps_latest_yearly": 7.28,
            "eps_growth_yearly": 33.35
        },
        "20231": {
            "year_quarter": 20231,
            "year": 2023,
            "quarter": 1,
            "eps": 1.35,
            "eps_growth_year": 16.38,
            "eps_4q": 5.69,
            "eps_4q_growth_year": 19.97,
            "roe": 3.04,
            "roe_4q": 13.190000000000001,
            "gross_profit": 323449,
            "gross_margin": 26.39,
            "gross_margin_4q_avg": 25.88,
            "net_income": 100993,
            "net_income_4q": null,
            "revenue": 1225813,
            "revenue_4q": null,
            "common_shares": 749000,
            "book_valuer_per_share": 43.6,
            "book_valuer_per_share_4q_avg": 43.31,
            "equity": 3265776,
            "current_ratio": 187.09,
            "debt_ratio": 40.44,
            "inventory_turnover_ratio": 0.85,
            "account_receivable_turnover_ratio": 1.13,
            "reinvestment_rate": -24.29,
            "research_to_sale_ratio": 3.75,
            "price_fair": 214.03,
            "eps_avg_yearly": 6.12,
            "eps_latest_yearly": 5.4,
            "eps_growth_yearly": 32.34
        },
        "20232": {
            "year_quarter": 20232,
            "year": 2023,
            "quarter": 2,
            "eps": 1.44,
            "eps_growth_year": 94.59,
            "eps_4q": 6.39,
            "eps_4q_growth_year": 61.22,
            "roe": 3.25,
            "roe_4q": 14.620000000000001,
            "gross_profit": 315199,
            "gross_margin": 26.34,
            "gross_margin_4q_avg": 26.41,
            "net_income": 108073,
            "net_income_4q": null,
            "revenue": 1196428,
            "revenue_4q": null,
            "common_shares": 749000,
            "book_valuer_per_share": 45.1,
            "book_valuer_per_share_4q_avg": 44.3,
            "equity": 3378245,
            "current_ratio": 195.96,
            "debt_ratio": 38.52,
            "inventory_turnover_ratio": 0.86,
            "account_receivable_turnover_ratio": 1.24,
            "reinvestment_rate": -23.08,
            "research_to_sale_ratio": 4.02,
            "price_fair": 211.14,
            "eps_avg_yearly": 6.03,
            "eps_latest_yearly": 5.76,
            "eps_growth_yearly": 36.2
        },
        "20233": {
            "year_quarter": 20233,
            "year": 2023,
            "quarter": 3,
            "eps": 1.52,
            "eps_growth_year": -14.61,
            "eps_4q": 6.14,
            "eps_4q_growth_year": 26.49,
            "roe": 3.3,
            "roe_4q": 13.71,
            "gross_profit": 330843,
            "gross_margin": 25.07,
            "gross_margin_4q_avg": 26.46,
            "net_income": 114032,
            "net_income_4q": null,
            "revenue": 1319434,
            "revenue_4q": null,
            "common_shares": 749000,
            "book_valuer_per_share": 47.3,
            "book_valuer_per_share_4q_avg": 45.26,
            "equity": 3542512,
            "current_ratio": 185.12,
            "debt_ratio": 39.89,
            "inventory_turnover_ratio": 0.96,
            "account_receivable_turnover_ratio": 1.38,
            "reinvestment_rate": -21.45,
            "research_to_sale_ratio": 3.48,
            "price_fair": 210,
            "eps_avg_yearly": 6,
            "eps_latest_yearly": 6.08,
            "eps_growth_yearly": 39.28
        },
        "20234": {
            "year_quarter": 20234,
            "year": 2023,
            "quarter": 4,
            "eps": 1.46,
            "eps_growth_year": -20.13,
            "eps_4q": 5.77,
            "eps_4q_growth_year": 4.92,
            "roe": 3.05,
            "roe_4q": 12.64,
            "gross_profit": 379888,
            "gross_margin": 25.91,
            "gross_margin_4q_avg": 25.93,
            "net_income": 109150,
            "net_income_4q": null,
            "revenue": 1466407,
            "revenue_4q": null,
            "common_shares": 749000,
            "book_valuer_per_share": 48.14,
            "book_valuer_per_share_4q_avg": 46.04,
            "equity": 3605795,
            "current_ratio": 191.68,
            "debt_ratio": 38.31,
            "inventory_turnover_ratio": 1.04,
            "account_receivable_turnover_ratio": 1.43,
            "reinvestment_rate": -21.31,
            "research_to_sale_ratio": 3.34,
            "price_fair": 203.79,
            "eps_avg_yearly": 5.82,
            "eps_latest_yearly": 5.84,
            "eps_growth_yearly": 30.41
        }
    },
    "months": {
        "2003-09": {
            "month": "2003-09",
            "price": "48.00",
            "revenue": 61565
        },
        "2003-10": {
            "month": "2003-10",
            "price": "49.93",
            "revenue": 63605
        },
        "2003-11": {
            "month": "2003-11",
            "price": "53.42",
            "revenue": 66200
        },
        "2003-12": {
            "month": "2003-12",
            "price": "55.60",
            "revenue": 69548
        },
        "2004-01": {
            "month": "2004-01",
            "price": "59.47",
            "revenue": 65145
        },
        "2004-02": {
            "month": "2004-02",
            "price": "57.90",
            "revenue": 101154
        },
        "2004-03": {
            "month": "2004-03",
            "price": "60.26",
            "revenue": 117688
        },
        "2004-04": {
            "month": "2004-04",
            "price": "61.41",
            "revenue": 122134
        },
        "2004-05": {
            "month": "2004-05",
            "price": "60.17",
            "revenue": 77226
        },
        "2004-06": {
            "month": "2004-06",
            "price": "55.29",
            "revenue": 91211
        },
        "2004-07": {
            "month": "2004-07",
            "price": "47.84",
            "revenue": 87221
        },
        "2004-08": {
            "month": "2004-08",
            "price": "44.69",
            "revenue": 71188
        },
        "2004-09": {
            "month": "2004-09",
            "price": "43.16",
            "revenue": 90473
        },
        "2004-10": {
            "month": "2004-10",
            "price": "42.82",
            "revenue": 65125
        },
        "2004-11": {
            "month": "2004-11",
            "price": "43.24",
            "revenue": 74086
        },
        "2004-12": {
            "month": "2004-12",
            "price": "44.72",
            "revenue": 101998
        },
        "2005-01": {
            "month": "2005-01",
            "price": "46.02",
            "revenue": 99732
        },
        "2005-02": {
            "month": "2005-02",
            "price": "48.50",
            "revenue": 52500
        },
        "2005-03": {
            "month": "2005-03",
            "price": "44.20",
            "revenue": 125257
        },
        "2005-04": {
            "month": "2005-04",
            "price": "43.95",
            "revenue": 86343
        },
        "2005-05": {
            "month": "2005-05",
            "price": "40.52",
            "revenue": 78049
        },
        "2005-06": {
            "month": "2005-06",
            "price": "36.25",
            "revenue": 77335
        },
        "2005-07": {
            "month": "2005-07",
            "price": "30.37",
            "revenue": 69530
        },
        "2005-08": {
            "month": "2005-08",
            "price": "25.16",
            "revenue": 86560
        },
        "2005-09": {
            "month": "2005-09",
            "price": "26.02",
            "revenue": 97299
        },
        "2005-10": {
            "month": "2005-10",
            "price": "26.54",
            "revenue": 66366
        },
        "2005-11": {
            "month": "2005-11",
            "price": "25.45",
            "revenue": 80375
        },
        "2005-12": {
            "month": "2005-12",
            "price": "27.40",
            "revenue": 108655
        },
        "2006-01": {
            "month": "2006-01",
            "price": "27.43",
            "revenue": 129732
        },
        "2006-02": {
            "month": "2006-02",
            "price": "25.73",
            "revenue": 113021
        },
        "2006-03": {
            "month": "2006-03",
            "price": "25.77",
            "revenue": 135682
        },
        "2006-04": {
            "month": "2006-04",
            "price": "28.92",
            "revenue": 126671
        },
        "2006-05": {
            "month": "2006-05",
            "price": "30.14",
            "revenue": 107942
        },
        "2006-06": {
            "month": "2006-06",
            "price": "28.84",
            "revenue": 109631
        },
        "2006-07": {
            "month": "2006-07",
            "price": "28.00",
            "revenue": 89237
        },
        "2006-08": {
            "month": "2006-08",
            "price": "27.00",
            "revenue": 102319
        },
        "2006-09": {
            "month": "2006-09",
            "price": "27.08",
            "revenue": 105648
        },
        "2006-10": {
            "month": "2006-10",
            "price": "29.68",
            "revenue": 121031
        },
        "2006-11": {
            "month": "2006-11",
            "price": "30.58",
            "revenue": 124110
        },
        "2006-12": {
            "month": "2006-12",
            "price": "36.85",
            "revenue": 155458
        },
        "2007-01": {
            "month": "2007-01",
            "price": "39.15",
            "revenue": 166056
        },
        "2007-02": {
            "month": "2007-02",
            "price": "39.55",
            "revenue": 124330
        },
        "2007-03": {
            "month": "2007-03",
            "price": "40.47",
            "revenue": 201612
        },
        "2007-04": {
            "month": "2007-04",
            "price": "48.60",
            "revenue": 171224
        },
        "2007-05": {
            "month": "2007-05",
            "price": "49.86",
            "revenue": 144401
        },
        "2007-06": {
            "month": "2007-06",
            "price": "57.02",
            "revenue": 125776
        },
        "2007-07": {
            "month": "2007-07",
            "price": "59.08",
            "revenue": 110732
        },
        "2007-08": {
            "month": "2007-08",
            "price": "56.03",
            "revenue": 117517
        },
        "2007-09": {
            "month": "2007-09",
            "price": "63.13",
            "revenue": 107954
        },
        "2007-10": {
            "month": "2007-10",
            "price": "61.50",
            "revenue": 108002
        },
        "2007-11": {
            "month": "2007-11",
            "price": "52.71",
            "revenue": 120158
        },
        "2007-12": {
            "month": "2007-12",
            "price": "49.33",
            "revenue": 120852
        },
        "2008-01": {
            "month": "2008-01",
            "price": "45.32",
            "revenue": 151381
        },
        "2008-02": {
            "month": "2008-02",
            "price": "42.36",
            "revenue": 129068
        },
        "2008-03": {
            "month": "2008-03",
            "price": "44.40",
            "revenue": 181238
        },
        "2008-04": {
            "month": "2008-04",
            "price": "42.20",
            "revenue": 220133
        },
        "2008-05": {
            "month": "2008-05",
            "price": "42.08",
            "revenue": 191698
        },
        "2008-06": {
            "month": "2008-06",
            "price": "35.52",
            "revenue": 115395
        },
        "2008-07": {
            "month": "2008-07",
            "price": "29.13",
            "revenue": 115787
        },
        "2008-08": {
            "month": "2008-08",
            "price": "28.01",
            "revenue": 115257
        },
        "2008-09": {
            "month": "2008-09",
            "price": "26.89",
            "revenue": 102790
        },
        "2008-10": {
            "month": "2008-10",
            "price": "22.37",
            "revenue": 86353
        },
        "2008-11": {
            "month": "2008-11",
            "price": "16.72",
            "revenue": 91622
        },
        "2008-12": {
            "month": "2008-12",
            "price": "9.37",
            "revenue": 85467
        },
        "2009-01": {
            "month": "2009-01",
            "price": "9.06",
            "revenue": 79994
        },
        "2009-02": {
            "month": "2009-02",
            "price": "10.34",
            "revenue": 113305
        },
        "2009-03": {
            "month": "2009-03",
            "price": "12.26",
            "revenue": 151036
        },
        "2009-04": {
            "month": "2009-04",
            "price": "17.12",
            "revenue": 175518
        },
        "2009-05": {
            "month": "2009-05",
            "price": "17.45",
            "revenue": 127669
        },
        "2009-06": {
            "month": "2009-06",
            "price": "14.11",
            "revenue": 121354
        },
        "2009-07": {
            "month": "2009-07",
            "price": "15.95",
            "revenue": 123005
        },
        "2009-08": {
            "month": "2009-08",
            "price": "26.52",
            "revenue": 109790
        },
        "2009-09": {
            "month": "2009-09",
            "price": "31.95",
            "revenue": 122394
        },
        "2009-10": {
            "month": "2009-10",
            "price": "28.74",
            "revenue": 123988
        },
        "2009-11": {
            "month": "2009-11",
            "price": "30.56",
            "revenue": 134332
        },
        "2009-12": {
            "month": "2009-12",
            "price": "31.55",
            "revenue": 161751
        },
        "2010-01": {
            "month": "2010-01",
            "price": "32.88",
            "revenue": 164477
        },
        "2010-02": {
            "month": "2010-02",
            "price": "29.43",
            "revenue": 159142
        },
        "2010-03": {
            "month": "2010-03",
            "price": "32.06",
            "revenue": 221836
        },
        "2010-04": {
            "month": "2010-04",
            "price": "33.86",
            "revenue": 214137
        },
        "2010-05": {
            "month": "2010-05",
            "price": "31.44",
            "revenue": 176586
        },
        "2010-06": {
            "month": "2010-06",
            "price": "28.05",
            "revenue": 167006
        },
        "2010-07": {
            "month": "2010-07",
            "price": "28.39",
            "revenue": 145939
        },
        "2010-08": {
            "month": "2010-08",
            "price": "28.90",
            "revenue": 169841
        },
        "2010-09": {
            "month": "2010-09",
            "price": "28.60",
            "revenue": 164711
        },
        "2010-10": {
            "month": "2010-10",
            "price": "29.31",
            "revenue": 162400
        },
        "2010-11": {
            "month": "2010-11",
            "price": "27.90",
            "revenue": 171633
        },
        "2010-12": {
            "month": "2010-12",
            "price": "28.28",
            "revenue": 165631
        },
        "2011-01": {
            "month": "2011-01",
            "price": "28.76",
            "revenue": 188915
        },
        "2011-02": {
            "month": "2011-02",
            "price": "29.48",
            "revenue": 120067
        },
        "2011-03": {
            "month": "2011-03",
            "price": "29.04",
            "revenue": 194737
        },
        "2011-04": {
            "month": "2011-04",
            "price": "29.74",
            "revenue": 170237
        },
        "2011-05": {
            "month": "2011-05",
            "price": "31.03",
            "revenue": 147921
        },
        "2011-06": {
            "month": "2011-06",
            "price": "29.52",
            "revenue": 192885
        },
        "2011-07": {
            "month": "2011-07",
            "price": "27.85",
            "revenue": 130390
        },
        "2011-08": {
            "month": "2011-08",
            "price": "26.73",
            "revenue": 150076
        },
        "2011-09": {
            "month": "2011-09",
            "price": "25.73",
            "revenue": 181626
        },
        "2011-10": {
            "month": "2011-10",
            "price": "25.77",
            "revenue": 159323
        },
        "2011-11": {
            "month": "2011-11",
            "price": "26.26",
            "revenue": 174349
        },
        "2011-12": {
            "month": "2011-12",
            "price": "25.98",
            "revenue": 178280
        },
        "2012-01": {
            "month": "2012-01",
            "price": "26.31",
            "revenue": 140389
        },
        "2012-02": {
            "month": "2012-02",
            "price": "29.00",
            "revenue": 164980
        },
        "2012-03": {
            "month": "2012-03",
            "price": "30.54",
            "revenue": 191235
        },
        "2012-04": {
            "month": "2012-04",
            "price": "30.58",
            "revenue": 165497
        },
        "2012-05": {
            "month": "2012-05",
            "price": "30.95",
            "revenue": 186260
        },
        "2012-06": {
            "month": "2012-06",
            "price": "30.37",
            "revenue": 189289
        },
        "2012-07": {
            "month": "2012-07",
            "price": "29.38",
            "revenue": 163115
        },
        "2012-08": {
            "month": "2012-08",
            "price": "34.25",
            "revenue": 201960
        },
        "2012-09": {
            "month": "2012-09",
            "price": "40.76",
            "revenue": 194800
        },
        "2012-10": {
            "month": "2012-10",
            "price": "39.13",
            "revenue": 178960
        },
        "2012-11": {
            "month": "2012-11",
            "price": "40.24",
            "revenue": 175438
        },
        "2012-12": {
            "month": "2012-12",
            "price": "40.79",
            "revenue": 177068
        },
        "2013-01": {
            "month": "2013-01",
            "price": "41.70",
            "revenue": 201785
        },
        "2013-02": {
            "month": "2013-02",
            "price": "44.30",
            "revenue": 167967
        },
        "2013-03": {
            "month": "2013-03",
            "price": "46.98",
            "revenue": 240746
        },
        "2013-04": {
            "month": "2013-04",
            "price": "51.06",
            "revenue": 243935
        },
        "2013-05": {
            "month": "2013-05",
            "price": "61.80",
            "revenue": 238296
        },
        "2013-06": {
            "month": "2013-06",
            "price": "68.90",
            "revenue": 193880
        },
        "2013-07": {
            "month": "2013-07",
            "price": "73.20",
            "revenue": 198427
        },
        "2013-08": {
            "month": "2013-08",
            "price": "80.91",
            "revenue": 256724
        },
        "2013-09": {
            "month": "2013-09",
            "price": "92.64",
            "revenue": 228796
        },
        "2013-10": {
            "month": "2013-10",
            "price": "93.64",
            "revenue": 250756
        },
        "2013-11": {
            "month": "2013-11",
            "price": "97.90",
            "revenue": 252765
        },
        "2013-12": {
            "month": "2013-12",
            "price": "111.14",
            "revenue": 216032
        },
        "2014-01": {
            "month": "2014-01",
            "price": "108.28",
            "revenue": 313481
        },
        "2014-02": {
            "month": "2014-02",
            "price": "122.24",
            "revenue": 205503
        },
        "2014-03": {
            "month": "2014-03",
            "price": "134.29",
            "revenue": 292793
        },
        "2014-04": {
            "month": "2014-04",
            "price": "147.00",
            "revenue": 275565
        },
        "2014-05": {
            "month": "2014-05",
            "price": "137.69",
            "revenue": 267057
        },
        "2014-06": {
            "month": "2014-06",
            "price": "144.05",
            "revenue": 215244
        },
        "2014-07": {
            "month": "2014-07",
            "price": "139.11",
            "revenue": 227968
        },
        "2014-08": {
            "month": "2014-08",
            "price": "119.86",
            "revenue": 230263
        },
        "2014-09": {
            "month": "2014-09",
            "price": "117.76",
            "revenue": 251517
        },
        "2014-10": {
            "month": "2014-10",
            "price": "104.61",
            "revenue": 273727
        },
        "2014-11": {
            "month": "2014-11",
            "price": "100.51",
            "revenue": 284114
        },
        "2014-12": {
            "month": "2014-12",
            "price": "113.17",
            "revenue": 271949
        },
        "2015-01": {
            "month": "2015-01",
            "price": "115.10",
            "revenue": 284990
        },
        "2015-02": {
            "month": "2015-02",
            "price": "113.85",
            "revenue": 251041
        },
        "2015-03": {
            "month": "2015-03",
            "price": "119.80",
            "revenue": 279617
        },
        "2015-04": {
            "month": "2015-04",
            "price": "130.68",
            "revenue": 333189
        },
        "2015-05": {
            "month": "2015-05",
            "price": "119.42",
            "revenue": 321941
        },
        "2015-06": {
            "month": "2015-06",
            "price": "121.02",
            "revenue": 300731
        },
        "2015-07": {
            "month": "2015-07",
            "price": "122.73",
            "revenue": 289975
        },
        "2015-08": {
            "month": "2015-08",
            "price": "136.52",
            "revenue": 300810
        },
        "2015-09": {
            "month": "2015-09",
            "price": "153.48",
            "revenue": 347401
        },
        "2015-10": {
            "month": "2015-10",
            "price": "172.76",
            "revenue": 333945
        },
        "2015-11": {
            "month": "2015-11",
            "price": "166.52",
            "revenue": 331642
        },
        "2015-12": {
            "month": "2015-12",
            "price": "159.93",
            "revenue": 356608
        },
        "2016-01": {
            "month": "2016-01",
            "price": "165.95",
            "revenue": 340061
        },
        "2016-02": {
            "month": "2016-02",
            "price": "175.23",
            "revenue": 293943
        },
        "2016-03": {
            "month": "2016-03",
            "price": "165.43",
            "revenue": 414938
        },
        "2016-04": {
            "month": "2016-04",
            "price": "181.74",
            "revenue": 386621
        },
        "2016-05": {
            "month": "2016-05",
            "price": "176.00",
            "revenue": 314120
        },
        "2016-06": {
            "month": "2016-06",
            "price": "168.43",
            "revenue": 381442
        },
        "2016-07": {
            "month": "2016-07",
            "price": "167.45",
            "revenue": 357193
        },
        "2016-08": {
            "month": "2016-08",
            "price": "184.87",
            "revenue": 365354
        },
        "2016-09": {
            "month": "2016-09",
            "price": "203.84",
            "revenue": 409932
        },
        "2016-10": {
            "month": "2016-10",
            "price": "196.98",
            "revenue": 402256
        },
        "2016-11": {
            "month": "2016-11",
            "price": "173.45",
            "revenue": 411559
        },
        "2016-12": {
            "month": "2016-12",
            "price": "182.75",
            "revenue": 453466
        },
        "2017-01": {
            "month": "2017-01",
            "price": "186.66",
            "revenue": 422769
        },
        "2017-02": {
            "month": "2017-02",
            "price": "186.67",
            "revenue": 393186
        },
        "2017-03": {
            "month": "2017-03",
            "price": "177.83",
            "revenue": 456036
        },
        "2017-04": {
            "month": "2017-04",
            "price": "171.56",
            "revenue": 451267
        },
        "2017-05": {
            "month": "2017-05",
            "price": "181.80",
            "revenue": 439918
        },
        "2017-06": {
            "month": "2017-06",
            "price": "185.33",
            "revenue": 472757
        },
        "2017-07": {
            "month": "2017-07",
            "price": "188.98",
            "revenue": 382376
        },
        "2017-08": {
            "month": "2017-08",
            "price": "180.52",
            "revenue": 455580
        },
        "2017-09": {
            "month": "2017-09",
            "price": "174.11",
            "revenue": 483953
        },
        "2017-10": {
            "month": "2017-10",
            "price": "165.58",
            "revenue": 495577
        },
        "2017-11": {
            "month": "2017-11",
            "price": "162.02",
            "revenue": 528633
        },
        "2017-12": {
            "month": "2017-12",
            "price": "166.83",
            "revenue": 488539
        },
        "2018-01": {
            "month": "2018-01",
            "price": "164.57",
            "revenue": 554510
        },
        "2018-02": {
            "month": "2018-02",
            "price": "145.81",
            "revenue": 400142
        },
        "2018-03": {
            "month": "2018-03",
            "price": "144.63",
            "revenue": 503662
        },
        "2018-04": {
            "month": "2018-04",
            "price": "139.56",
            "revenue": 483695
        },
        "2018-05": {
            "month": "2018-05",
            "price": "123.55",
            "revenue": 532723
        },
        "2018-06": {
            "month": "2018-06",
            "price": "121.98",
            "revenue": 488518
        },
        "2018-07": {
            "month": "2018-07",
            "price": "105.11",
            "revenue": 449445
        },
        "2018-08": {
            "month": "2018-08",
            "price": "99.63",
            "revenue": 484584
        },
        "2018-09": {
            "month": "2018-09",
            "price": "83.69",
            "revenue": 497708
        },
        "2018-10": {
            "month": "2018-10",
            "price": "74.30",
            "revenue": 591568
        },
        "2018-11": {
            "month": "2018-11",
            "price": "72.65",
            "revenue": 620366
        },
        "2018-12": {
            "month": "2018-12",
            "price": "81.04",
            "revenue": 512585
        },
        "2019-01": {
            "month": "2019-01",
            "price": "87.53",
            "revenue": 558200
        },
        "2019-02": {
            "month": "2019-02",
            "price": "89.52",
            "revenue": 381860
        },
        "2019-03": {
            "month": "2019-03",
            "price": "90.56",
            "revenue": 547248
        },
        "2019-04": {
            "month": "2019-04",
            "price": "89.48",
            "revenue": 500244
        },
        "2019-05": {
            "month": "2019-05",
            "price": "82.26",
            "revenue": 474280
        },
        "2019-06": {
            "month": "2019-06",
            "price": "80.69",
            "revenue": 425681
        },
        "2019-07": {
            "month": "2019-07",
            "price": "82.10",
            "revenue": 473963
        },
        "2019-08": {
            "month": "2019-08",
            "price": "90.42",
            "revenue": 500759
        },
        "2019-09": {
            "month": "2019-09",
            "price": "102.41",
            "revenue": 467998
        },
        "2019-10": {
            "month": "2019-10",
            "price": "98.36",
            "revenue": 467770
        },
        "2019-11": {
            "month": "2019-11",
            "price": "93.83",
            "revenue": 527063
        },
        "2019-12": {
            "month": "2019-12",
            "price": "91.19",
            "revenue": 500123
        },
        "2020-01": {
            "month": "2020-01",
            "price": "88.69",
            "revenue": 436498
        },
        "2020-02": {
            "month": "2020-02",
            "price": "79.79",
            "revenue": 327098
        },
        "2020-03": {
            "month": "2020-03",
            "price": "63.67",
            "revenue": 289961
        },
        "2020-04": {
            "month": "2020-04",
            "price": "64.88",
            "revenue": 233837
        },
        "2020-05": {
            "month": "2020-05",
            "price": "69.96",
            "revenue": 286553
        },
        "2020-06": {
            "month": "2020-06",
            "price": "79.10",
            "revenue": 345740
        },
        "2020-07": {
            "month": "2020-07",
            "price": "74.80",
            "revenue": 398621
        },
        "2020-08": {
            "month": "2020-08",
            "price": "82.77",
            "revenue": 401071
        },
        "2020-09": {
            "month": "2020-09",
            "price": "80.78",
            "revenue": 454621
        },
        "2020-10": {
            "month": "2020-10",
            "price": "77.42",
            "revenue": 465701
        },
        "2020-11": {
            "month": "2020-11",
            "price": "85.61",
            "revenue": 451050
        },
        "2020-12": {
            "month": "2020-12",
            "price": "87.35",
            "revenue": 544583
        },
        "2021-01": {
            "month": "2021-01",
            "price": "95.66",
            "revenue": 501558
        },
        "2021-02": {
            "month": "2021-02",
            "price": "90.36",
            "revenue": 359021
        },
        "2021-03": {
            "month": "2021-03",
            "price": "93.61",
            "revenue": 446381
        },
        "2021-04": {
            "month": "2021-04",
            "price": "100.52",
            "revenue": 426474
        },
        "2021-05": {
            "month": "2021-05",
            "price": "88.19",
            "revenue": 385400
        },
        "2021-06": {
            "month": "2021-06",
            "price": "90.83",
            "revenue": 430145
        },
        "2021-07": {
            "month": "2021-07",
            "price": "96.00",
            "revenue": 371334
        },
        "2021-08": {
            "month": "2021-08",
            "price": "89.45",
            "revenue": 338879
        },
        "2021-09": {
            "month": "2021-09",
            "price": "81.85",
            "revenue": 374723
        },
        "2021-10": {
            "month": "2021-10",
            "price": "79.33",
            "revenue": 347432
        },
        "2021-11": {
            "month": "2021-11",
            "price": "80.46",
            "revenue": 378074
        },
        "2021-12": {
            "month": "2021-12",
            "price": "78.20",
            "revenue": 413622
        },
        "2022-01": {
            "month": "2022-01",
            "price": "76.41",
            "revenue": 429986
        },
        "2022-02": {
            "month": "2022-02",
            "price": "75.83",
            "revenue": 338030
        },
        "2022-03": {
            "month": "2022-03",
            "price": "74.19",
            "revenue": 374229
        },
        "2022-04": {
            "month": "2022-04",
            "price": "72.01",
            "revenue": 302262
        },
        "2022-05": {
            "month": "2022-05",
            "price": "67.92",
            "revenue": 323433
        },
        "2022-06": {
            "month": "2022-06",
            "price": "67.11",
            "revenue": 371791
        },
        "2022-07": {
            "month": "2022-07",
            "price": "62.64",
            "revenue": 337581
        },
        "2022-08": {
            "month": "2022-08",
            "price": "64.22",
            "revenue": 468608
        },
        "2022-09": {
            "month": "2022-09",
            "price": "65.79",
            "revenue": 464373
        },
        "2022-10": {
            "month": "2022-10",
            "price": "60.67",
            "revenue": 432835
        },
        "2022-11": {
            "month": "2022-11",
            "price": "60.68",
            "revenue": 500111
        },
        "2022-12": {
            "month": "2022-12",
            "price": "65.67",
            "revenue": 506796
        },
        "2023-01": {
            "month": "2023-01",
            "price": "66.12",
            "revenue": 368737
        },
        "2023-02": {
            "month": "2023-02",
            "price": "68.74",
            "revenue": 411041
        },
        "2023-03": {
            "month": "2023-03",
            "price": "71.40",
            "revenue": 446035
        },
        "2023-04": {
            "month": "2023-04",
            "price": "71.54",
            "revenue": 360743
        },
        "2023-05": {
            "month": "2023-05",
            "price": "72.38",
            "revenue": 404628
        },
        "2023-06": {
            "month": "2023-06",
            "price": "74.48",
            "revenue": 431057
        },
        "2023-07": {
            "month": "2023-07",
            "price": "77.56",
            "revenue": 384447
        },
        "2023-08": {
            "month": "2023-08",
            "price": "77.12",
            "revenue": 464195
        },
        "2023-09": {
            "month": "2023-09",
            "price": "76.36",
            "revenue": 470793
        },
        "2023-10": {
            "month": "2023-10",
            "price": "75.49",
            "revenue": 492601
        },
        "2023-11": {
            "month": "2023-11",
            "price": "76.25",
            "revenue": 519328
        },
        "2023-12": {
            "month": "2023-12",
            "price": "76.88",
            "revenue": 454478
        },
        "2024-01": {
            "month": "2024-01",
            "price": "71.72",
            "revenue": 446429
        },
        "2024-02": {
            "month": "2024-02",
            "price": "71.75",
            "revenue": 368284
        }
    }
}
