{
    "summary": {
        "stock_name": "佳龍",
        "stock_id": "9955",
        "category": "綠能環保",
        "main_business": "廢資訊品清運及處理、混合五金處理及銷售<br>貴金屬之銷售、資源再生品之銷售<br>五金、機械零件及零組件之買賣業務、其他等。",
        "website_url": "http://www.sdti.com.tw",
        "ceo": "吳界欣",
        "pe_ratio": -31,
        "report_year_from": 2001,
        "report_year_to": 2023,
        "age": 23,
        "eps_negative_percentage": 45,
        "eps_growth_avg": {
            "last_all": -32.02,
            "last_2y": null,
            "last_4y": -100,
            "last_8y": -100,
            "last_12y": -100,
            "last_16y": -49.66,
            "last_20y": -32.02,
            "at_2006_last_3y": 3.24,
            "at_2007_last_3y": 11.13,
            "at_2008_last_3y": -1.55,
            "at_2009_last_3y": 6.03,
            "at_2010_last_3y": 0.69,
            "at_2011_last_3y": -28.62,
            "at_2012_last_3y": -24.19,
            "at_2013_last_3y": -69.63,
            "at_2014_last_3y": -100,
            "at_2015_last_3y": -100,
            "at_2016_last_3y": -100,
            "at_2017_last_3y": -100,
            "at_2018_last_3y": -100,
            "at_2019_last_3y": null,
            "at_2020_last_3y": -100,
            "at_2021_last_3y": -100,
            "at_2022_last_3y": -100,
            "at_2023_last_3y": -100,
            "at_2024_last_3y": -100,
            "at_2006_last_all": 3.24,
            "at_2007_last_all": 6.04,
            "at_2008_last_all": -1.95,
            "at_2009_last_all": 3.51,
            "at_2010_last_all": 1.97,
            "at_2011_last_all": -9.36,
            "at_2012_last_all": -9.36,
            "at_2013_last_all": -18.43,
            "at_2014_last_all": -18.43,
            "at_2015_last_all": -25.84,
            "at_2016_last_all": -25.84,
            "at_2017_last_all": -25.84,
            "at_2018_last_all": -25.84,
            "at_2019_last_all": -25.84,
            "at_2020_last_all": -32.02,
            "at_2021_last_all": -32.02,
            "at_2022_last_all": -32.02,
            "at_2023_last_all": -32.02,
            "at_2024_last_all": -32.02
        },
        "latest_eps": -0.79,
        "latest_price": 24.75,
        "latest_roe": -6.03,
        "latest_gross_margin": 2.68,
        "latest_equity": 1312788,
        "latest_revenue": 275361,
        "latest_gross_profit": 7375,
        "latest_net_income": -27532,
        "latest_debt_ratio": 53.53,
        "latest_current_ratio": 73.12,
        "latest_account_receivable_turnover_ratio": 9.21,
        "latest_inventory_turnover_ratio": 0.71,
        "latest_reinvestment_rate": null,
        "latest_research_to_sale_ratio": 0.35
    },
    "eps_dividends": {
        "2001": {
            "cash": 1.5,
            "stock": 1.5,
            "eps": 0
        },
        "2002": {
            "cash": 0,
            "stock": 0.77,
            "eps": 2.51
        },
        "2003": {
            "cash": 0,
            "stock": 1.5,
            "eps": 2.15
        },
        "2004": {
            "cash": 0,
            "stock": 1.8,
            "eps": 2.34
        },
        "2005": {
            "cash": 0,
            "stock": 2.06,
            "eps": 2.48
        },
        "2006": {
            "cash": 0,
            "stock": 1.51,
            "eps": 2.79
        },
        "2007": {
            "cash": 0.7,
            "stock": 0.8,
            "eps": 3.27
        },
        "2008": {
            "cash": 1.6,
            "stock": 0.4,
            "eps": 1.9
        },
        "2009": {
            "cash": 1.3,
            "stock": 0,
            "eps": 2.59
        },
        "2010": {
            "cash": 2,
            "stock": 0,
            "eps": 2.36
        },
        "2011": {
            "cash": 1.7,
            "stock": 0.5,
            "eps": -0.27
        },
        "2012": {
            "cash": 0,
            "stock": 0,
            "eps": 0.46
        },
        "2013": {
            "cash": 0.3,
            "stock": 0,
            "eps": -0.62
        },
        "2014": {
            "cash": 0,
            "stock": 0,
            "eps": 0.37
        },
        "2015": {
            "cash": 0,
            "stock": 0,
            "eps": -1.24
        },
        "2016": {
            "cash": 0,
            "stock": 0,
            "eps": -1.22
        },
        "2017": {
            "cash": 0,
            "stock": 0,
            "eps": -0.84
        },
        "2018": {
            "cash": 0,
            "stock": 0,
            "eps": -2.62
        },
        "2019": {
            "cash": 0,
            "stock": 0,
            "eps": 0.1
        },
        "2020": {
            "cash": 0,
            "stock": 0,
            "eps": -1.19
        },
        "2021": {
            "cash": 0,
            "stock": 0,
            "eps": -0.96
        },
        "2022": {
            "cash": 0,
            "stock": 0,
            "eps": -0.94
        },
        "2023": {
            "cash": 0,
            "stock": 0,
            "eps": -0.8
        }
    },
    "dividends": {
        "2001-06-11": {
            "cash": 1.5,
            "stock": 1.5
        },
        "2002-06-03": {
            "cash": 0,
            "stock": 0.77
        },
        "2003-06-13": {
            "cash": 0,
            "stock": 1.5
        },
        "2004-03-23": {
            "cash": 0,
            "stock": 1.8
        },
        "2005-03-15": {
            "cash": 0,
            "stock": 2.06
        },
        "2006-03-23": {
            "cash": 0,
            "stock": 1.51
        },
        "2007-03-16": {
            "cash": 0.7,
            "stock": 0.8
        },
        "2008-04-23": {
            "cash": 1.6,
            "stock": 0.4
        },
        "2009-03-17": {
            "cash": 1.3,
            "stock": 0
        },
        "2010-03-26": {
            "cash": 2,
            "stock": 0
        },
        "2011-03-11": {
            "cash": 1.7,
            "stock": 0.5
        },
        "2013-05-06": {
            "cash": 0.3,
            "stock": 0
        }
    },
    "prices": {
        "200101": "無",
        "200102": "無",
        "200103": "無",
        "200104": "無",
        "200105": "無",
        "200106": "無",
        "200107": "無",
        "200108": "無",
        "200109": "無",
        "200110": "無",
        "200111": "無",
        "200112": "無",
        "200201": "無",
        "200202": "無",
        "200203": "無",
        "200204": "無",
        "200205": "無",
        "200206": "無",
        "200207": "無",
        "200208": "無",
        "200209": "無",
        "200210": "無",
        "200211": "無",
        "200212": "無",
        "200301": "無",
        "200302": "無",
        "200303": "無",
        "200304": "無",
        "200305": "無",
        "200306": "無",
        "200307": "無",
        "200308": "無",
        "200309": "36.00",
        "200310": "34.69",
        "200311": "33.79",
        "200312": "32.25",
        "200401": "32.23",
        "200402": "36.82",
        "200403": "42.93",
        "200404": "40.90",
        "200405": "35.41",
        "200406": "33.56",
        "200407": "31.05",
        "200408": "28.92",
        "200409": "31.82",
        "200410": "32.03",
        "200411": "30.95",
        "200412": "29.44",
        "200501": "28.68",
        "200502": "29.68",
        "200503": "29.45",
        "200504": "29.21",
        "200505": "29.18",
        "200506": "29.64",
        "200507": "30.44",
        "200508": "34.00",
        "200509": "33.69",
        "200510": "30.80",
        "200511": "33.36",
        "200512": "33.71",
        "200601": "38.28",
        "200602": "35.27",
        "200603": "36.06",
        "200604": "43.54",
        "200605": "62.82",
        "200606": "49.31",
        "200607": "51.27",
        "200608": "46.22",
        "200609": "46.24",
        "200610": "50.27",
        "200611": "56.38",
        "200612": "58.04",
        "200701": "60.11",
        "200702": "62.57",
        "200703": "66.42",
        "200704": "69.78",
        "200705": "67.90",
        "200706": "67.87",
        "200707": "83.53",
        "200708": "114.20",
        "200709": "108.36",
        "200710": "106.03",
        "200711": "75.90",
        "200712": "66.54",
        "200801": "60.86",
        "200802": "73.01",
        "200803": "80.14",
        "200804": "78.96",
        "200805": "82.60",
        "200806": "69.08",
        "200807": "59.63",
        "200808": "55.30",
        "200809": "41.80",
        "200810": "37.97",
        "200811": "31.55",
        "200812": "30.01",
        "200901": "29.31",
        "200902": "31.69",
        "200903": "33.84",
        "200904": "36.75",
        "200905": "45.51",
        "200906": "50.69",
        "200907": "51.26",
        "200908": "52.32",
        "200909": "58.08",
        "200910": "63.06",
        "200911": "62.68",
        "200912": "63.13",
        "201001": "60.18",
        "201002": "51.69",
        "201003": "55.65",
        "201004": "57.97",
        "201005": "53.28",
        "201006": "51.01",
        "201007": "51.11",
        "201008": "54.40",
        "201009": "52.46",
        "201010": "53.68",
        "201011": "51.22",
        "201012": "51.61",
        "201101": "50.51",
        "201102": "47.35",
        "201103": "46.21",
        "201104": "46.25",
        "201105": "43.85",
        "201106": "40.85",
        "201107": "39.93",
        "201108": "39.07",
        "201109": "35.36",
        "201110": "34.78",
        "201111": "31.52",
        "201112": "28.63",
        "201201": "28.16",
        "201202": "31.88",
        "201203": "31.72",
        "201204": "28.24",
        "201205": "27.41",
        "201206": "23.07",
        "201207": "23.53",
        "201208": "25.20",
        "201209": "28.30",
        "201210": "26.46",
        "201211": "25.26",
        "201212": "28.45",
        "201301": "28.54",
        "201302": "26.81",
        "201303": "26.17",
        "201304": "23.20",
        "201305": "22.91",
        "201306": "21.77",
        "201307": "20.97",
        "201308": "20.35",
        "201309": "22.04",
        "201310": "20.99",
        "201311": "20.09",
        "201312": "21.37",
        "201401": "22.64",
        "201402": "23.05",
        "201403": "22.43",
        "201404": "21.11",
        "201405": "20.61",
        "201406": "20.74",
        "201407": "21.28",
        "201408": "20.62",
        "201409": "20.20",
        "201410": "18.68",
        "201411": "17.17",
        "201412": "18.13",
        "201501": "18.74",
        "201502": "18.24",
        "201503": "17.70",
        "201504": "18.69",
        "201505": "18.78",
        "201506": "17.36",
        "201507": "15.61",
        "201508": "13.01",
        "201509": "12.15",
        "201510": "13.08",
        "201511": "14.81",
        "201512": "13.07",
        "201601": "11.98",
        "201602": "12.97",
        "201603": "13.93",
        "201604": "13.80",
        "201605": "12.85",
        "201606": "12.71",
        "201607": "16.14",
        "201608": "17.80",
        "201609": "17.80",
        "201610": "16.40",
        "201611": "16.27",
        "201612": "15.86",
        "201701": "16.31",
        "201702": "17.08",
        "201703": "16.36",
        "201704": "15.33",
        "201705": "14.05",
        "201706": "14.29",
        "201707": "13.56",
        "201708": "13.44",
        "201709": "14.40",
        "201710": "14.02",
        "201711": "13.96",
        "201712": "13.96",
        "201801": "15.37",
        "201802": "13.40",
        "201803": "13.54",
        "201804": "13.97",
        "201805": "13.32",
        "201806": "12.88",
        "201807": "12.79",
        "201808": "12.86",
        "201809": "13.62",
        "201810": "12.59",
        "201811": "12.01",
        "201812": "12.83",
        "201901": "12.01",
        "201902": "12.48",
        "201903": "12.64",
        "201904": "12.71",
        "201905": "12.80",
        "201906": "18.54",
        "201907": "19.46",
        "201908": "20.81",
        "201909": "19.76",
        "201910": "19.28",
        "201911": "18.13",
        "201912": "18.35",
        "202001": "20.31",
        "202002": "18.48",
        "202003": "15.18",
        "202004": "15.29",
        "202005": "16.02",
        "202006": "16.46",
        "202007": "19.70",
        "202008": "19.49",
        "202009": "19.56",
        "202010": "18.83",
        "202011": "18.63",
        "202012": "19.62",
        "202101": "19.06",
        "202102": "18.52",
        "202103": "18.52",
        "202104": "19.21",
        "202105": "19.83",
        "202106": "19.12",
        "202107": "18.51",
        "202108": "17.42",
        "202109": "16.84",
        "202110": "16.53",
        "202111": "17.24",
        "202112": "17.07",
        "202201": "17.03",
        "202202": "21.13",
        "202203": "27.34",
        "202204": "29.31",
        "202205": "23.36",
        "202206": "21.50",
        "202207": "19.24",
        "202208": "21.60",
        "202209": "19.92",
        "202210": "17.27",
        "202211": "18.10",
        "202212": "20.60",
        "202301": "21.78",
        "202302": "21.13",
        "202303": "23.65",
        "202304": "26.12",
        "202305": "26.31",
        "202306": "24.71",
        "202307": "23.62",
        "202308": "22.60",
        "202309": "21.95",
        "202310": "24.60",
        "202311": "24.19",
        "202312": "24.61",
        "202401": "23.62",
        "202402": "23.49",
        "202403": "23.99",
        "202404": "無"
    },
    "quarters": {
        "20011": {
            "year_quarter": 20011,
            "year": 2001,
            "quarter": 1,
            "eps": null,
            "eps_growth_year": null,
            "eps_4q": null,
            "eps_4q_growth_year": null,
            "roe": null,
            "roe_4q": 0,
            "gross_profit": null,
            "gross_margin": null,
            "gross_margin_4q_avg": 0,
            "net_income": null,
            "net_income_4q": null,
            "revenue": null,
            "revenue_4q": null,
            "common_shares": null,
            "book_valuer_per_share": null,
            "book_valuer_per_share_4q_avg": 0,
            "equity": null,
            "current_ratio": null,
            "debt_ratio": null,
            "inventory_turnover_ratio": null,
            "account_receivable_turnover_ratio": null,
            "reinvestment_rate": null,
            "research_to_sale_ratio": null,
            "price_fair": 0,
            "eps_avg_yearly": 0,
            "eps_latest_yearly": 0,
            "eps_growth_yearly": 0
        },
        "20012": {
            "year_quarter": 20012,
            "year": 2001,
            "quarter": 2,
            "eps": null,
            "eps_growth_year": null,
            "eps_4q": null,
            "eps_4q_growth_year": null,
            "roe": null,
            "roe_4q": 0,
            "gross_profit": null,
            "gross_margin": null,
            "gross_margin_4q_avg": 0,
            "net_income": null,
            "net_income_4q": null,
            "revenue": null,
            "revenue_4q": null,
            "common_shares": null,
            "book_valuer_per_share": null,
            "book_valuer_per_share_4q_avg": 0,
            "equity": null,
            "current_ratio": null,
            "debt_ratio": null,
            "inventory_turnover_ratio": null,
            "account_receivable_turnover_ratio": null,
            "reinvestment_rate": null,
            "research_to_sale_ratio": null,
            "price_fair": 0,
            "eps_avg_yearly": 0,
            "eps_latest_yearly": 0,
            "eps_growth_yearly": 0
        },
        "20013": {
            "year_quarter": 20013,
            "year": 2001,
            "quarter": 3,
            "eps": null,
            "eps_growth_year": null,
            "eps_4q": null,
            "eps_4q_growth_year": null,
            "roe": null,
            "roe_4q": 0,
            "gross_profit": null,
            "gross_margin": null,
            "gross_margin_4q_avg": 0,
            "net_income": null,
            "net_income_4q": null,
            "revenue": null,
            "revenue_4q": null,
            "common_shares": null,
            "book_valuer_per_share": null,
            "book_valuer_per_share_4q_avg": 0,
            "equity": null,
            "current_ratio": null,
            "debt_ratio": null,
            "inventory_turnover_ratio": null,
            "account_receivable_turnover_ratio": null,
            "reinvestment_rate": null,
            "research_to_sale_ratio": null,
            "price_fair": 0,
            "eps_avg_yearly": 0,
            "eps_latest_yearly": 0,
            "eps_growth_yearly": 0
        },
        "20014": {
            "year_quarter": 20014,
            "year": 2001,
            "quarter": 4,
            "eps": null,
            "eps_growth_year": null,
            "eps_4q": null,
            "eps_4q_growth_year": null,
            "roe": null,
            "roe_4q": 0,
            "gross_profit": null,
            "gross_margin": null,
            "gross_margin_4q_avg": 0,
            "net_income": null,
            "net_income_4q": null,
            "revenue": null,
            "revenue_4q": null,
            "common_shares": 233000,
            "book_valuer_per_share": 11.89,
            "book_valuer_per_share_4q_avg": 2.97,
            "equity": 277200,
            "current_ratio": 143.16,
            "debt_ratio": 41.29,
            "inventory_turnover_ratio": null,
            "account_receivable_turnover_ratio": null,
            "reinvestment_rate": null,
            "research_to_sale_ratio": null,
            "price_fair": 0,
            "eps_avg_yearly": 0,
            "eps_latest_yearly": 0,
            "eps_growth_yearly": 0
        },
        "20021": {
            "year_quarter": 20021,
            "year": 2002,
            "quarter": 1,
            "eps": 0.15,
            "eps_growth_year": null,
            "eps_4q": null,
            "eps_4q_growth_year": null,
            "roe": 1.33,
            "roe_4q": 1.33,
            "gross_profit": 11916,
            "gross_margin": 29.84,
            "gross_margin_4q_avg": 7.46,
            "net_income": 3716,
            "net_income_4q": null,
            "revenue": 39935,
            "revenue_4q": null,
            "common_shares": 233000,
            "book_valuer_per_share": 12.06,
            "book_valuer_per_share_4q_avg": 5.99,
            "equity": 280997,
            "current_ratio": 165.56,
            "debt_ratio": 34.4,
            "inventory_turnover_ratio": 2.29,
            "account_receivable_turnover_ratio": null,
            "reinvestment_rate": null,
            "research_to_sale_ratio": null,
            "price_fair": 0,
            "eps_avg_yearly": 0,
            "eps_latest_yearly": 0,
            "eps_growth_yearly": 0
        },
        "20022": {
            "year_quarter": 20022,
            "year": 2002,
            "quarter": 2,
            "eps": 1.29,
            "eps_growth_year": null,
            "eps_4q": null,
            "eps_4q_growth_year": null,
            "roe": 10.91,
            "roe_4q": 12.24,
            "gross_profit": 51488,
            "gross_margin": 43.8,
            "gross_margin_4q_avg": 18.41,
            "net_income": 32305,
            "net_income_4q": null,
            "revenue": 117556,
            "revenue_4q": null,
            "common_shares": 233000,
            "book_valuer_per_share": 13.36,
            "book_valuer_per_share_4q_avg": 9.33,
            "equity": 311302,
            "current_ratio": 158.99,
            "debt_ratio": 36.44,
            "inventory_turnover_ratio": 5.15,
            "account_receivable_turnover_ratio": null,
            "reinvestment_rate": null,
            "research_to_sale_ratio": null,
            "price_fair": 180.6,
            "eps_avg_yearly": 5.16,
            "eps_latest_yearly": 5.16,
            "eps_growth_yearly": 3040
        },
        "20023": {
            "year_quarter": 20023,
            "year": 2002,
            "quarter": 3,
            "eps": 0.63,
            "eps_growth_year": null,
            "eps_4q": null,
            "eps_4q_growth_year": null,
            "roe": 5.41,
            "roe_4q": 17.65,
            "gross_profit": 38388,
            "gross_margin": 31.43,
            "gross_margin_4q_avg": 26.27,
            "net_income": 19086,
            "net_income_4q": null,
            "revenue": 122154,
            "revenue_4q": null,
            "common_shares": 315250,
            "book_valuer_per_share": 12.51,
            "book_valuer_per_share_4q_avg": 12.46,
            "equity": 394299,
            "current_ratio": 194.62,
            "debt_ratio": 30.59,
            "inventory_turnover_ratio": 3.6,
            "account_receivable_turnover_ratio": null,
            "reinvestment_rate": null,
            "research_to_sale_ratio": null,
            "price_fair": 134.4,
            "eps_avg_yearly": 3.84,
            "eps_latest_yearly": 2.52,
            "eps_growth_yearly": 1417.67
        },
        "20024": {
            "year_quarter": 20024,
            "year": 2002,
            "quarter": 4,
            "eps": 0.44,
            "eps_growth_year": null,
            "eps_4q": 2.42,
            "eps_4q_growth_year": null,
            "roe": 3.05,
            "roe_4q": 20.700000000000003,
            "gross_profit": 36899,
            "gross_margin": 24.73,
            "gross_margin_4q_avg": 32.45,
            "net_income": 12224,
            "net_income_4q": null,
            "revenue": 149222,
            "revenue_4q": null,
            "common_shares": 315250,
            "book_valuer_per_share": 12.91,
            "book_valuer_per_share_4q_avg": 12.71,
            "equity": 407128,
            "current_ratio": 195.71,
            "debt_ratio": 31.96,
            "inventory_turnover_ratio": 3.13,
            "account_receivable_turnover_ratio": null,
            "reinvestment_rate": null,
            "research_to_sale_ratio": null,
            "price_fair": 110.13,
            "eps_avg_yearly": 3.15,
            "eps_latest_yearly": 1.76,
            "eps_growth_yearly": 904.9
        },
        "20031": {
            "year_quarter": 20031,
            "year": 2003,
            "quarter": 1,
            "eps": 0.57,
            "eps_growth_year": 280,
            "eps_4q": 2.58,
            "eps_4q_growth_year": null,
            "roe": 4.33,
            "roe_4q": 23.7,
            "gross_profit": 30643,
            "gross_margin": 21.94,
            "gross_margin_4q_avg": 30.48,
            "net_income": 18031,
            "net_income_4q": null,
            "revenue": 139636,
            "revenue_4q": null,
            "common_shares": 315250,
            "book_valuer_per_share": 13.48,
            "book_valuer_per_share_4q_avg": 13.07,
            "equity": 424893,
            "current_ratio": 219.35,
            "debt_ratio": 30.33,
            "inventory_turnover_ratio": 1.91,
            "account_receivable_turnover_ratio": null,
            "reinvestment_rate": null,
            "research_to_sale_ratio": null,
            "price_fair": 102.55,
            "eps_avg_yearly": 2.93,
            "eps_latest_yearly": 2.28,
            "eps_growth_yearly": 708.22
        },
        "20032": {
            "year_quarter": 20032,
            "year": 2003,
            "quarter": 2,
            "eps": 0.48,
            "eps_growth_year": -62.79,
            "eps_4q": 2.04,
            "eps_4q_growth_year": null,
            "roe": 3.52,
            "roe_4q": 16.31,
            "gross_profit": 32369,
            "gross_margin": 17.42,
            "gross_margin_4q_avg": 23.88,
            "net_income": 15144,
            "net_income_4q": null,
            "revenue": 185776,
            "revenue_4q": null,
            "common_shares": 315250,
            "book_valuer_per_share": 13.79,
            "book_valuer_per_share_4q_avg": 13.17,
            "equity": 434783,
            "current_ratio": 234.13,
            "debt_ratio": 29.22,
            "inventory_turnover_ratio": 2.23,
            "account_receivable_turnover_ratio": null,
            "reinvestment_rate": null,
            "research_to_sale_ratio": null,
            "price_fair": 95.48,
            "eps_avg_yearly": 2.73,
            "eps_latest_yearly": 1.92,
            "eps_growth_yearly": 553.95
        },
        "20033": {
            "year_quarter": 20033,
            "year": 2003,
            "quarter": 3,
            "eps": 0.55,
            "eps_growth_year": -12.7,
            "eps_4q": 1.81,
            "eps_4q_growth_year": null,
            "roe": 4.47,
            "roe_4q": 15.370000000000001,
            "gross_profit": 35199,
            "gross_margin": 17.6,
            "gross_margin_4q_avg": 20.42,
            "net_income": 19891,
            "net_income_4q": null,
            "revenue": 199942,
            "revenue_4q": null,
            "common_shares": 362538,
            "book_valuer_per_share": 12.54,
            "book_valuer_per_share_4q_avg": 13.18,
            "equity": 454674,
            "current_ratio": 223.66,
            "debt_ratio": 30.65,
            "inventory_turnover_ratio": 2.24,
            "account_receivable_turnover_ratio": null,
            "reinvestment_rate": null,
            "research_to_sale_ratio": null,
            "price_fair": 92.4,
            "eps_avg_yearly": 2.64,
            "eps_latest_yearly": 2.2,
            "eps_growth_yearly": 471.35
        },
        "20034": {
            "year_quarter": 20034,
            "year": 2003,
            "quarter": 4,
            "eps": 0.55,
            "eps_growth_year": 25,
            "eps_4q": 2.02,
            "eps_4q_growth_year": -16.8,
            "roe": 4.28,
            "roe_4q": 16.6,
            "gross_profit": 44349,
            "gross_margin": 17.67,
            "gross_margin_4q_avg": 18.66,
            "net_income": 19903,
            "net_income_4q": null,
            "revenue": 250962,
            "revenue_4q": null,
            "common_shares": 362538,
            "book_valuer_per_share": 13.09,
            "book_valuer_per_share_4q_avg": 13.23,
            "equity": 474828,
            "current_ratio": 240.44,
            "debt_ratio": 30.46,
            "inventory_turnover_ratio": 2.18,
            "account_receivable_turnover_ratio": null,
            "reinvestment_rate": null,
            "research_to_sale_ratio": null,
            "price_fair": 90.2,
            "eps_avg_yearly": 2.58,
            "eps_latest_yearly": 2.2,
            "eps_growth_yearly": 404.01
        },
        "20041": {
            "year_quarter": 20041,
            "year": 2004,
            "quarter": 1,
            "eps": 0.57,
            "eps_growth_year": 0,
            "eps_4q": 2.09,
            "eps_4q_growth_year": -18.85,
            "roe": 4.24,
            "roe_4q": 16.509999999999998,
            "gross_profit": 38571,
            "gross_margin": 15.27,
            "gross_margin_4q_avg": 16.99,
            "net_income": 20541,
            "net_income_4q": null,
            "revenue": 252574,
            "revenue_4q": null,
            "common_shares": 362538,
            "book_valuer_per_share": 13.66,
            "book_valuer_per_share_4q_avg": 13.27,
            "equity": 495118,
            "current_ratio": 248.04,
            "debt_ratio": 28.92,
            "inventory_turnover_ratio": 2.05,
            "account_receivable_turnover_ratio": null,
            "reinvestment_rate": null,
            "research_to_sale_ratio": null,
            "price_fair": 88.9,
            "eps_avg_yearly": 2.54,
            "eps_latest_yearly": 2.28,
            "eps_growth_yearly": 355.33
        },
        "20042": {
            "year_quarter": 20042,
            "year": 2004,
            "quarter": 2,
            "eps": 0.61,
            "eps_growth_year": 27.08,
            "eps_4q": 2.02,
            "eps_4q_growth_year": -1.24,
            "roe": 5.18,
            "roe_4q": 18.169999999999998,
            "gross_profit": 49709,
            "gross_margin": 16.51,
            "gross_margin_4q_avg": 16.76,
            "net_income": 26130,
            "net_income_4q": null,
            "revenue": 301068,
            "revenue_4q": null,
            "common_shares": 362538,
            "book_valuer_per_share": 14.18,
            "book_valuer_per_share_4q_avg": 13.37,
            "equity": 513998,
            "current_ratio": 334.76,
            "debt_ratio": 43.07,
            "inventory_turnover_ratio": 2.31,
            "account_receivable_turnover_ratio": null,
            "reinvestment_rate": null,
            "research_to_sale_ratio": null,
            "price_fair": 88.51,
            "eps_avg_yearly": 2.53,
            "eps_latest_yearly": 2.44,
            "eps_growth_yearly": 318.97
        },
        "20043": {
            "year_quarter": 20043,
            "year": 2004,
            "quarter": 3,
            "eps": 0.71,
            "eps_growth_year": 29.09,
            "eps_4q": 2.27,
            "eps_4q_growth_year": 25.87,
            "roe": 5.63,
            "roe_4q": 19.33,
            "gross_profit": 51906,
            "gross_margin": 17.25,
            "gross_margin_4q_avg": 16.68,
            "net_income": 30255,
            "net_income_4q": null,
            "revenue": 300851,
            "revenue_4q": null,
            "common_shares": 433625,
            "book_valuer_per_share": 12.95,
            "book_valuer_per_share_4q_avg": 13.47,
            "equity": 561441,
            "current_ratio": 396.84,
            "debt_ratio": 33.78,
            "inventory_turnover_ratio": 1.8,
            "account_receivable_turnover_ratio": null,
            "reinvestment_rate": null,
            "research_to_sale_ratio": null,
            "price_fair": 89.6,
            "eps_avg_yearly": 2.56,
            "eps_latest_yearly": 2.84,
            "eps_growth_yearly": 293.63
        },
        "20044": {
            "year_quarter": 20044,
            "year": 2004,
            "quarter": 4,
            "eps": 0.45,
            "eps_growth_year": -18.18,
            "eps_4q": 2.25,
            "eps_4q_growth_year": 11.43,
            "roe": 3.32,
            "roe_4q": 18.369999999999997,
            "gross_profit": 45641,
            "gross_margin": 13.12,
            "gross_margin_4q_avg": 15.54,
            "net_income": 19265,
            "net_income_4q": null,
            "revenue": 347897,
            "revenue_4q": null,
            "common_shares": 440682,
            "book_valuer_per_share": 13.59,
            "book_valuer_per_share_4q_avg": 13.6,
            "equity": 599033,
            "current_ratio": 420.35,
            "debt_ratio": 31.97,
            "inventory_turnover_ratio": 1.88,
            "account_receivable_turnover_ratio": null,
            "reinvestment_rate": null,
            "research_to_sale_ratio": null,
            "price_fair": 87.18,
            "eps_avg_yearly": 2.49,
            "eps_latest_yearly": 1.8,
            "eps_growth_yearly": 253.62
        },
        "20051": {
            "year_quarter": 20051,
            "year": 2005,
            "quarter": 1,
            "eps": 0.54,
            "eps_growth_year": -5.26,
            "eps_4q": 2.23,
            "eps_4q_growth_year": 6.27,
            "roe": 3.83,
            "roe_4q": 17.96,
            "gross_profit": 42970,
            "gross_margin": 14.54,
            "gross_margin_4q_avg": 15.36,
            "net_income": 24233,
            "net_income_4q": null,
            "revenue": 295440,
            "revenue_4q": null,
            "common_shares": 455710,
            "book_valuer_per_share": 14.59,
            "book_valuer_per_share_4q_avg": 13.83,
            "equity": 664769,
            "current_ratio": 386.62,
            "debt_ratio": 26.54,
            "inventory_turnover_ratio": 1.59,
            "account_receivable_turnover_ratio": null,
            "reinvestment_rate": null,
            "research_to_sale_ratio": null,
            "price_fair": 86.22,
            "eps_avg_yearly": 2.46,
            "eps_latest_yearly": 2.16,
            "eps_growth_yearly": 239.15
        },
        "20052": {
            "year_quarter": 20052,
            "year": 2005,
            "quarter": 2,
            "eps": 0.59,
            "eps_growth_year": -3.28,
            "eps_4q": 2.22,
            "eps_4q_growth_year": 10.02,
            "roe": 3.89,
            "roe_4q": 16.67,
            "gross_profit": 54487,
            "gross_margin": 15.76,
            "gross_margin_4q_avg": 15.17,
            "net_income": 26684,
            "net_income_4q": null,
            "revenue": 345800,
            "revenue_4q": null,
            "common_shares": 463924,
            "book_valuer_per_share": 15.22,
            "book_valuer_per_share_4q_avg": 14.09,
            "equity": 706195,
            "current_ratio": 375.77,
            "debt_ratio": 28.42,
            "inventory_turnover_ratio": 1.82,
            "account_receivable_turnover_ratio": null,
            "reinvestment_rate": null,
            "research_to_sale_ratio": null,
            "price_fair": 85.94,
            "eps_avg_yearly": 2.46,
            "eps_latest_yearly": 2.36,
            "eps_growth_yearly": 223.6
        },
        "20053": {
            "year_quarter": 20053,
            "year": 2005,
            "quarter": 3,
            "eps": 0.61,
            "eps_growth_year": -14.08,
            "eps_4q": 1.87,
            "eps_4q_growth_year": -17.71,
            "roe": 4.56,
            "roe_4q": 15.6,
            "gross_profit": 63030,
            "gross_margin": 16.21,
            "gross_margin_4q_avg": 14.91,
            "net_income": 33982,
            "net_income_4q": null,
            "revenue": 388766,
            "revenue_4q": null,
            "common_shares": 476513,
            "book_valuer_per_share": 16.42,
            "book_valuer_per_share_4q_avg": 14.96,
            "equity": 782656,
            "current_ratio": 458.61,
            "debt_ratio": 21.7,
            "inventory_turnover_ratio": 2.03,
            "account_receivable_turnover_ratio": null,
            "reinvestment_rate": null,
            "research_to_sale_ratio": null,
            "price_fair": 85.9,
            "eps_avg_yearly": 2.45,
            "eps_latest_yearly": 2.44,
            "eps_growth_yearly": 208.6
        },
        "20054": {
            "year_quarter": 20054,
            "year": 2005,
            "quarter": 4,
            "eps": 0.74,
            "eps_growth_year": 64.44,
            "eps_4q": 2.24,
            "eps_4q_growth_year": -0.15,
            "roe": 4.97,
            "roe_4q": 17.25,
            "gross_profit": 75824,
            "gross_margin": 14.61,
            "gross_margin_4q_avg": 15.28,
            "net_income": 41785,
            "net_income_4q": null,
            "revenue": 519158,
            "revenue_4q": null,
            "common_shares": 591987,
            "book_valuer_per_share": 14.6,
            "book_valuer_per_share_4q_avg": 15.21,
            "equity": 898029,
            "current_ratio": 376.36,
            "debt_ratio": 20.52,
            "inventory_turnover_ratio": 2.53,
            "account_receivable_turnover_ratio": null,
            "reinvestment_rate": 40.24,
            "research_to_sale_ratio": null,
            "price_fair": 87.08,
            "eps_avg_yearly": 2.49,
            "eps_latest_yearly": 2.96,
            "eps_growth_yearly": 200.37
        },
        "20061": {
            "year_quarter": 20061,
            "year": 2006,
            "quarter": 1,
            "eps": 0.7,
            "eps_growth_year": 29.63,
            "eps_4q": 2.44,
            "eps_4q_growth_year": 9.42,
            "roe": 4.57,
            "roe_4q": 17.99,
            "gross_profit": 65324,
            "gross_margin": 13.99,
            "gross_margin_4q_avg": 15.14,
            "net_income": 41322,
            "net_income_4q": null,
            "revenue": 466894,
            "revenue_4q": null,
            "common_shares": 593977,
            "book_valuer_per_share": 15.31,
            "book_valuer_per_share_4q_avg": 15.39,
            "equity": 909394,
            "current_ratio": 300.26,
            "debt_ratio": 23.71,
            "inventory_turnover_ratio": 1.78,
            "account_receivable_turnover_ratio": null,
            "reinvestment_rate": 11.86,
            "research_to_sale_ratio": null,
            "price_fair": 87.76,
            "eps_avg_yearly": 2.51,
            "eps_latest_yearly": 2.8,
            "eps_growth_yearly": 186.5
        },
        "20062": {
            "year_quarter": 20062,
            "year": 2006,
            "quarter": 2,
            "eps": 0.77,
            "eps_growth_year": 30.51,
            "eps_4q": 2.74,
            "eps_4q_growth_year": 23.39,
            "roe": 4.91,
            "roe_4q": 19.009999999999998,
            "gross_profit": 70205,
            "gross_margin": 12.16,
            "gross_margin_4q_avg": 14.24,
            "net_income": 45762,
            "net_income_4q": null,
            "revenue": 577444,
            "revenue_4q": null,
            "common_shares": 596183,
            "book_valuer_per_share": 16.04,
            "book_valuer_per_share_4q_avg": 15.59,
            "equity": 956349,
            "current_ratio": 392.94,
            "debt_ratio": 16.85,
            "inventory_turnover_ratio": 1.58,
            "account_receivable_turnover_ratio": null,
            "reinvestment_rate": 12.87,
            "research_to_sale_ratio": null,
            "price_fair": 7.13,
            "eps_avg_yearly": 2.38,
            "eps_latest_yearly": 3.08,
            "eps_growth_yearly": -1
        },
        "20063": {
            "year_quarter": 20063,
            "year": 2006,
            "quarter": 3,
            "eps": 0.65,
            "eps_growth_year": 6.56,
            "eps_4q": 2.52,
            "eps_4q_growth_year": 35.02,
            "roe": 4.55,
            "roe_4q": 19,
            "gross_profit": 68851,
            "gross_margin": 10.3,
            "gross_margin_4q_avg": 12.77,
            "net_income": 44682,
            "net_income_4q": null,
            "revenue": 668207,
            "revenue_4q": null,
            "common_shares": 691269,
            "book_valuer_per_share": 14.55,
            "book_valuer_per_share_4q_avg": 15.13,
            "equity": 1006107,
            "current_ratio": 323.09,
            "debt_ratio": 19.83,
            "inventory_turnover_ratio": 1.51,
            "account_receivable_turnover_ratio": null,
            "reinvestment_rate": -0.01,
            "research_to_sale_ratio": null,
            "price_fair": 42.63,
            "eps_avg_yearly": 2.38,
            "eps_latest_yearly": 2.6,
            "eps_growth_yearly": 7.89
        },
        "20064": {
            "year_quarter": 20064,
            "year": 2006,
            "quarter": 4,
            "eps": 0.67,
            "eps_growth_year": -9.46,
            "eps_4q": 2.56,
            "eps_4q_growth_year": 14.14,
            "roe": 3.87,
            "roe_4q": 17.9,
            "gross_profit": 73943,
            "gross_margin": 10.56,
            "gross_margin_4q_avg": 11.75,
            "net_income": 46689,
            "net_income_4q": null,
            "revenue": 700116,
            "revenue_4q": null,
            "common_shares": 752229,
            "book_valuer_per_share": 17.85,
            "book_valuer_per_share_4q_avg": 15.94,
            "equity": 1407151,
            "current_ratio": 418.86,
            "debt_ratio": 15.6,
            "inventory_turnover_ratio": 1.49,
            "account_receivable_turnover_ratio": null,
            "reinvestment_rate": 43.52,
            "research_to_sale_ratio": null,
            "price_fair": 63.94,
            "eps_avg_yearly": 2.44,
            "eps_latest_yearly": 2.68,
            "eps_growth_yearly": 16.2
        },
        "20071": {
            "year_quarter": 20071,
            "year": 2007,
            "quarter": 1,
            "eps": 0.68,
            "eps_growth_year": -2.86,
            "eps_4q": 2.5,
            "eps_4q_growth_year": 2.75,
            "roe": 3.65,
            "roe_4q": 16.98,
            "gross_profit": 77348,
            "gross_margin": 11.49,
            "gross_margin_4q_avg": 11.13,
            "net_income": 51163,
            "net_income_4q": null,
            "revenue": 672997,
            "revenue_4q": null,
            "common_shares": 752229,
            "book_valuer_per_share": 18.57,
            "book_valuer_per_share_4q_avg": 16.75,
            "equity": 1397144,
            "current_ratio": 379.67,
            "debt_ratio": 16.79,
            "inventory_turnover_ratio": 1.51,
            "account_receivable_turnover_ratio": null,
            "reinvestment_rate": 4.81,
            "research_to_sale_ratio": null,
            "price_fair": 47.35,
            "eps_avg_yearly": 2.47,
            "eps_latest_yearly": 2.72,
            "eps_growth_yearly": 9.19
        },
        "20072": {
            "year_quarter": 20072,
            "year": 2007,
            "quarter": 2,
            "eps": 0.78,
            "eps_growth_year": 1.3,
            "eps_4q": 2.68,
            "eps_4q_growth_year": -2.36,
            "roe": 4.2,
            "roe_4q": 16.27,
            "gross_profit": 95077,
            "gross_margin": 11.33,
            "gross_margin_4q_avg": 10.92,
            "net_income": 58656,
            "net_income_4q": null,
            "revenue": 839375,
            "revenue_4q": null,
            "common_shares": 752229,
            "book_valuer_per_share": 18.58,
            "book_valuer_per_share_4q_avg": 17.39,
            "equity": 1397970,
            "current_ratio": 355.05,
            "debt_ratio": 18.21,
            "inventory_turnover_ratio": 2.03,
            "account_receivable_turnover_ratio": null,
            "reinvestment_rate": -2.99,
            "research_to_sale_ratio": null,
            "price_fair": 68.18,
            "eps_avg_yearly": 2.54,
            "eps_latest_yearly": 3.12,
            "eps_growth_yearly": 16.81
        },
        "20073": {
            "year_quarter": 20073,
            "year": 2007,
            "quarter": 3,
            "eps": 0.84,
            "eps_growth_year": 29.23,
            "eps_4q": 2.76,
            "eps_4q_growth_year": 9.13,
            "roe": 4.77,
            "roe_4q": 16.49,
            "gross_profit": 99593,
            "gross_margin": 10.44,
            "gross_margin_4q_avg": 10.96,
            "net_income": 68642,
            "net_income_4q": null,
            "revenue": 954138,
            "revenue_4q": null,
            "common_shares": 820939,
            "book_valuer_per_share": 18.03,
            "book_valuer_per_share_4q_avg": 18.26,
            "equity": 1479837,
            "current_ratio": 315.9,
            "debt_ratio": 21.43,
            "inventory_turnover_ratio": 2.13,
            "account_receivable_turnover_ratio": null,
            "reinvestment_rate": -2.8,
            "research_to_sale_ratio": null,
            "price_fair": 65.61,
            "eps_avg_yearly": 2.62,
            "eps_latest_yearly": 3.36,
            "eps_growth_yearly": 15.09
        },
        "20074": {
            "year_quarter": 20074,
            "year": 2007,
            "quarter": 4,
            "eps": 0.97,
            "eps_growth_year": 44.78,
            "eps_4q": 3.15,
            "eps_4q_growth_year": 22.84,
            "roe": 5.11,
            "roe_4q": 17.729999999999997,
            "gross_profit": 117447,
            "gross_margin": 10.35,
            "gross_margin_4q_avg": 10.9,
            "net_income": 79565,
            "net_income_4q": null,
            "revenue": 1134582,
            "revenue_4q": null,
            "common_shares": 820939,
            "book_valuer_per_share": 19.07,
            "book_valuer_per_share_4q_avg": 18.56,
            "equity": 1632740,
            "current_ratio": 319.69,
            "debt_ratio": 23.39,
            "inventory_turnover_ratio": 1.71,
            "account_receivable_turnover_ratio": null,
            "reinvestment_rate": 31.62,
            "research_to_sale_ratio": null,
            "price_fair": 78.77,
            "eps_avg_yearly": 2.72,
            "eps_latest_yearly": 3.88,
            "eps_growth_yearly": 18.96
        },
        "20081": {
            "year_quarter": 20081,
            "year": 2008,
            "quarter": 1,
            "eps": 0.85,
            "eps_growth_year": 25,
            "eps_4q": 3.31,
            "eps_4q_growth_year": 32.45,
            "roe": 4.26,
            "roe_4q": 18.34,
            "gross_profit": 137375,
            "gross_margin": 11.22,
            "gross_margin_4q_avg": 10.84,
            "net_income": 70864,
            "net_income_4q": null,
            "revenue": 1224604,
            "revenue_4q": null,
            "common_shares": 820939,
            "book_valuer_per_share": 19.86,
            "book_valuer_per_share_4q_avg": 18.89,
            "equity": 1697808,
            "current_ratio": 373.84,
            "debt_ratio": 20.02,
            "inventory_turnover_ratio": 1.51,
            "account_receivable_turnover_ratio": null,
            "reinvestment_rate": 28.36,
            "research_to_sale_ratio": null,
            "price_fair": 69.63,
            "eps_avg_yearly": 2.79,
            "eps_latest_yearly": 3.4,
            "eps_growth_yearly": 14.96
        },
        "20082": {
            "year_quarter": 20082,
            "year": 2008,
            "quarter": 2,
            "eps": 0.46,
            "eps_growth_year": -41.03,
            "eps_4q": 3.09,
            "eps_4q_growth_year": 15.37,
            "roe": 2.31,
            "roe_4q": 16.45,
            "gross_profit": 75851,
            "gross_margin": 7.2,
            "gross_margin_4q_avg": 9.8,
            "net_income": 38073,
            "net_income_4q": null,
            "revenue": 1052818,
            "revenue_4q": null,
            "common_shares": 820939,
            "book_valuer_per_share": 18.59,
            "book_valuer_per_share_4q_avg": 18.89,
            "equity": 1595534,
            "current_ratio": 328.13,
            "debt_ratio": 22.42,
            "inventory_turnover_ratio": 1.24,
            "account_receivable_turnover_ratio": null,
            "reinvestment_rate": 27.4,
            "research_to_sale_ratio": null,
            "price_fair": 32.3,
            "eps_avg_yearly": 2.75,
            "eps_latest_yearly": 1.84,
            "eps_growth_yearly": 1.73
        },
        "20083": {
            "year_quarter": 20083,
            "year": 2008,
            "quarter": 3,
            "eps": 0.64,
            "eps_growth_year": -23.81,
            "eps_4q": 2.78,
            "eps_4q_growth_year": 1.03,
            "roe": 3.41,
            "roe_4q": 15.09,
            "gross_profit": 97458,
            "gross_margin": 7.34,
            "gross_margin_4q_avg": 9.03,
            "net_income": 55631,
            "net_income_4q": null,
            "revenue": 1328131,
            "revenue_4q": null,
            "common_shares": 855776,
            "book_valuer_per_share": 18.66,
            "book_valuer_per_share_4q_avg": 19.05,
            "equity": 1670230,
            "current_ratio": 320.2,
            "debt_ratio": 22.96,
            "inventory_turnover_ratio": 1.42,
            "account_receivable_turnover_ratio": null,
            "reinvestment_rate": 25.06,
            "research_to_sale_ratio": null,
            "price_fair": 47.64,
            "eps_avg_yearly": 2.74,
            "eps_latest_yearly": 2.56,
            "eps_growth_yearly": 7.42
        },
        "20084": {
            "year_quarter": 20084,
            "year": 2008,
            "quarter": 4,
            "eps": -0.05,
            "eps_growth_year": -105.15,
            "eps_4q": 1.87,
            "eps_4q_growth_year": -40.68,
            "roe": -0.41,
            "roe_4q": 9.57,
            "gross_profit": 24673,
            "gross_margin": 2.74,
            "gross_margin_4q_avg": 7.13,
            "net_income": -6700,
            "net_income_4q": null,
            "revenue": 901358,
            "revenue_4q": null,
            "common_shares": 855776,
            "book_valuer_per_share": 18.18,
            "book_valuer_per_share_4q_avg": 18.82,
            "equity": 1628766,
            "current_ratio": 324.87,
            "debt_ratio": 22.36,
            "inventory_turnover_ratio": 0.98,
            "account_receivable_turnover_ratio": 5.13,
            "reinvestment_rate": 22.77,
            "research_to_sale_ratio": null,
            "price_fair": 77.42,
            "eps_avg_yearly": 2.8,
            "eps_latest_yearly": 2.56,
            "eps_growth_yearly": 17.68
        },
        "20091": {
            "year_quarter": 20091,
            "year": 2009,
            "quarter": 1,
            "eps": 0.3,
            "eps_growth_year": -64.71,
            "eps_4q": 1.24,
            "eps_4q_growth_year": -62.69,
            "roe": 1.68,
            "roe_4q": 6.99,
            "gross_profit": 57156,
            "gross_margin": 7.15,
            "gross_margin_4q_avg": 6.11,
            "net_income": 27645,
            "net_income_4q": null,
            "revenue": 799231,
            "revenue_4q": null,
            "common_shares": 846076,
            "book_valuer_per_share": 18.78,
            "book_valuer_per_share_4q_avg": 18.55,
            "equity": 1667147,
            "current_ratio": 302.65,
            "debt_ratio": 28.95,
            "inventory_turnover_ratio": 0.8,
            "account_receivable_turnover_ratio": 2.45,
            "reinvestment_rate": 52.73,
            "research_to_sale_ratio": null,
            "price_fair": 66.03,
            "eps_avg_yearly": 2.84,
            "eps_latest_yearly": 2.56,
            "eps_growth_yearly": 13.23
        },
        "20092": {
            "year_quarter": 20092,
            "year": 2009,
            "quarter": 2,
            "eps": 0.81,
            "eps_growth_year": 76.09,
            "eps_4q": 1.67,
            "eps_4q_growth_year": -45.8,
            "roe": 4.27,
            "roe_4q": 8.95,
            "gross_profit": 132644,
            "gross_margin": 10.79,
            "gross_margin_4q_avg": 7.01,
            "net_income": 70118,
            "net_income_4q": null,
            "revenue": 1229134,
            "revenue_4q": null,
            "common_shares": 846076,
            "book_valuer_per_share": 18.19,
            "book_valuer_per_share_4q_avg": 18.45,
            "equity": 1615429,
            "current_ratio": 290.41,
            "debt_ratio": 29.82,
            "inventory_turnover_ratio": 1.33,
            "account_receivable_turnover_ratio": 4.55,
            "reinvestment_rate": 47.09,
            "research_to_sale_ratio": null,
            "price_fair": 101.7,
            "eps_avg_yearly": 2.91,
            "eps_latest_yearly": 3.24,
            "eps_growth_yearly": 59.15
        },
        "20093": {
            "year_quarter": 20093,
            "year": 2009,
            "quarter": 3,
            "eps": 0.95,
            "eps_growth_year": 48.44,
            "eps_4q": 1.95,
            "eps_4q_growth_year": -29.86,
            "roe": 5.01,
            "roe_4q": 10.549999999999999,
            "gross_profit": 160547,
            "gross_margin": 10.86,
            "gross_margin_4q_avg": 7.89,
            "net_income": 82794,
            "net_income_4q": null,
            "revenue": 1479007,
            "revenue_4q": null,
            "common_shares": 846076,
            "book_valuer_per_share": 19.08,
            "book_valuer_per_share_4q_avg": 18.56,
            "equity": 1691475,
            "current_ratio": 304.7,
            "debt_ratio": 29.9,
            "inventory_turnover_ratio": 1.6,
            "account_receivable_turnover_ratio": 6.42,
            "reinvestment_rate": 42.75,
            "research_to_sale_ratio": null,
            "price_fair": 105.1,
            "eps_avg_yearly": 3,
            "eps_latest_yearly": 3.8,
            "eps_growth_yearly": 63.12
        },
        "20094": {
            "year_quarter": 20094,
            "year": 2009,
            "quarter": 4,
            "eps": 0.53,
            "eps_growth_year": null,
            "eps_4q": 2.12,
            "eps_4q_growth_year": 13.58,
            "roe": 2.19,
            "roe_4q": 13.149999999999999,
            "gross_profit": 121048,
            "gross_margin": 6.89,
            "gross_margin_4q_avg": 8.92,
            "net_income": 48782,
            "net_income_4q": null,
            "revenue": 1756070,
            "revenue_4q": null,
            "common_shares": 1046076,
            "book_valuer_per_share": 25.71,
            "book_valuer_per_share_4q_avg": 20.44,
            "equity": 2763151,
            "current_ratio": 513.4,
            "debt_ratio": 16.03,
            "inventory_turnover_ratio": 1.66,
            "account_receivable_turnover_ratio": 9.1,
            "reinvestment_rate": 68.85,
            "research_to_sale_ratio": null,
            "price_fair": 103,
            "eps_avg_yearly": 2.94,
            "eps_latest_yearly": 2.12,
            "eps_growth_yearly": 44.4
        },
        "20101": {
            "year_quarter": 20101,
            "year": 2010,
            "quarter": 1,
            "eps": 0.72,
            "eps_growth_year": 140,
            "eps_4q": 2.6,
            "eps_4q_growth_year": 109.87,
            "roe": 2.69,
            "roe_4q": 14.16,
            "gross_profit": 132057,
            "gross_margin": 7.56,
            "gross_margin_4q_avg": 9.03,
            "net_income": 75323,
            "net_income_4q": null,
            "revenue": 1746020,
            "revenue_4q": null,
            "common_shares": 1046076,
            "book_valuer_per_share": 26.41,
            "book_valuer_per_share_4q_avg": 22.35,
            "equity": 2840067,
            "current_ratio": 575.73,
            "debt_ratio": 14.51,
            "inventory_turnover_ratio": 1.6,
            "account_receivable_turnover_ratio": 4.49,
            "reinvestment_rate": 78.28,
            "research_to_sale_ratio": 0.03,
            "price_fair": 103.2,
            "eps_avg_yearly": 2.95,
            "eps_latest_yearly": 2.88,
            "eps_growth_yearly": 56.19
        },
        "20102": {
            "year_quarter": 20102,
            "year": 2010,
            "quarter": 2,
            "eps": 0.65,
            "eps_growth_year": -19.3,
            "eps_4q": 2.59,
            "eps_4q_growth_year": 54.91,
            "roe": 2.47,
            "roe_4q": 12.36,
            "gross_profit": 107776,
            "gross_margin": 5.64,
            "gross_margin_4q_avg": 7.74,
            "net_income": 68489,
            "net_income_4q": null,
            "revenue": 1911396,
            "revenue_4q": null,
            "common_shares": 1046076,
            "book_valuer_per_share": 25.12,
            "book_valuer_per_share_4q_avg": 24.08,
            "equity": 2707305,
            "current_ratio": 291.05,
            "debt_ratio": 28.59,
            "inventory_turnover_ratio": 1.58,
            "account_receivable_turnover_ratio": 4.9,
            "reinvestment_rate": 75.1,
            "research_to_sale_ratio": 0.02,
            "price_fair": 102,
            "eps_avg_yearly": 2.91,
            "eps_latest_yearly": 2.6,
            "eps_growth_yearly": 50.55
        },
        "20103": {
            "year_quarter": 20103,
            "year": 2010,
            "quarter": 3,
            "eps": 0.34,
            "eps_growth_year": -63.71,
            "eps_4q": 2.17,
            "eps_4q_growth_year": 10.93,
            "roe": 1.32,
            "roe_4q": 8.67,
            "gross_profit": 89611,
            "gross_margin": 4.72,
            "gross_margin_4q_avg": 6.2,
            "net_income": 35923,
            "net_income_4q": null,
            "revenue": 1900160,
            "revenue_4q": null,
            "common_shares": 1046076,
            "book_valuer_per_share": 25.41,
            "book_valuer_per_share_4q_avg": 25.66,
            "equity": 2736277,
            "current_ratio": 370.17,
            "debt_ratio": 21.69,
            "inventory_turnover_ratio": 1.38,
            "account_receivable_turnover_ratio": 4.65,
            "reinvestment_rate": 75.51,
            "research_to_sale_ratio": 0.03,
            "price_fair": 98.9,
            "eps_avg_yearly": 2.83,
            "eps_latest_yearly": 1.36,
            "eps_growth_yearly": 41.38
        },
        "20104": {
            "year_quarter": 20104,
            "year": 2010,
            "quarter": 4,
            "eps": 0.65,
            "eps_growth_year": 22.98,
            "eps_4q": 2.37,
            "eps_4q_growth_year": 11.66,
            "roe": 2.48,
            "roe_4q": 8.959999999999999,
            "gross_profit": 160373,
            "gross_margin": 7.6,
            "gross_margin_4q_avg": 6.38,
            "net_income": 67682,
            "net_income_4q": null,
            "revenue": 2110548,
            "revenue_4q": null,
            "common_shares": 1046076,
            "book_valuer_per_share": 25.99,
            "book_valuer_per_share_4q_avg": 25.73,
            "equity": 2718102,
            "current_ratio": 351.75,
            "debt_ratio": 23.49,
            "inventory_turnover_ratio": 1.34,
            "account_receivable_turnover_ratio": 4.31,
            "reinvestment_rate": 55.07,
            "research_to_sale_ratio": 0.1,
            "price_fair": 98.7,
            "eps_avg_yearly": 2.82,
            "eps_latest_yearly": 2.6,
            "eps_growth_yearly": 66.55
        },
        "20111": {
            "year_quarter": 20111,
            "year": 2011,
            "quarter": 1,
            "eps": -0.65,
            "eps_growth_year": -190.28,
            "eps_4q": 1,
            "eps_4q_growth_year": -61.65,
            "roe": -2.54,
            "roe_4q": 3.7300000000000004,
            "gross_profit": 50577,
            "gross_margin": 2.92,
            "gross_margin_4q_avg": 5.22,
            "net_income": -68392,
            "net_income_4q": null,
            "revenue": 1734820,
            "revenue_4q": null,
            "common_shares": 1046076,
            "book_valuer_per_share": 25.4,
            "book_valuer_per_share_4q_avg": 25.48,
            "equity": 2656731,
            "current_ratio": 437.88,
            "debt_ratio": 31.81,
            "inventory_turnover_ratio": 1.05,
            "account_receivable_turnover_ratio": 3.62,
            "reinvestment_rate": 87.3,
            "research_to_sale_ratio": 0.1,
            "price_fair": 98.97,
            "eps_avg_yearly": 2.83,
            "eps_latest_yearly": 2.6,
            "eps_growth_yearly": 71.21
        },
        "20112": {
            "year_quarter": 20112,
            "year": 2011,
            "quarter": 2,
            "eps": 0.06,
            "eps_growth_year": -90.37,
            "eps_4q": 0.39,
            "eps_4q_growth_year": -85.02,
            "roe": 0.27,
            "roe_4q": 1.53,
            "gross_profit": 48744,
            "gross_margin": 2.71,
            "gross_margin_4q_avg": 4.49,
            "net_income": 6910,
            "net_income_4q": null,
            "revenue": 1799087,
            "revenue_4q": null,
            "common_shares": 1046076,
            "book_valuer_per_share": 23.72,
            "book_valuer_per_share_4q_avg": 25.13,
            "equity": 2481133,
            "current_ratio": 448.05,
            "debt_ratio": 31.95,
            "inventory_turnover_ratio": 1.15,
            "account_receivable_turnover_ratio": 3.76,
            "reinvestment_rate": 100.72,
            "research_to_sale_ratio": 0.1,
            "price_fair": 98.12,
            "eps_avg_yearly": 2.8,
            "eps_latest_yearly": 2.6,
            "eps_growth_yearly": 72.24
        },
        "20113": {
            "year_quarter": 20113,
            "year": 2011,
            "quarter": 3,
            "eps": 0.45,
            "eps_growth_year": 29.93,
            "eps_4q": 0.51,
            "eps_4q_growth_year": -76.49,
            "roe": 1.94,
            "roe_4q": 2.15,
            "gross_profit": 70510,
            "gross_margin": 3.16,
            "gross_margin_4q_avg": 4.1,
            "net_income": 48129,
            "net_income_4q": null,
            "revenue": 2234318,
            "revenue_4q": null,
            "common_shares": 1046076,
            "book_valuer_per_share": 24.14,
            "book_valuer_per_share_4q_avg": 24.81,
            "equity": 2471921,
            "current_ratio": 350.4,
            "debt_ratio": 36.5,
            "inventory_turnover_ratio": 1.45,
            "account_receivable_turnover_ratio": 3.68,
            "reinvestment_rate": 108.83,
            "research_to_sale_ratio": 0.1,
            "price_fair": 93.57,
            "eps_avg_yearly": 2.67,
            "eps_latest_yearly": 1.8,
            "eps_growth_yearly": 286.35
        },
        "20114": {
            "year_quarter": 20114,
            "year": 2011,
            "quarter": 4,
            "eps": -0.13,
            "eps_growth_year": -120.3,
            "eps_4q": -0.26,
            "eps_4q_growth_year": -110.88,
            "roe": -0.58,
            "roe_4q": -0.9100000000000001,
            "gross_profit": 17121,
            "gross_margin": 0.93,
            "gross_margin_4q_avg": 2.43,
            "net_income": -14151,
            "net_income_4q": null,
            "revenue": 1842452,
            "revenue_4q": null,
            "common_shares": 1067682,
            "book_valuer_per_share": 22.77,
            "book_valuer_per_share_4q_avg": 24.01,
            "equity": 2434788,
            "current_ratio": 479.11,
            "debt_ratio": 30.76,
            "inventory_turnover_ratio": 1.15,
            "account_receivable_turnover_ratio": 3.09,
            "reinvestment_rate": 134.79,
            "research_to_sale_ratio": 0.09,
            "price_fair": 89.73,
            "eps_avg_yearly": 2.56,
            "eps_latest_yearly": 1.8,
            "eps_growth_yearly": 306.75
        },
        "20121": {
            "year_quarter": 20121,
            "year": 2012,
            "quarter": 1,
            "eps": 0.49,
            "eps_growth_year": null,
            "eps_4q": 0.87,
            "eps_4q_growth_year": -12.39,
            "roe": 2.13,
            "roe_4q": 3.76,
            "gross_profit": 110104,
            "gross_margin": 5.52,
            "gross_margin_4q_avg": 3.08,
            "net_income": 52200,
            "net_income_4q": null,
            "revenue": 1994429,
            "revenue_4q": null,
            "common_shares": 1067682,
            "book_valuer_per_share": 23.18,
            "book_valuer_per_share_4q_avg": 23.45,
            "equity": 2475104,
            "current_ratio": 231.77,
            "debt_ratio": 31.79,
            "inventory_turnover_ratio": 1.19,
            "account_receivable_turnover_ratio": 4.01,
            "reinvestment_rate": 170.05,
            "research_to_sale_ratio": 0.12,
            "price_fair": 86.8,
            "eps_avg_yearly": 2.48,
            "eps_latest_yearly": 1.8,
            "eps_growth_yearly": 342.37
        },
        "20122": {
            "year_quarter": 20122,
            "year": 2012,
            "quarter": 2,
            "eps": -0.1,
            "eps_growth_year": -262.85,
            "eps_4q": 0.7,
            "eps_4q_growth_year": 81.52,
            "roe": -0.44,
            "roe_4q": 3.05,
            "gross_profit": 27181,
            "gross_margin": 1.69,
            "gross_margin_4q_avg": 2.83,
            "net_income": -10950,
            "net_income_4q": null,
            "revenue": 1606924,
            "revenue_4q": null,
            "common_shares": 1067682,
            "book_valuer_per_share": 23.06,
            "book_valuer_per_share_4q_avg": 23.29,
            "equity": 2461976,
            "current_ratio": 226.38,
            "debt_ratio": 33,
            "inventory_turnover_ratio": 0.99,
            "account_receivable_turnover_ratio": 3.43,
            "reinvestment_rate": 185.44,
            "research_to_sale_ratio": 0.15,
            "price_fair": 89.29,
            "eps_avg_yearly": 2.55,
            "eps_latest_yearly": 1.8,
            "eps_growth_yearly": 400.81
        },
        "20123": {
            "year_quarter": 20123,
            "year": 2012,
            "quarter": 3,
            "eps": 0.25,
            "eps_growth_year": -44.46,
            "eps_4q": 0.5,
            "eps_4q_growth_year": -1.23,
            "roe": 1.07,
            "roe_4q": 2.1799999999999997,
            "gross_profit": 84881,
            "gross_margin": 4.08,
            "gross_margin_4q_avg": 3.06,
            "net_income": 26565,
            "net_income_4q": null,
            "revenue": 2078490,
            "revenue_4q": null,
            "common_shares": 1067682,
            "book_valuer_per_share": 23.28,
            "book_valuer_per_share_4q_avg": 23.07,
            "equity": 2486041,
            "current_ratio": 288.94,
            "debt_ratio": 25.26,
            "inventory_turnover_ratio": 1.43,
            "account_receivable_turnover_ratio": 4.8,
            "reinvestment_rate": 195.5,
            "research_to_sale_ratio": 0.14,
            "price_fair": 89.25,
            "eps_avg_yearly": 2.55,
            "eps_latest_yearly": 1.8,
            "eps_growth_yearly": 431.34
        },
        "20124": {
            "year_quarter": 20124,
            "year": 2012,
            "quarter": 4,
            "eps": -0.18,
            "eps_growth_year": null,
            "eps_4q": 0.47,
            "eps_4q_growth_year": null,
            "roe": -0.78,
            "roe_4q": 1.98,
            "gross_profit": 20218,
            "gross_margin": 1.83,
            "gross_margin_4q_avg": 3.28,
            "net_income": -19018,
            "net_income_4q": null,
            "revenue": 1106220,
            "revenue_4q": null,
            "common_shares": 1067682,
            "book_valuer_per_share": 22.98,
            "book_valuer_per_share_4q_avg": 23.13,
            "equity": 2397332,
            "current_ratio": 273.66,
            "debt_ratio": 25.82,
            "inventory_turnover_ratio": 0.82,
            "account_receivable_turnover_ratio": 3.6,
            "reinvestment_rate": 209.82,
            "research_to_sale_ratio": 0.21,
            "price_fair": 89.25,
            "eps_avg_yearly": 2.55,
            "eps_latest_yearly": 1.8,
            "eps_growth_yearly": 431.34
        },
        "20131": {
            "year_quarter": 20131,
            "year": 2013,
            "quarter": 1,
            "eps": 0.06,
            "eps_growth_year": -87.76,
            "eps_4q": 0.03,
            "eps_4q_growth_year": -96.48,
            "roe": 0.28,
            "roe_4q": 0.13000000000000006,
            "gross_profit": 35291,
            "gross_margin": 2.93,
            "gross_margin_4q_avg": 2.63,
            "net_income": 6574,
            "net_income_4q": null,
            "revenue": 1206462,
            "revenue_4q": null,
            "common_shares": 1031812,
            "book_valuer_per_share": 22.92,
            "book_valuer_per_share_4q_avg": 23.06,
            "equity": 2365219,
            "current_ratio": 273.15,
            "debt_ratio": 30.13,
            "inventory_turnover_ratio": 0.75,
            "account_receivable_turnover_ratio": 5.42,
            "reinvestment_rate": 80.79,
            "research_to_sale_ratio": 0.12,
            "price_fair": 89.25,
            "eps_avg_yearly": 2.55,
            "eps_latest_yearly": 1.8,
            "eps_growth_yearly": 431.34
        },
        "20132": {
            "year_quarter": 20132,
            "year": 2013,
            "quarter": 2,
            "eps": -0.89,
            "eps_growth_year": null,
            "eps_4q": -0.75,
            "eps_4q_growth_year": -206.73,
            "roe": -3.98,
            "roe_4q": -3.41,
            "gross_profit": -55598,
            "gross_margin": -4.65,
            "gross_margin_4q_avg": 1.05,
            "net_income": -91731,
            "net_income_4q": null,
            "revenue": 1195298,
            "revenue_4q": null,
            "common_shares": 1031812,
            "book_valuer_per_share": 21.78,
            "book_valuer_per_share_4q_avg": 22.74,
            "equity": 2248010,
            "current_ratio": 300.89,
            "debt_ratio": 36.55,
            "inventory_turnover_ratio": 0.8,
            "account_receivable_turnover_ratio": 5.23,
            "reinvestment_rate": 188.65,
            "research_to_sale_ratio": 0.11,
            "price_fair": 85.8,
            "eps_avg_yearly": 2.45,
            "eps_latest_yearly": 1.8,
            "eps_growth_yearly": 395.82
        },
        "20133": {
            "year_quarter": 20133,
            "year": 2013,
            "quarter": 3,
            "eps": 0.84,
            "eps_growth_year": 237.59,
            "eps_4q": -0.17,
            "eps_4q_growth_year": -133.14,
            "roe": 3.8,
            "roe_4q": -0.6800000000000002,
            "gross_profit": 123768,
            "gross_margin": 12.27,
            "gross_margin_4q_avg": 3.1,
            "net_income": 86985,
            "net_income_4q": null,
            "revenue": 1008562,
            "revenue_4q": null,
            "common_shares": 1031812,
            "book_valuer_per_share": 22.6,
            "book_valuer_per_share_4q_avg": 22.57,
            "equity": 2332511,
            "current_ratio": 377.73,
            "debt_ratio": 31.68,
            "inventory_turnover_ratio": 0.62,
            "account_receivable_turnover_ratio": 5.44,
            "reinvestment_rate": 224.13,
            "research_to_sale_ratio": 0.07,
            "price_fair": 77.93,
            "eps_avg_yearly": 2.23,
            "eps_latest_yearly": 1.8,
            "eps_growth_yearly": 450.27
        },
        "20134": {
            "year_quarter": 20134,
            "year": 2013,
            "quarter": 4,
            "eps": -0.63,
            "eps_growth_year": null,
            "eps_4q": -0.61,
            "eps_4q_growth_year": -230.39,
            "roe": -2.8,
            "roe_4q": -2.7,
            "gross_profit": -43923,
            "gross_margin": -4.87,
            "gross_margin_4q_avg": 1.42,
            "net_income": -64792,
            "net_income_4q": null,
            "revenue": 901488,
            "revenue_4q": null,
            "common_shares": 1032082,
            "book_valuer_per_share": 22.27,
            "book_valuer_per_share_4q_avg": 22.39,
            "equity": 2299117,
            "current_ratio": 328.33,
            "debt_ratio": 31.11,
            "inventory_turnover_ratio": 0.75,
            "account_receivable_turnover_ratio": 7.23,
            "reinvestment_rate": 277.53,
            "research_to_sale_ratio": 0.01,
            "price_fair": 78.68,
            "eps_avg_yearly": 2.25,
            "eps_latest_yearly": 1.8,
            "eps_growth_yearly": 575.69
        },
        "20141": {
            "year_quarter": 20141,
            "year": 2014,
            "quarter": 1,
            "eps": 0.12,
            "eps_growth_year": 100,
            "eps_4q": -0.56,
            "eps_4q_growth_year": -1914.33,
            "roe": 0.52,
            "roe_4q": -2.46,
            "gross_profit": 47498,
            "gross_margin": 7.18,
            "gross_margin_4q_avg": 2.48,
            "net_income": 12077,
            "net_income_4q": null,
            "revenue": 661912,
            "revenue_4q": null,
            "common_shares": 1032082,
            "book_valuer_per_share": 22.38,
            "book_valuer_per_share_4q_avg": 22.26,
            "equity": 2309812,
            "current_ratio": 351.02,
            "debt_ratio": 28.86,
            "inventory_turnover_ratio": 0.56,
            "account_receivable_turnover_ratio": 8.41,
            "reinvestment_rate": 489.75,
            "research_to_sale_ratio": 0,
            "price_fair": 73.15,
            "eps_avg_yearly": 2.09,
            "eps_latest_yearly": 1.8,
            "eps_growth_yearly": 683.76
        },
        "20142": {
            "year_quarter": 20142,
            "year": 2014,
            "quarter": 2,
            "eps": 0.01,
            "eps_growth_year": null,
            "eps_4q": 0.34,
            "eps_4q_growth_year": null,
            "roe": 0.06,
            "roe_4q": 1.58,
            "gross_profit": 37507,
            "gross_margin": 5.86,
            "gross_margin_4q_avg": 5.11,
            "net_income": 1280,
            "net_income_4q": null,
            "revenue": 639967,
            "revenue_4q": null,
            "common_shares": 1032082,
            "book_valuer_per_share": 22.35,
            "book_valuer_per_share_4q_avg": 22.4,
            "equity": 2306573,
            "current_ratio": 295.41,
            "debt_ratio": 33.87,
            "inventory_turnover_ratio": 0.54,
            "account_receivable_turnover_ratio": 12.91,
            "reinvestment_rate": 987.83,
            "research_to_sale_ratio": 0.06,
            "price_fair": 50.75,
            "eps_avg_yearly": 1.45,
            "eps_latest_yearly": 0.04,
            "eps_growth_yearly": 601.82
        },
        "20143": {
            "year_quarter": 20143,
            "year": 2014,
            "quarter": 3,
            "eps": 0.05,
            "eps_growth_year": -94.05,
            "eps_4q": -0.45,
            "eps_4q_growth_year": null,
            "roe": 0.21,
            "roe_4q": -2.01,
            "gross_profit": 41371,
            "gross_margin": 6.29,
            "gross_margin_4q_avg": 3.62,
            "net_income": 4842,
            "net_income_4q": null,
            "revenue": 657955,
            "revenue_4q": null,
            "common_shares": 1032082,
            "book_valuer_per_share": 22.46,
            "book_valuer_per_share_4q_avg": 22.37,
            "equity": 2318745,
            "current_ratio": 362.68,
            "debt_ratio": 37.95,
            "inventory_turnover_ratio": 0.47,
            "account_receivable_turnover_ratio": 11.66,
            "reinvestment_rate": 1849.65,
            "research_to_sale_ratio": 0.15,
            "price_fair": 40.6,
            "eps_avg_yearly": 1.16,
            "eps_latest_yearly": 0.2,
            "eps_growth_yearly": 1049.51
        },
        "20144": {
            "year_quarter": 20144,
            "year": 2014,
            "quarter": 4,
            "eps": 0.19,
            "eps_growth_year": null,
            "eps_4q": 0.36,
            "eps_4q_growth_year": null,
            "roe": 0.83,
            "roe_4q": 1.62,
            "gross_profit": 48120,
            "gross_margin": 5.22,
            "gross_margin_4q_avg": 6.14,
            "net_income": 19264,
            "net_income_4q": null,
            "revenue": 922523,
            "revenue_4q": null,
            "common_shares": 1032082,
            "book_valuer_per_share": 22.73,
            "book_valuer_per_share_4q_avg": 22.48,
            "equity": 2345855,
            "current_ratio": 343.37,
            "debt_ratio": 37.28,
            "inventory_turnover_ratio": 0.64,
            "account_receivable_turnover_ratio": 16.3,
            "reinvestment_rate": null,
            "research_to_sale_ratio": 0.12,
            "price_fair": 24.5,
            "eps_avg_yearly": 0.7,
            "eps_latest_yearly": 0.76,
            "eps_growth_yearly": 1238.33
        },
        "20151": {
            "year_quarter": 20151,
            "year": 2015,
            "quarter": 1,
            "eps": 0.08,
            "eps_growth_year": -33.33,
            "eps_4q": 0.33,
            "eps_4q_growth_year": null,
            "roe": 0.37,
            "roe_4q": 1.47,
            "gross_profit": 44159,
            "gross_margin": 5.81,
            "gross_margin_4q_avg": 5.8,
            "net_income": 8686,
            "net_income_4q": null,
            "revenue": 759412,
            "revenue_4q": null,
            "common_shares": 1032082,
            "book_valuer_per_share": 22.78,
            "book_valuer_per_share_4q_avg": 22.58,
            "equity": 2351696,
            "current_ratio": 304.64,
            "debt_ratio": 38.08,
            "inventory_turnover_ratio": 0.57,
            "account_receivable_turnover_ratio": 13.91,
            "reinvestment_rate": 1250.21,
            "research_to_sale_ratio": 0.13,
            "price_fair": 21.84,
            "eps_avg_yearly": 0.62,
            "eps_latest_yearly": 0.32,
            "eps_growth_yearly": 944.35
        },
        "20152": {
            "year_quarter": 20152,
            "year": 2015,
            "quarter": 2,
            "eps": -0.35,
            "eps_growth_year": -3600,
            "eps_4q": -0.03,
            "eps_4q_growth_year": -108.27,
            "roe": -1.53,
            "roe_4q": -0.12000000000000019,
            "gross_profit": -3176,
            "gross_margin": -0.52,
            "gross_margin_4q_avg": 4.2,
            "net_income": -35735,
            "net_income_4q": null,
            "revenue": 609914,
            "revenue_4q": null,
            "common_shares": 1032082,
            "book_valuer_per_share": 22.4,
            "book_valuer_per_share_4q_avg": 22.59,
            "equity": 2312398,
            "current_ratio": 273.22,
            "debt_ratio": 38.56,
            "inventory_turnover_ratio": 0.5,
            "account_receivable_turnover_ratio": 12.08,
            "reinvestment_rate": 3245.57,
            "research_to_sale_ratio": 0.15,
            "price_fair": 21.84,
            "eps_avg_yearly": 0.62,
            "eps_latest_yearly": 0.32,
            "eps_growth_yearly": 944.35
        },
        "20153": {
            "year_quarter": 20153,
            "year": 2015,
            "quarter": 3,
            "eps": -0.23,
            "eps_growth_year": -560,
            "eps_4q": -0.3,
            "eps_4q_growth_year": null,
            "roe": -1.02,
            "roe_4q": -1.3499999999999996,
            "gross_profit": -4655,
            "gross_margin": -1.04,
            "gross_margin_4q_avg": 2.37,
            "net_income": -23414,
            "net_income_4q": null,
            "revenue": 447378,
            "revenue_4q": null,
            "common_shares": 1032082,
            "book_valuer_per_share": 22.27,
            "book_valuer_per_share_4q_avg": 22.55,
            "equity": 2299173,
            "current_ratio": 276.26,
            "debt_ratio": 37.88,
            "inventory_turnover_ratio": 0.39,
            "account_receivable_turnover_ratio": 10.97,
            "reinvestment_rate": null,
            "research_to_sale_ratio": 0.15,
            "price_fair": 11.55,
            "eps_avg_yearly": 0.33,
            "eps_latest_yearly": 0.32,
            "eps_growth_yearly": 530.44
        },
        "20154": {
            "year_quarter": 20154,
            "year": 2015,
            "quarter": 4,
            "eps": -0.74,
            "eps_growth_year": -498.64,
            "eps_4q": -1.23,
            "eps_4q_growth_year": -439.67,
            "roe": -3.4,
            "roe_4q": -5.58,
            "gross_profit": -50301,
            "gross_margin": -10.05,
            "gross_margin_4q_avg": -1.45,
            "net_income": -76809,
            "net_income_4q": null,
            "revenue": 500554,
            "revenue_4q": null,
            "common_shares": 1032082,
            "book_valuer_per_share": 21.47,
            "book_valuer_per_share_4q_avg": 22.23,
            "equity": 2216544,
            "current_ratio": 267.97,
            "debt_ratio": 37.69,
            "inventory_turnover_ratio": 0.5,
            "account_receivable_turnover_ratio": 12.46,
            "reinvestment_rate": null,
            "research_to_sale_ratio": 0.11,
            "price_fair": 11.55,
            "eps_avg_yearly": 0.33,
            "eps_latest_yearly": 0.32,
            "eps_growth_yearly": 530.44
        },
        "20161": {
            "year_quarter": 20161,
            "year": 2016,
            "quarter": 1,
            "eps": -0.1,
            "eps_growth_year": -225,
            "eps_4q": -1.41,
            "eps_4q_growth_year": -527.76,
            "roe": -0.44,
            "roe_4q": -6.39,
            "gross_profit": 18051,
            "gross_margin": 3.06,
            "gross_margin_4q_avg": -2.14,
            "net_income": -9809,
            "net_income_4q": null,
            "revenue": 590578,
            "revenue_4q": null,
            "common_shares": 1032082,
            "book_valuer_per_share": 21.37,
            "book_valuer_per_share_4q_avg": 21.88,
            "equity": 2205797,
            "current_ratio": 205.72,
            "debt_ratio": 42.08,
            "inventory_turnover_ratio": 0.5,
            "account_receivable_turnover_ratio": 13.74,
            "reinvestment_rate": null,
            "research_to_sale_ratio": 0.09,
            "price_fair": 11.55,
            "eps_avg_yearly": 0.33,
            "eps_latest_yearly": 0.32,
            "eps_growth_yearly": 530.44
        },
        "20162": {
            "year_quarter": 20162,
            "year": 2016,
            "quarter": 2,
            "eps": 0.24,
            "eps_growth_year": null,
            "eps_4q": -0.83,
            "eps_4q_growth_year": null,
            "roe": 1.1,
            "roe_4q": -3.76,
            "gross_profit": 52572,
            "gross_margin": 7.23,
            "gross_margin_4q_avg": -0.2,
            "net_income": 24283,
            "net_income_4q": null,
            "revenue": 727058,
            "revenue_4q": null,
            "common_shares": 1032082,
            "book_valuer_per_share": 21.55,
            "book_valuer_per_share_4q_avg": 21.67,
            "equity": 2224343,
            "current_ratio": 220.2,
            "debt_ratio": 39.98,
            "inventory_turnover_ratio": 0.58,
            "account_receivable_turnover_ratio": 13.4,
            "reinvestment_rate": null,
            "research_to_sale_ratio": 0.06,
            "price_fair": 11.55,
            "eps_avg_yearly": 0.33,
            "eps_latest_yearly": 0.32,
            "eps_growth_yearly": 530.44
        },
        "20163": {
            "year_quarter": 20163,
            "year": 2016,
            "quarter": 3,
            "eps": -0.19,
            "eps_growth_year": null,
            "eps_4q": -0.8,
            "eps_4q_growth_year": null,
            "roe": -0.91,
            "roe_4q": -3.65,
            "gross_profit": 14546,
            "gross_margin": 2.17,
            "gross_margin_4q_avg": 0.6,
            "net_income": -20117,
            "net_income_4q": null,
            "revenue": 669160,
            "revenue_4q": null,
            "common_shares": 1032082,
            "book_valuer_per_share": 21.29,
            "book_valuer_per_share_4q_avg": 21.42,
            "equity": 2197699,
            "current_ratio": 209.44,
            "debt_ratio": 40.45,
            "inventory_turnover_ratio": 0.56,
            "account_receivable_turnover_ratio": 10.89,
            "reinvestment_rate": null,
            "research_to_sale_ratio": 0.07,
            "price_fair": 11.55,
            "eps_avg_yearly": 0.33,
            "eps_latest_yearly": 0.32,
            "eps_growth_yearly": 530.44
        },
        "20164": {
            "year_quarter": 20164,
            "year": 2016,
            "quarter": 4,
            "eps": -1.17,
            "eps_growth_year": null,
            "eps_4q": -1.22,
            "eps_4q_growth_year": null,
            "roe": -5.66,
            "roe_4q": -5.910000000000001,
            "gross_profit": -105920,
            "gross_margin": -27.64,
            "gross_margin_4q_avg": -3.8,
            "net_income": -120746,
            "net_income_4q": null,
            "revenue": 383177,
            "revenue_4q": null,
            "common_shares": 1032082,
            "book_valuer_per_share": 20.07,
            "book_valuer_per_share_4q_avg": 21.07,
            "equity": 2071857,
            "current_ratio": 149.96,
            "debt_ratio": 44.1,
            "inventory_turnover_ratio": 0.41,
            "account_receivable_turnover_ratio": 7.91,
            "reinvestment_rate": null,
            "research_to_sale_ratio": 0.11,
            "price_fair": 11.55,
            "eps_avg_yearly": 0.33,
            "eps_latest_yearly": 0.32,
            "eps_growth_yearly": 530.44
        },
        "20171": {
            "year_quarter": 20171,
            "year": 2017,
            "quarter": 1,
            "eps": -0.26,
            "eps_growth_year": null,
            "eps_4q": -1.39,
            "eps_4q_growth_year": null,
            "roe": -1.28,
            "roe_4q": -6.75,
            "gross_profit": 2964,
            "gross_margin": 0.47,
            "gross_margin_4q_avg": -4.44,
            "net_income": -26373,
            "net_income_4q": null,
            "revenue": 624635,
            "revenue_4q": null,
            "common_shares": 1032082,
            "book_valuer_per_share": 19.73,
            "book_valuer_per_share_4q_avg": 20.66,
            "equity": 2036792,
            "current_ratio": 180.82,
            "debt_ratio": 41.77,
            "inventory_turnover_ratio": 0.56,
            "account_receivable_turnover_ratio": 19.95,
            "reinvestment_rate": null,
            "research_to_sale_ratio": 0.08,
            "price_fair": 11.55,
            "eps_avg_yearly": 0.33,
            "eps_latest_yearly": 0.32,
            "eps_growth_yearly": 530.44
        },
        "20172": {
            "year_quarter": 20172,
            "year": 2017,
            "quarter": 2,
            "eps": -0.39,
            "eps_growth_year": -262.5,
            "eps_4q": -2.01,
            "eps_4q_growth_year": null,
            "roe": -2,
            "roe_4q": -9.850000000000001,
            "gross_profit": -8024,
            "gross_margin": -1.67,
            "gross_margin_4q_avg": -6.67,
            "net_income": -40368,
            "net_income_4q": null,
            "revenue": 481024,
            "revenue_4q": null,
            "common_shares": 1032082,
            "book_valuer_per_share": 19.37,
            "book_valuer_per_share_4q_avg": 20.12,
            "equity": 1999718,
            "current_ratio": 166.13,
            "debt_ratio": 42.39,
            "inventory_turnover_ratio": 0.47,
            "account_receivable_turnover_ratio": 19.56,
            "reinvestment_rate": null,
            "research_to_sale_ratio": 0.13,
            "price_fair": 11.55,
            "eps_avg_yearly": 0.33,
            "eps_latest_yearly": 0.32,
            "eps_growth_yearly": 530.44
        },
        "20173": {
            "year_quarter": 20173,
            "year": 2017,
            "quarter": 3,
            "eps": 0.09,
            "eps_growth_year": null,
            "eps_4q": -1.73,
            "eps_4q_growth_year": null,
            "roe": 0.44,
            "roe_4q": -8.5,
            "gross_profit": 40345,
            "gross_margin": 7.25,
            "gross_margin_4q_avg": -5.4,
            "net_income": 8871,
            "net_income_4q": null,
            "revenue": 556694,
            "revenue_4q": null,
            "common_shares": 1032082,
            "book_valuer_per_share": 19.48,
            "book_valuer_per_share_4q_avg": 19.66,
            "equity": 2011171,
            "current_ratio": 160.37,
            "debt_ratio": 43.53,
            "inventory_turnover_ratio": 0.52,
            "account_receivable_turnover_ratio": 22.51,
            "reinvestment_rate": null,
            "research_to_sale_ratio": 0.06,
            "price_fair": 11.55,
            "eps_avg_yearly": 0.33,
            "eps_latest_yearly": 0.32,
            "eps_growth_yearly": 530.44
        },
        "20174": {
            "year_quarter": 20174,
            "year": 2017,
            "quarter": 4,
            "eps": -0.28,
            "eps_growth_year": null,
            "eps_4q": -0.84,
            "eps_4q_growth_year": null,
            "roe": -1.44,
            "roe_4q": -4.28,
            "gross_profit": -178,
            "gross_margin": -0.04,
            "gross_margin_4q_avg": 1.5,
            "net_income": -28782,
            "net_income_4q": null,
            "revenue": 505160,
            "revenue_4q": null,
            "common_shares": 1032082,
            "book_valuer_per_share": 19.21,
            "book_valuer_per_share_4q_avg": 19.45,
            "equity": 1982389,
            "current_ratio": 158.44,
            "debt_ratio": 43.09,
            "inventory_turnover_ratio": 0.52,
            "account_receivable_turnover_ratio": 17.66,
            "reinvestment_rate": null,
            "research_to_sale_ratio": 0.06,
            "price_fair": 11.55,
            "eps_avg_yearly": 0.33,
            "eps_latest_yearly": 0.32,
            "eps_growth_yearly": 530.44
        },
        "20181": {
            "year_quarter": 20181,
            "year": 2018,
            "quarter": 1,
            "eps": -0.44,
            "eps_growth_year": null,
            "eps_4q": -1.02,
            "eps_4q_growth_year": null,
            "roe": -2.31,
            "roe_4q": -5.3100000000000005,
            "gross_profit": -15202,
            "gross_margin": -3.65,
            "gross_margin_4q_avg": 0.47,
            "net_income": -45317,
            "net_income_4q": null,
            "revenue": 416150,
            "revenue_4q": null,
            "common_shares": 1032082,
            "book_valuer_per_share": 18.79,
            "book_valuer_per_share_4q_avg": 19.21,
            "equity": 1939054,
            "current_ratio": 155.17,
            "debt_ratio": 42.77,
            "inventory_turnover_ratio": 0.45,
            "account_receivable_turnover_ratio": 15.51,
            "reinvestment_rate": null,
            "research_to_sale_ratio": 0.14,
            "price_fair": 11.55,
            "eps_avg_yearly": 0.33,
            "eps_latest_yearly": 0.32,
            "eps_growth_yearly": 530.44
        },
        "20182": {
            "year_quarter": 20182,
            "year": 2018,
            "quarter": 2,
            "eps": -0.29,
            "eps_growth_year": null,
            "eps_4q": -0.92,
            "eps_4q_growth_year": null,
            "roe": -1.57,
            "roe_4q": -4.88,
            "gross_profit": -3269,
            "gross_margin": -0.56,
            "gross_margin_4q_avg": 0.75,
            "net_income": -30160,
            "net_income_4q": null,
            "revenue": 585915,
            "revenue_4q": null,
            "common_shares": 1032082,
            "book_valuer_per_share": 18.48,
            "book_valuer_per_share_4q_avg": 18.99,
            "equity": 1907044,
            "current_ratio": 156.49,
            "debt_ratio": 41.38,
            "inventory_turnover_ratio": 0.63,
            "account_receivable_turnover_ratio": 19.42,
            "reinvestment_rate": null,
            "research_to_sale_ratio": 0.18,
            "price_fair": 14.93,
            "eps_avg_yearly": 0.43,
            "eps_latest_yearly": 0.32,
            "eps_growth_yearly": 829.47
        },
        "20183": {
            "year_quarter": 20183,
            "year": 2018,
            "quarter": 3,
            "eps": -1.71,
            "eps_growth_year": -2000,
            "eps_4q": -2.72,
            "eps_4q_growth_year": null,
            "roe": -9.71,
            "roe_4q": -15.030000000000001,
            "gross_profit": -38248,
            "gross_margin": -5.55,
            "gross_margin_4q_avg": -2.45,
            "net_income": -176267,
            "net_income_4q": null,
            "revenue": 689016,
            "revenue_4q": null,
            "common_shares": 1032082,
            "book_valuer_per_share": 16.71,
            "book_valuer_per_share_4q_avg": 18.3,
            "equity": 1725227,
            "current_ratio": 118.04,
            "debt_ratio": 47.39,
            "inventory_turnover_ratio": 0.81,
            "account_receivable_turnover_ratio": 19.34,
            "reinvestment_rate": null,
            "research_to_sale_ratio": 0.23,
            "price_fair": 18.9,
            "eps_avg_yearly": 0.54,
            "eps_latest_yearly": 0.32,
            "eps_growth_yearly": 444.21
        },
        "20184": {
            "year_quarter": 20184,
            "year": 2018,
            "quarter": 4,
            "eps": -0.18,
            "eps_growth_year": null,
            "eps_4q": -2.62,
            "eps_4q_growth_year": null,
            "roe": -1.08,
            "roe_4q": -14.670000000000002,
            "gross_profit": 11454,
            "gross_margin": 2.65,
            "gross_margin_4q_avg": -1.78,
            "net_income": -18507,
            "net_income_4q": null,
            "revenue": 432147,
            "revenue_4q": null,
            "common_shares": 1032082,
            "book_valuer_per_share": 16.54,
            "book_valuer_per_share_4q_avg": 17.63,
            "equity": 1707118,
            "current_ratio": 126.51,
            "debt_ratio": 45.41,
            "inventory_turnover_ratio": 0.53,
            "account_receivable_turnover_ratio": 14.45,
            "reinvestment_rate": null,
            "research_to_sale_ratio": 0.08,
            "price_fair": 0.96,
            "eps_avg_yearly": 0.32,
            "eps_latest_yearly": 0.32,
            "eps_growth_yearly": -231.58
        },
        "20191": {
            "year_quarter": 20191,
            "year": 2019,
            "quarter": 1,
            "eps": 0.05,
            "eps_growth_year": null,
            "eps_4q": -2.13,
            "eps_4q_growth_year": null,
            "roe": 0.31,
            "roe_4q": -12.05,
            "gross_profit": 30758,
            "gross_margin": 6.99,
            "gross_margin_4q_avg": 0.88,
            "net_income": 5271,
            "net_income_4q": null,
            "revenue": 440087,
            "revenue_4q": null,
            "common_shares": 1032082,
            "book_valuer_per_share": 16.62,
            "book_valuer_per_share_4q_avg": 17.09,
            "equity": 1715915,
            "current_ratio": 129.41,
            "debt_ratio": 43.89,
            "inventory_turnover_ratio": 0.6,
            "account_receivable_turnover_ratio": 14.82,
            "reinvestment_rate": null,
            "research_to_sale_ratio": 0.08,
            "price_fair": 0,
            "eps_avg_yearly": 0,
            "eps_latest_yearly": 0,
            "eps_growth_yearly": 0
        },
        "20192": {
            "year_quarter": 20192,
            "year": 2019,
            "quarter": 2,
            "eps": 0.21,
            "eps_growth_year": null,
            "eps_4q": -1.62,
            "eps_4q_growth_year": null,
            "roe": 1.27,
            "roe_4q": -9.21,
            "gross_profit": 1922,
            "gross_margin": 0.49,
            "gross_margin_4q_avg": 1.15,
            "net_income": 21895,
            "net_income_4q": null,
            "revenue": 393427,
            "revenue_4q": null,
            "common_shares": 1032082,
            "book_valuer_per_share": 16.82,
            "book_valuer_per_share_4q_avg": 16.67,
            "equity": 1735982,
            "current_ratio": 134.61,
            "debt_ratio": 41.86,
            "inventory_turnover_ratio": 0.59,
            "account_receivable_turnover_ratio": 14.13,
            "reinvestment_rate": null,
            "research_to_sale_ratio": 0.13,
            "price_fair": 29.4,
            "eps_avg_yearly": 0.84,
            "eps_latest_yearly": 0.84,
            "eps_growth_yearly": 1280
        },
        "20193": {
            "year_quarter": 20193,
            "year": 2019,
            "quarter": 3,
            "eps": 0.08,
            "eps_growth_year": null,
            "eps_4q": 0.16,
            "eps_4q_growth_year": null,
            "roe": 0.44,
            "roe_4q": 0.94,
            "gross_profit": 29273,
            "gross_margin": 5.52,
            "gross_margin_4q_avg": 3.91,
            "net_income": 7625,
            "net_income_4q": null,
            "revenue": 530364,
            "revenue_4q": null,
            "common_shares": 1032082,
            "book_valuer_per_share": 16.84,
            "book_valuer_per_share_4q_avg": 16.71,
            "equity": 1738023,
            "current_ratio": 136.2,
            "debt_ratio": 40.86,
            "inventory_turnover_ratio": 0.82,
            "account_receivable_turnover_ratio": 20.92,
            "reinvestment_rate": null,
            "research_to_sale_ratio": 0.06,
            "price_fair": 20.3,
            "eps_avg_yearly": 0.58,
            "eps_latest_yearly": 0.32,
            "eps_growth_yearly": 516.19
        },
        "20194": {
            "year_quarter": 20194,
            "year": 2019,
            "quarter": 4,
            "eps": -0.24,
            "eps_growth_year": null,
            "eps_4q": 0.1,
            "eps_4q_growth_year": null,
            "roe": -1.43,
            "roe_4q": 0.5900000000000001,
            "gross_profit": 2117,
            "gross_margin": 0.59,
            "gross_margin_4q_avg": 3.4,
            "net_income": -24605,
            "net_income_4q": null,
            "revenue": 359832,
            "revenue_4q": null,
            "common_shares": 1032082,
            "book_valuer_per_share": 16.58,
            "book_valuer_per_share_4q_avg": 16.72,
            "equity": 1711762,
            "current_ratio": 129.49,
            "debt_ratio": 41.51,
            "inventory_turnover_ratio": 0.64,
            "account_receivable_turnover_ratio": 11.83,
            "reinvestment_rate": null,
            "research_to_sale_ratio": 0.1,
            "price_fair": 20.3,
            "eps_avg_yearly": 0.58,
            "eps_latest_yearly": 0.32,
            "eps_growth_yearly": 516.19
        },
        "20201": {
            "year_quarter": 20201,
            "year": 2020,
            "quarter": 1,
            "eps": -0.47,
            "eps_growth_year": -1040,
            "eps_4q": -0.43,
            "eps_4q_growth_year": null,
            "roe": -2.9,
            "roe_4q": -2.62,
            "gross_profit": -31619,
            "gross_margin": -8.2,
            "gross_margin_4q_avg": -0.4,
            "net_income": -48927,
            "net_income_4q": null,
            "revenue": 385808,
            "revenue_4q": null,
            "common_shares": 1032082,
            "book_valuer_per_share": 16.1,
            "book_valuer_per_share_4q_avg": 16.59,
            "equity": 1661365,
            "current_ratio": 116.79,
            "debt_ratio": 44.78,
            "inventory_turnover_ratio": 0.72,
            "account_receivable_turnover_ratio": 11.24,
            "reinvestment_rate": null,
            "research_to_sale_ratio": 0.15,
            "price_fair": 20.3,
            "eps_avg_yearly": 0.58,
            "eps_latest_yearly": 0.32,
            "eps_growth_yearly": 516.19
        },
        "20202": {
            "year_quarter": 20202,
            "year": 2020,
            "quarter": 2,
            "eps": -0.55,
            "eps_growth_year": -361.9,
            "eps_4q": -1.19,
            "eps_4q_growth_year": null,
            "roe": -3.46,
            "roe_4q": -7.349999999999999,
            "gross_profit": -32000,
            "gross_margin": -9.29,
            "gross_margin_4q_avg": -2.85,
            "net_income": -56424,
            "net_income_4q": null,
            "revenue": 344494,
            "revenue_4q": null,
            "common_shares": 1032082,
            "book_valuer_per_share": 15.53,
            "book_valuer_per_share_4q_avg": 16.26,
            "equity": 1602932,
            "current_ratio": 109.43,
            "debt_ratio": 43.99,
            "inventory_turnover_ratio": 0.64,
            "account_receivable_turnover_ratio": 11.5,
            "reinvestment_rate": null,
            "research_to_sale_ratio": 0.21,
            "price_fair": 20.3,
            "eps_avg_yearly": 0.58,
            "eps_latest_yearly": 0.32,
            "eps_growth_yearly": 516.19
        },
        "20203": {
            "year_quarter": 20203,
            "year": 2020,
            "quarter": 3,
            "eps": 0.2,
            "eps_growth_year": 150,
            "eps_4q": -1.06,
            "eps_4q_growth_year": -770.87,
            "roe": 1.28,
            "roe_4q": -6.51,
            "gross_profit": 34199,
            "gross_margin": 2.91,
            "gross_margin_4q_avg": -3.5,
            "net_income": 20673,
            "net_income_4q": null,
            "revenue": 1177022,
            "revenue_4q": null,
            "common_shares": 1032082,
            "book_valuer_per_share": 15.75,
            "book_valuer_per_share_4q_avg": 15.99,
            "equity": 1625927,
            "current_ratio": 108.39,
            "debt_ratio": 45.14,
            "inventory_turnover_ratio": 1.8,
            "account_receivable_turnover_ratio": 50.62,
            "reinvestment_rate": null,
            "research_to_sale_ratio": 0.06,
            "price_fair": 20.3,
            "eps_avg_yearly": 0.58,
            "eps_latest_yearly": 0.32,
            "eps_growth_yearly": 516.19
        },
        "20204": {
            "year_quarter": 20204,
            "year": 2020,
            "quarter": 4,
            "eps": -0.37,
            "eps_growth_year": null,
            "eps_4q": -1.19,
            "eps_4q_growth_year": -1309.88,
            "roe": -2.4,
            "roe_4q": -7.48,
            "gross_profit": -4554,
            "gross_margin": -0.42,
            "gross_margin_4q_avg": -3.75,
            "net_income": -38625,
            "net_income_4q": null,
            "revenue": 1097252,
            "revenue_4q": null,
            "common_shares": 1032082,
            "book_valuer_per_share": 15.4,
            "book_valuer_per_share_4q_avg": 15.7,
            "equity": 1589279,
            "current_ratio": 102.6,
            "debt_ratio": 44.86,
            "inventory_turnover_ratio": 1.65,
            "account_receivable_turnover_ratio": 59.21,
            "reinvestment_rate": null,
            "research_to_sale_ratio": 0.07,
            "price_fair": 20.3,
            "eps_avg_yearly": 0.58,
            "eps_latest_yearly": 0.32,
            "eps_growth_yearly": 516.19
        },
        "20211": {
            "year_quarter": 20211,
            "year": 2021,
            "quarter": 1,
            "eps": -0.22,
            "eps_growth_year": null,
            "eps_4q": -0.94,
            "eps_4q_growth_year": null,
            "roe": -1.4,
            "roe_4q": -5.9799999999999995,
            "gross_profit": 10446,
            "gross_margin": 2.27,
            "gross_margin_4q_avg": -1.13,
            "net_income": -22146,
            "net_income_4q": null,
            "revenue": 459519,
            "revenue_4q": null,
            "common_shares": 1032082,
            "book_valuer_per_share": 15.17,
            "book_valuer_per_share_4q_avg": 15.46,
            "equity": 1566151,
            "current_ratio": 96.64,
            "debt_ratio": 46.75,
            "inventory_turnover_ratio": 0.71,
            "account_receivable_turnover_ratio": 10.79,
            "reinvestment_rate": null,
            "research_to_sale_ratio": 0.15,
            "price_fair": 20.3,
            "eps_avg_yearly": 0.58,
            "eps_latest_yearly": 0.32,
            "eps_growth_yearly": 516.19
        },
        "20212": {
            "year_quarter": 20212,
            "year": 2021,
            "quarter": 2,
            "eps": -0.05,
            "eps_growth_year": null,
            "eps_4q": -0.43,
            "eps_4q_growth_year": null,
            "roe": -0.3,
            "roe_4q": -2.8199999999999994,
            "gross_profit": 23332,
            "gross_margin": 6.94,
            "gross_margin_4q_avg": 2.93,
            "net_income": -4762,
            "net_income_4q": null,
            "revenue": 336183,
            "revenue_4q": null,
            "common_shares": 1032082,
            "book_valuer_per_share": 15.12,
            "book_valuer_per_share_4q_avg": 15.36,
            "equity": 1560205,
            "current_ratio": 93.87,
            "debt_ratio": 47.17,
            "inventory_turnover_ratio": 0.49,
            "account_receivable_turnover_ratio": 5.85,
            "reinvestment_rate": null,
            "research_to_sale_ratio": 0.27,
            "price_fair": 20.3,
            "eps_avg_yearly": 0.58,
            "eps_latest_yearly": 0.32,
            "eps_growth_yearly": 516.19
        },
        "20213": {
            "year_quarter": 20213,
            "year": 2021,
            "quarter": 3,
            "eps": -0.37,
            "eps_growth_year": -285,
            "eps_4q": -1,
            "eps_4q_growth_year": null,
            "roe": -2.47,
            "roe_4q": -6.57,
            "gross_profit": -15723,
            "gross_margin": -5.4,
            "gross_margin_4q_avg": 0.85,
            "net_income": -38094,
            "net_income_4q": null,
            "revenue": 291063,
            "revenue_4q": null,
            "common_shares": 1032082,
            "book_valuer_per_share": 14.75,
            "book_valuer_per_share_4q_avg": 15.11,
            "equity": 1521970,
            "current_ratio": 85.41,
            "debt_ratio": 47.94,
            "inventory_turnover_ratio": 0.48,
            "account_receivable_turnover_ratio": 6.09,
            "reinvestment_rate": null,
            "research_to_sale_ratio": 0.39,
            "price_fair": 20.3,
            "eps_avg_yearly": 0.58,
            "eps_latest_yearly": 0.32,
            "eps_growth_yearly": 516.19
        },
        "20214": {
            "year_quarter": 20214,
            "year": 2021,
            "quarter": 4,
            "eps": -0.32,
            "eps_growth_year": null,
            "eps_4q": -0.95,
            "eps_4q_growth_year": null,
            "roe": -2.22,
            "roe_4q": -6.390000000000001,
            "gross_profit": -7854,
            "gross_margin": -1.98,
            "gross_margin_4q_avg": 0.46,
            "net_income": -33385,
            "net_income_4q": null,
            "revenue": 397483,
            "revenue_4q": null,
            "common_shares": 1032082,
            "book_valuer_per_share": 14.46,
            "book_valuer_per_share_4q_avg": 14.88,
            "equity": 1492384,
            "current_ratio": 98.5,
            "debt_ratio": 47.86,
            "inventory_turnover_ratio": 0.73,
            "account_receivable_turnover_ratio": 9.58,
            "reinvestment_rate": null,
            "research_to_sale_ratio": 0.39,
            "price_fair": 20.3,
            "eps_avg_yearly": 0.58,
            "eps_latest_yearly": 0.32,
            "eps_growth_yearly": 516.19
        },
        "20221": {
            "year_quarter": 20221,
            "year": 2022,
            "quarter": 1,
            "eps": -0.15,
            "eps_growth_year": null,
            "eps_4q": -0.89,
            "eps_4q_growth_year": null,
            "roe": -1.05,
            "roe_4q": -6.04,
            "gross_profit": 6564,
            "gross_margin": 1.72,
            "gross_margin_4q_avg": 0.32,
            "net_income": -15584,
            "net_income_4q": null,
            "revenue": 382089,
            "revenue_4q": null,
            "common_shares": 1032082,
            "book_valuer_per_share": 14.35,
            "book_valuer_per_share_4q_avg": 14.67,
            "equity": 1481458,
            "current_ratio": 100.35,
            "debt_ratio": 49.24,
            "inventory_turnover_ratio": 0.78,
            "account_receivable_turnover_ratio": 11.12,
            "reinvestment_rate": null,
            "research_to_sale_ratio": 0.2,
            "price_fair": 20.3,
            "eps_avg_yearly": 0.58,
            "eps_latest_yearly": 0.32,
            "eps_growth_yearly": 516.19
        },
        "20222": {
            "year_quarter": 20222,
            "year": 2022,
            "quarter": 2,
            "eps": -0.24,
            "eps_growth_year": null,
            "eps_4q": -1.09,
            "eps_4q_growth_year": null,
            "roe": -1.72,
            "roe_4q": -7.460000000000001,
            "gross_profit": -107,
            "gross_margin": -0.04,
            "gross_margin_4q_avg": -1.43,
            "net_income": -25268,
            "net_income_4q": null,
            "revenue": 277205,
            "revenue_4q": null,
            "common_shares": 1032082,
            "book_valuer_per_share": 14.09,
            "book_valuer_per_share_4q_avg": 14.41,
            "equity": 1454421,
            "current_ratio": 92.74,
            "debt_ratio": 49.16,
            "inventory_turnover_ratio": 0.56,
            "account_receivable_turnover_ratio": 8.35,
            "reinvestment_rate": null,
            "research_to_sale_ratio": 0.18,
            "price_fair": 20.3,
            "eps_avg_yearly": 0.58,
            "eps_latest_yearly": 0.32,
            "eps_growth_yearly": 516.19
        },
        "20223": {
            "year_quarter": 20223,
            "year": 2022,
            "quarter": 3,
            "eps": -0.28,
            "eps_growth_year": null,
            "eps_4q": -1.01,
            "eps_4q_growth_year": null,
            "roe": -2.06,
            "roe_4q": -7.050000000000001,
            "gross_profit": -6339,
            "gross_margin": -2.57,
            "gross_margin_4q_avg": -0.72,
            "net_income": -29694,
            "net_income_4q": null,
            "revenue": 246696,
            "revenue_4q": null,
            "common_shares": 1032082,
            "book_valuer_per_share": 13.81,
            "book_valuer_per_share_4q_avg": 14.18,
            "equity": 1425687,
            "current_ratio": 87.18,
            "debt_ratio": 50.14,
            "inventory_turnover_ratio": 0.51,
            "account_receivable_turnover_ratio": 8.64,
            "reinvestment_rate": null,
            "research_to_sale_ratio": 0.27,
            "price_fair": 20.3,
            "eps_avg_yearly": 0.58,
            "eps_latest_yearly": 0.32,
            "eps_growth_yearly": 516.19
        },
        "20224": {
            "year_quarter": 20224,
            "year": 2022,
            "quarter": 4,
            "eps": -0.27,
            "eps_growth_year": null,
            "eps_4q": -0.96,
            "eps_4q_growth_year": null,
            "roe": -2,
            "roe_4q": -6.83,
            "gross_profit": 1221,
            "gross_margin": 0.48,
            "gross_margin_4q_avg": -0.1,
            "net_income": -28271,
            "net_income_4q": null,
            "revenue": 255918,
            "revenue_4q": null,
            "common_shares": 1032082,
            "book_valuer_per_share": 13.53,
            "book_valuer_per_share_4q_avg": 13.95,
            "equity": 1396435,
            "current_ratio": 85.51,
            "debt_ratio": 51.33,
            "inventory_turnover_ratio": 0.53,
            "account_receivable_turnover_ratio": 8.79,
            "reinvestment_rate": null,
            "research_to_sale_ratio": 0.19,
            "price_fair": 20.3,
            "eps_avg_yearly": 0.58,
            "eps_latest_yearly": 0.32,
            "eps_growth_yearly": 516.19
        },
        "20231": {
            "year_quarter": 20231,
            "year": 2023,
            "quarter": 1,
            "eps": -0.31,
            "eps_growth_year": null,
            "eps_4q": -1.11,
            "eps_4q_growth_year": null,
            "roe": -2.3,
            "roe_4q": -8.08,
            "gross_profit": -414,
            "gross_margin": -0.16,
            "gross_margin_4q_avg": -0.57,
            "net_income": -31769,
            "net_income_4q": null,
            "revenue": 262585,
            "revenue_4q": null,
            "common_shares": 1032082,
            "book_valuer_per_share": 13.23,
            "book_valuer_per_share_4q_avg": 13.67,
            "equity": 1365281,
            "current_ratio": 90.33,
            "debt_ratio": 54.04,
            "inventory_turnover_ratio": 0.59,
            "account_receivable_turnover_ratio": 8.77,
            "reinvestment_rate": null,
            "research_to_sale_ratio": 0.48,
            "price_fair": 20.3,
            "eps_avg_yearly": 0.58,
            "eps_latest_yearly": 0.32,
            "eps_growth_yearly": 516.19
        },
        "20232": {
            "year_quarter": 20232,
            "year": 2023,
            "quarter": 2,
            "eps": -0.02,
            "eps_growth_year": null,
            "eps_4q": -0.89,
            "eps_4q_growth_year": null,
            "roe": -0.17,
            "roe_4q": -6.529999999999999,
            "gross_profit": 25990,
            "gross_margin": 7.65,
            "gross_margin_4q_avg": 1.35,
            "net_income": -2308,
            "net_income_4q": null,
            "revenue": 339911,
            "revenue_4q": null,
            "common_shares": 1032082,
            "book_valuer_per_share": 13.17,
            "book_valuer_per_share_4q_avg": 13.44,
            "equity": 1359391,
            "current_ratio": 86.65,
            "debt_ratio": 52.1,
            "inventory_turnover_ratio": 0.78,
            "account_receivable_turnover_ratio": 11.24,
            "reinvestment_rate": null,
            "research_to_sale_ratio": 0.37,
            "price_fair": 0.96,
            "eps_avg_yearly": 0.32,
            "eps_latest_yearly": 0.32,
            "eps_growth_yearly": -247.62
        },
        "20233": {
            "year_quarter": 20233,
            "year": 2023,
            "quarter": 3,
            "eps": -0.2,
            "eps_growth_year": null,
            "eps_4q": -0.8,
            "eps_4q_growth_year": null,
            "roe": -1.49,
            "roe_4q": -5.96,
            "gross_profit": 6606,
            "gross_margin": 2.52,
            "gross_margin_4q_avg": 2.62,
            "net_income": -20130,
            "net_income_4q": null,
            "revenue": 262225,
            "revenue_4q": null,
            "common_shares": 1032082,
            "book_valuer_per_share": 13.01,
            "book_valuer_per_share_4q_avg": 13.24,
            "equity": 1342462,
            "current_ratio": 83.1,
            "debt_ratio": 53.75,
            "inventory_turnover_ratio": 0.67,
            "account_receivable_turnover_ratio": 8.56,
            "reinvestment_rate": null,
            "research_to_sale_ratio": 0.38,
            "price_fair": 0,
            "eps_avg_yearly": 0,
            "eps_latest_yearly": 0,
            "eps_growth_yearly": 0
        },
        "20234": {
            "year_quarter": 20234,
            "year": 2023,
            "quarter": 4,
            "eps": -0.27,
            "eps_growth_year": null,
            "eps_4q": -0.79,
            "eps_4q_growth_year": null,
            "roe": -2.07,
            "roe_4q": -6.029999999999999,
            "gross_profit": 7375,
            "gross_margin": 2.68,
            "gross_margin_4q_avg": 3.17,
            "net_income": -27532,
            "net_income_4q": null,
            "revenue": 275361,
            "revenue_4q": null,
            "common_shares": 1032082,
            "book_valuer_per_share": 12.72,
            "book_valuer_per_share_4q_avg": 13.03,
            "equity": 1312788,
            "current_ratio": 73.12,
            "debt_ratio": 53.53,
            "inventory_turnover_ratio": 0.71,
            "account_receivable_turnover_ratio": 9.21,
            "reinvestment_rate": null,
            "research_to_sale_ratio": 0.35,
            "price_fair": 0,
            "eps_avg_yearly": 0,
            "eps_latest_yearly": 0,
            "eps_growth_yearly": 0
        }
    },
    "months": {
        "2003-09": {
            "month": "2003-09",
            "price": "36.00",
            "revenue": 87726
        },
        "2003-10": {
            "month": "2003-10",
            "price": "34.69",
            "revenue": 80924
        },
        "2003-11": {
            "month": "2003-11",
            "price": "33.79",
            "revenue": 84425
        },
        "2003-12": {
            "month": "2003-12",
            "price": "32.25",
            "revenue": 91908
        },
        "2004-01": {
            "month": "2004-01",
            "price": "32.23",
            "revenue": 83670
        },
        "2004-02": {
            "month": "2004-02",
            "price": "36.82",
            "revenue": 74829
        },
        "2004-03": {
            "month": "2004-03",
            "price": "42.93",
            "revenue": 94065
        },
        "2004-04": {
            "month": "2004-04",
            "price": "40.90",
            "revenue": 94738
        },
        "2004-05": {
            "month": "2004-05",
            "price": "35.41",
            "revenue": 94458
        },
        "2004-06": {
            "month": "2004-06",
            "price": "33.56",
            "revenue": 111857
        },
        "2004-07": {
            "month": "2004-07",
            "price": "31.05",
            "revenue": 93624
        },
        "2004-08": {
            "month": "2004-08",
            "price": "28.92",
            "revenue": 97490
        },
        "2004-09": {
            "month": "2004-09",
            "price": "31.82",
            "revenue": 109762
        },
        "2004-10": {
            "month": "2004-10",
            "price": "32.03",
            "revenue": 108161
        },
        "2004-11": {
            "month": "2004-11",
            "price": "30.95",
            "revenue": 102042
        },
        "2004-12": {
            "month": "2004-12",
            "price": "29.44",
            "revenue": 137694
        },
        "2005-01": {
            "month": "2005-01",
            "price": "28.68",
            "revenue": 86217
        },
        "2005-02": {
            "month": "2005-02",
            "price": "29.68",
            "revenue": 88619
        },
        "2005-03": {
            "month": "2005-03",
            "price": "29.45",
            "revenue": 120604
        },
        "2005-04": {
            "month": "2005-04",
            "price": "29.21",
            "revenue": 104614
        },
        "2005-05": {
            "month": "2005-05",
            "price": "29.18",
            "revenue": 106986
        },
        "2005-06": {
            "month": "2005-06",
            "price": "29.64",
            "revenue": 134200
        },
        "2005-07": {
            "month": "2005-07",
            "price": "30.44",
            "revenue": 102765
        },
        "2005-08": {
            "month": "2005-08",
            "price": "34.00",
            "revenue": 143874
        },
        "2005-09": {
            "month": "2005-09",
            "price": "33.69",
            "revenue": 142127
        },
        "2005-10": {
            "month": "2005-10",
            "price": "30.80",
            "revenue": 147307
        },
        "2005-11": {
            "month": "2005-11",
            "price": "33.36",
            "revenue": 156484
        },
        "2005-12": {
            "month": "2005-12",
            "price": "33.71",
            "revenue": 215367
        },
        "2006-01": {
            "month": "2006-01",
            "price": "38.28",
            "revenue": 152520
        },
        "2006-02": {
            "month": "2006-02",
            "price": "35.27",
            "revenue": 132932
        },
        "2006-03": {
            "month": "2006-03",
            "price": "36.06",
            "revenue": 181442
        },
        "2006-04": {
            "month": "2006-04",
            "price": "43.54",
            "revenue": 185285
        },
        "2006-05": {
            "month": "2006-05",
            "price": "62.82",
            "revenue": 182093
        },
        "2006-06": {
            "month": "2006-06",
            "price": "49.31",
            "revenue": 209948
        },
        "2006-07": {
            "month": "2006-07",
            "price": "51.27",
            "revenue": 168583
        },
        "2006-08": {
            "month": "2006-08",
            "price": "46.22",
            "revenue": 250608
        },
        "2006-09": {
            "month": "2006-09",
            "price": "46.24",
            "revenue": 249134
        },
        "2006-10": {
            "month": "2006-10",
            "price": "50.27",
            "revenue": 227313
        },
        "2006-11": {
            "month": "2006-11",
            "price": "56.38",
            "revenue": 237716
        },
        "2006-12": {
            "month": "2006-12",
            "price": "58.04",
            "revenue": 235087
        },
        "2007-01": {
            "month": "2007-01",
            "price": "60.11",
            "revenue": 242174
        },
        "2007-02": {
            "month": "2007-02",
            "price": "62.57",
            "revenue": 179265
        },
        "2007-03": {
            "month": "2007-03",
            "price": "66.42",
            "revenue": 251558
        },
        "2007-04": {
            "month": "2007-04",
            "price": "69.78",
            "revenue": 254896
        },
        "2007-05": {
            "month": "2007-05",
            "price": "67.90",
            "revenue": 281929
        },
        "2007-06": {
            "month": "2007-06",
            "price": "67.87",
            "revenue": 302549
        },
        "2007-07": {
            "month": "2007-07",
            "price": "83.53",
            "revenue": 303729
        },
        "2007-08": {
            "month": "2007-08",
            "price": "114.20",
            "revenue": 304429
        },
        "2007-09": {
            "month": "2007-09",
            "price": "108.36",
            "revenue": 345980
        },
        "2007-10": {
            "month": "2007-10",
            "price": "106.03",
            "revenue": 376762
        },
        "2007-11": {
            "month": "2007-11",
            "price": "75.90",
            "revenue": 392020
        },
        "2007-12": {
            "month": "2007-12",
            "price": "66.54",
            "revenue": 365800
        },
        "2008-01": {
            "month": "2008-01",
            "price": "60.86",
            "revenue": 426674
        },
        "2008-02": {
            "month": "2008-02",
            "price": "73.01",
            "revenue": 306387
        },
        "2008-03": {
            "month": "2008-03",
            "price": "80.14",
            "revenue": 465795
        },
        "2008-04": {
            "month": "2008-04",
            "price": "78.96",
            "revenue": 353900
        },
        "2008-05": {
            "month": "2008-05",
            "price": "82.60",
            "revenue": 355726
        },
        "2008-06": {
            "month": "2008-06",
            "price": "69.08",
            "revenue": 344278
        },
        "2008-07": {
            "month": "2008-07",
            "price": "59.63",
            "revenue": 460695
        },
        "2008-08": {
            "month": "2008-08",
            "price": "55.30",
            "revenue": 451524
        },
        "2008-09": {
            "month": "2008-09",
            "price": "41.80",
            "revenue": 401885
        },
        "2008-10": {
            "month": "2008-10",
            "price": "37.97",
            "revenue": 320362
        },
        "2008-11": {
            "month": "2008-11",
            "price": "31.55",
            "revenue": 254099
        },
        "2008-12": {
            "month": "2008-12",
            "price": "30.01",
            "revenue": 344378
        },
        "2009-01": {
            "month": "2009-01",
            "price": "29.31",
            "revenue": 166273
        },
        "2009-02": {
            "month": "2009-02",
            "price": "31.69",
            "revenue": 291832
        },
        "2009-03": {
            "month": "2009-03",
            "price": "33.84",
            "revenue": 341385
        },
        "2009-04": {
            "month": "2009-04",
            "price": "36.75",
            "revenue": 350268
        },
        "2009-05": {
            "month": "2009-05",
            "price": "45.51",
            "revenue": 416906
        },
        "2009-06": {
            "month": "2009-06",
            "price": "50.69",
            "revenue": 462064
        },
        "2009-07": {
            "month": "2009-07",
            "price": "51.26",
            "revenue": 459752
        },
        "2009-08": {
            "month": "2009-08",
            "price": "52.32",
            "revenue": 477316
        },
        "2009-09": {
            "month": "2009-09",
            "price": "58.08",
            "revenue": 542477
        },
        "2009-10": {
            "month": "2009-10",
            "price": "63.06",
            "revenue": 545374
        },
        "2009-11": {
            "month": "2009-11",
            "price": "62.68",
            "revenue": 602464
        },
        "2009-12": {
            "month": "2009-12",
            "price": "63.13",
            "revenue": 608688
        },
        "2010-01": {
            "month": "2010-01",
            "price": "60.18",
            "revenue": 649591
        },
        "2010-02": {
            "month": "2010-02",
            "price": "51.69",
            "revenue": 423022
        },
        "2010-03": {
            "month": "2010-03",
            "price": "55.65",
            "revenue": 634457
        },
        "2010-04": {
            "month": "2010-04",
            "price": "57.97",
            "revenue": 668683
        },
        "2010-05": {
            "month": "2010-05",
            "price": "53.28",
            "revenue": 597125
        },
        "2010-06": {
            "month": "2010-06",
            "price": "51.01",
            "revenue": 645448
        },
        "2010-07": {
            "month": "2010-07",
            "price": "51.11",
            "revenue": 652929
        },
        "2010-08": {
            "month": "2010-08",
            "price": "54.40",
            "revenue": 630475
        },
        "2010-09": {
            "month": "2010-09",
            "price": "52.46",
            "revenue": 616548
        },
        "2010-10": {
            "month": "2010-10",
            "price": "53.68",
            "revenue": 659384
        },
        "2010-11": {
            "month": "2010-11",
            "price": "51.22",
            "revenue": 700618
        },
        "2010-12": {
            "month": "2010-12",
            "price": "51.61",
            "revenue": 747788
        },
        "2011-01": {
            "month": "2011-01",
            "price": "50.51",
            "revenue": 647630
        },
        "2011-02": {
            "month": "2011-02",
            "price": "47.35",
            "revenue": 440855
        },
        "2011-03": {
            "month": "2011-03",
            "price": "46.21",
            "revenue": 646417
        },
        "2011-04": {
            "month": "2011-04",
            "price": "46.25",
            "revenue": 562135
        },
        "2011-05": {
            "month": "2011-05",
            "price": "43.85",
            "revenue": 610440
        },
        "2011-06": {
            "month": "2011-06",
            "price": "40.85",
            "revenue": 626685
        },
        "2011-07": {
            "month": "2011-07",
            "price": "39.93",
            "revenue": 666257
        },
        "2011-08": {
            "month": "2011-08",
            "price": "39.07",
            "revenue": 771406
        },
        "2011-09": {
            "month": "2011-09",
            "price": "35.36",
            "revenue": 796589
        },
        "2011-10": {
            "month": "2011-10",
            "price": "34.78",
            "revenue": 722094
        },
        "2011-11": {
            "month": "2011-11",
            "price": "31.52",
            "revenue": 716753
        },
        "2011-12": {
            "month": "2011-12",
            "price": "28.63",
            "revenue": 473883
        },
        "2012-01": {
            "month": "2012-01",
            "price": "28.16",
            "revenue": 630957
        },
        "2012-02": {
            "month": "2012-02",
            "price": "31.88",
            "revenue": 655552
        },
        "2012-03": {
            "month": "2012-03",
            "price": "31.72",
            "revenue": 707669
        },
        "2012-04": {
            "month": "2012-04",
            "price": "28.24",
            "revenue": 606180
        },
        "2012-05": {
            "month": "2012-05",
            "price": "27.41",
            "revenue": 416245
        },
        "2012-06": {
            "month": "2012-06",
            "price": "23.07",
            "revenue": 584804
        },
        "2012-07": {
            "month": "2012-07",
            "price": "23.53",
            "revenue": 640172
        },
        "2012-08": {
            "month": "2012-08",
            "price": "25.20",
            "revenue": 738347
        },
        "2012-09": {
            "month": "2012-09",
            "price": "28.30",
            "revenue": 699864
        },
        "2012-10": {
            "month": "2012-10",
            "price": "26.46",
            "revenue": 377376
        },
        "2012-11": {
            "month": "2012-11",
            "price": "25.26",
            "revenue": 428918
        },
        "2012-12": {
            "month": "2012-12",
            "price": "28.45",
            "revenue": 300422
        },
        "2013-01": {
            "month": "2013-01",
            "price": "28.54",
            "revenue": 394489
        },
        "2013-02": {
            "month": "2013-02",
            "price": "26.81",
            "revenue": 383183
        },
        "2013-03": {
            "month": "2013-03",
            "price": "26.17",
            "revenue": 428478
        },
        "2013-04": {
            "month": "2013-04",
            "price": "23.20",
            "revenue": 564053
        },
        "2013-05": {
            "month": "2013-05",
            "price": "22.91",
            "revenue": 336622
        },
        "2013-06": {
            "month": "2013-06",
            "price": "21.77",
            "revenue": 295391
        },
        "2013-07": {
            "month": "2013-07",
            "price": "20.97",
            "revenue": 434605
        },
        "2013-08": {
            "month": "2013-08",
            "price": "20.35",
            "revenue": 306534
        },
        "2013-09": {
            "month": "2013-09",
            "price": "22.04",
            "revenue": 266617
        },
        "2013-10": {
            "month": "2013-10",
            "price": "20.99",
            "revenue": 363766
        },
        "2013-11": {
            "month": "2013-11",
            "price": "20.09",
            "revenue": 167575
        },
        "2013-12": {
            "month": "2013-12",
            "price": "21.37",
            "revenue": 370962
        },
        "2014-01": {
            "month": "2014-01",
            "price": "22.64",
            "revenue": 271410
        },
        "2014-02": {
            "month": "2014-02",
            "price": "23.05",
            "revenue": 221167
        },
        "2014-03": {
            "month": "2014-03",
            "price": "22.43",
            "revenue": 169689
        },
        "2014-04": {
            "month": "2014-04",
            "price": "21.11",
            "revenue": 112177
        },
        "2014-05": {
            "month": "2014-05",
            "price": "20.61",
            "revenue": 194370
        },
        "2014-06": {
            "month": "2014-06",
            "price": "20.74",
            "revenue": 332326
        },
        "2014-07": {
            "month": "2014-07",
            "price": "21.28",
            "revenue": 213275
        },
        "2014-08": {
            "month": "2014-08",
            "price": "20.62",
            "revenue": 281441
        },
        "2014-09": {
            "month": "2014-09",
            "price": "20.20",
            "revenue": 163144
        },
        "2014-10": {
            "month": "2014-10",
            "price": "18.68",
            "revenue": 382909
        },
        "2014-11": {
            "month": "2014-11",
            "price": "17.17",
            "revenue": 287658
        },
        "2014-12": {
            "month": "2014-12",
            "price": "18.13",
            "revenue": 252706
        },
        "2015-01": {
            "month": "2015-01",
            "price": "18.74",
            "revenue": 301850
        },
        "2015-02": {
            "month": "2015-02",
            "price": "18.24",
            "revenue": 131575
        },
        "2015-03": {
            "month": "2015-03",
            "price": "17.70",
            "revenue": 325762
        },
        "2015-04": {
            "month": "2015-04",
            "price": "18.69",
            "revenue": 152812
        },
        "2015-05": {
            "month": "2015-05",
            "price": "18.78",
            "revenue": 262623
        },
        "2015-06": {
            "month": "2015-06",
            "price": "17.36",
            "revenue": 193277
        },
        "2015-07": {
            "month": "2015-07",
            "price": "15.61",
            "revenue": 102874
        },
        "2015-08": {
            "month": "2015-08",
            "price": "13.01",
            "revenue": 172944
        },
        "2015-09": {
            "month": "2015-09",
            "price": "12.15",
            "revenue": 172431
        },
        "2015-10": {
            "month": "2015-10",
            "price": "13.08",
            "revenue": 177217
        },
        "2015-11": {
            "month": "2015-11",
            "price": "14.81",
            "revenue": 112934
        },
        "2015-12": {
            "month": "2015-12",
            "price": "13.07",
            "revenue": 210914
        },
        "2016-01": {
            "month": "2016-01",
            "price": "11.98",
            "revenue": 110743
        },
        "2016-02": {
            "month": "2016-02",
            "price": "12.97",
            "revenue": 139346
        },
        "2016-03": {
            "month": "2016-03",
            "price": "13.93",
            "revenue": 340161
        },
        "2016-04": {
            "month": "2016-04",
            "price": "13.80",
            "revenue": 256785
        },
        "2016-05": {
            "month": "2016-05",
            "price": "12.85",
            "revenue": 129264
        },
        "2016-06": {
            "month": "2016-06",
            "price": "12.71",
            "revenue": 341496
        },
        "2016-07": {
            "month": "2016-07",
            "price": "16.14",
            "revenue": 290510
        },
        "2016-08": {
            "month": "2016-08",
            "price": "17.80",
            "revenue": 210720
        },
        "2016-09": {
            "month": "2016-09",
            "price": "17.80",
            "revenue": 168497
        },
        "2016-10": {
            "month": "2016-10",
            "price": "16.40",
            "revenue": 147224
        },
        "2016-11": {
            "month": "2016-11",
            "price": "16.27",
            "revenue": 149030
        },
        "2016-12": {
            "month": "2016-12",
            "price": "15.86",
            "revenue": 137222
        },
        "2017-01": {
            "month": "2017-01",
            "price": "16.31",
            "revenue": 289462
        },
        "2017-02": {
            "month": "2017-02",
            "price": "17.08",
            "revenue": 194486
        },
        "2017-03": {
            "month": "2017-03",
            "price": "16.36",
            "revenue": 140683
        },
        "2017-04": {
            "month": "2017-04",
            "price": "15.33",
            "revenue": 218031
        },
        "2017-05": {
            "month": "2017-05",
            "price": "14.05",
            "revenue": 144120
        },
        "2017-06": {
            "month": "2017-06",
            "price": "14.29",
            "revenue": 118521
        },
        "2017-07": {
            "month": "2017-07",
            "price": "13.56",
            "revenue": 159704
        },
        "2017-08": {
            "month": "2017-08",
            "price": "13.44",
            "revenue": 174798
        },
        "2017-09": {
            "month": "2017-09",
            "price": "14.40",
            "revenue": 222351
        },
        "2017-10": {
            "month": "2017-10",
            "price": "14.02",
            "revenue": 195447
        },
        "2017-11": {
            "month": "2017-11",
            "price": "13.96",
            "revenue": 201589
        },
        "2017-12": {
            "month": "2017-12",
            "price": "13.96",
            "revenue": 108519
        },
        "2018-01": {
            "month": "2018-01",
            "price": "15.37",
            "revenue": 122933
        },
        "2018-02": {
            "month": "2018-02",
            "price": "13.40",
            "revenue": 163645
        },
        "2018-03": {
            "month": "2018-03",
            "price": "13.54",
            "revenue": 129572
        },
        "2018-04": {
            "month": "2018-04",
            "price": "13.97",
            "revenue": 209261
        },
        "2018-05": {
            "month": "2018-05",
            "price": "13.32",
            "revenue": 147893
        },
        "2018-06": {
            "month": "2018-06",
            "price": "12.88",
            "revenue": 228761
        },
        "2018-07": {
            "month": "2018-07",
            "price": "12.79",
            "revenue": 294374
        },
        "2018-08": {
            "month": "2018-08",
            "price": "12.86",
            "revenue": 285201
        },
        "2018-09": {
            "month": "2018-09",
            "price": "13.62",
            "revenue": 108700
        },
        "2018-10": {
            "month": "2018-10",
            "price": "12.59",
            "revenue": 135270
        },
        "2018-11": {
            "month": "2018-11",
            "price": "12.01",
            "revenue": 172977
        },
        "2018-12": {
            "month": "2018-12",
            "price": "12.83",
            "revenue": 124893
        },
        "2019-01": {
            "month": "2019-01",
            "price": "12.01",
            "revenue": 179670
        },
        "2019-02": {
            "month": "2019-02",
            "price": "12.48",
            "revenue": 114414
        },
        "2019-03": {
            "month": "2019-03",
            "price": "12.64",
            "revenue": 145706
        },
        "2019-04": {
            "month": "2019-04",
            "price": "12.71",
            "revenue": 114448
        },
        "2019-05": {
            "month": "2019-05",
            "price": "12.80",
            "revenue": 98127
        },
        "2019-06": {
            "month": "2019-06",
            "price": "18.54",
            "revenue": 180873
        },
        "2019-07": {
            "month": "2019-07",
            "price": "19.46",
            "revenue": 231067
        },
        "2019-08": {
            "month": "2019-08",
            "price": "20.81",
            "revenue": 179993
        },
        "2019-09": {
            "month": "2019-09",
            "price": "19.76",
            "revenue": 120348
        },
        "2019-10": {
            "month": "2019-10",
            "price": "19.28",
            "revenue": 120083
        },
        "2019-11": {
            "month": "2019-11",
            "price": "18.13",
            "revenue": 117283
        },
        "2019-12": {
            "month": "2019-12",
            "price": "18.35",
            "revenue": 122362
        },
        "2020-01": {
            "month": "2020-01",
            "price": "20.31",
            "revenue": 126050
        },
        "2020-02": {
            "month": "2020-02",
            "price": "18.48",
            "revenue": 121361
        },
        "2020-03": {
            "month": "2020-03",
            "price": "15.18",
            "revenue": 138387
        },
        "2020-04": {
            "month": "2020-04",
            "price": "15.29",
            "revenue": 111224
        },
        "2020-05": {
            "month": "2020-05",
            "price": "16.02",
            "revenue": 119963
        },
        "2020-06": {
            "month": "2020-06",
            "price": "16.46",
            "revenue": 113317
        },
        "2020-07": {
            "month": "2020-07",
            "price": "19.70",
            "revenue": 163326
        },
        "2020-08": {
            "month": "2020-08",
            "price": "19.49",
            "revenue": 803662
        },
        "2020-09": {
            "month": "2020-09",
            "price": "19.56",
            "revenue": 210035
        },
        "2020-10": {
            "month": "2020-10",
            "price": "18.83",
            "revenue": 294426
        },
        "2020-11": {
            "month": "2020-11",
            "price": "18.63",
            "revenue": 339101
        },
        "2020-12": {
            "month": "2020-12",
            "price": "19.62",
            "revenue": 463725
        },
        "2021-01": {
            "month": "2021-01",
            "price": "19.06",
            "revenue": 262114
        },
        "2021-02": {
            "month": "2021-02",
            "price": "18.52",
            "revenue": 92992
        },
        "2021-03": {
            "month": "2021-03",
            "price": "18.52",
            "revenue": 104449
        },
        "2021-04": {
            "month": "2021-04",
            "price": "19.21",
            "revenue": 113275
        },
        "2021-05": {
            "month": "2021-05",
            "price": "19.83",
            "revenue": 132154
        },
        "2021-06": {
            "month": "2021-06",
            "price": "19.12",
            "revenue": 90597
        },
        "2021-07": {
            "month": "2021-07",
            "price": "18.51",
            "revenue": 89353
        },
        "2021-08": {
            "month": "2021-08",
            "price": "17.42",
            "revenue": 109319
        },
        "2021-09": {
            "month": "2021-09",
            "price": "16.84",
            "revenue": 92684
        },
        "2021-10": {
            "month": "2021-10",
            "price": "16.53",
            "revenue": 114249
        },
        "2021-11": {
            "month": "2021-11",
            "price": "17.24",
            "revenue": 126176
        },
        "2021-12": {
            "month": "2021-12",
            "price": "17.07",
            "revenue": 156888
        },
        "2022-01": {
            "month": "2022-01",
            "price": "17.03",
            "revenue": 155798
        },
        "2022-02": {
            "month": "2022-02",
            "price": "21.13",
            "revenue": 129636
        },
        "2022-03": {
            "month": "2022-03",
            "price": "27.34",
            "revenue": 96200
        },
        "2022-04": {
            "month": "2022-04",
            "price": "29.31",
            "revenue": 101850
        },
        "2022-05": {
            "month": "2022-05",
            "price": "23.36",
            "revenue": 95096
        },
        "2022-06": {
            "month": "2022-06",
            "price": "21.50",
            "revenue": 80726
        },
        "2022-07": {
            "month": "2022-07",
            "price": "19.24",
            "revenue": 85625
        },
        "2022-08": {
            "month": "2022-08",
            "price": "21.60",
            "revenue": 81881
        },
        "2022-09": {
            "month": "2022-09",
            "price": "19.92",
            "revenue": 79179
        },
        "2022-10": {
            "month": "2022-10",
            "price": "17.27",
            "revenue": 80630
        },
        "2022-11": {
            "month": "2022-11",
            "price": "18.10",
            "revenue": 91270
        },
        "2022-12": {
            "month": "2022-12",
            "price": "20.60",
            "revenue": 84115
        },
        "2023-01": {
            "month": "2023-01",
            "price": "21.78",
            "revenue": 83424
        },
        "2023-02": {
            "month": "2023-02",
            "price": "21.13",
            "revenue": 84196
        },
        "2023-03": {
            "month": "2023-03",
            "price": "23.65",
            "revenue": 94866
        },
        "2023-04": {
            "month": "2023-04",
            "price": "26.12",
            "revenue": 94197
        },
        "2023-05": {
            "month": "2023-05",
            "price": "26.31",
            "revenue": 181916
        },
        "2023-06": {
            "month": "2023-06",
            "price": "24.71",
            "revenue": 63800
        },
        "2023-07": {
            "month": "2023-07",
            "price": "23.62",
            "revenue": 90561
        },
        "2023-08": {
            "month": "2023-08",
            "price": "22.60",
            "revenue": 82315
        },
        "2023-09": {
            "month": "2023-09",
            "price": "21.95",
            "revenue": 89272
        },
        "2023-10": {
            "month": "2023-10",
            "price": "24.60",
            "revenue": 99903
        },
        "2023-11": {
            "month": "2023-11",
            "price": "24.19",
            "revenue": 86398
        },
        "2023-12": {
            "month": "2023-12",
            "price": "24.61",
            "revenue": 89234
        },
        "2024-01": {
            "month": "2024-01",
            "price": "23.62",
            "revenue": 124524
        },
        "2024-02": {
            "month": "2024-02",
            "price": "23.49",
            "revenue": 76868
        }
    }
}
