{
    "summary": {
        "stock_name": "世紀鋼",
        "stock_id": "9958",
        "category": "鋼鐵",
        "main_business": "有關各種鐵骨/不銹鋼桶/建築材料等加工製造買賣<br>及相關業務;按裝工程業務(營造業除外)/大樓鋼結構買賣<br>代理國內外有關廠商產品經銷/報價投標業務",
        "website_url": "http://www.century.com.tw",
        "ceo": "李育慶",
        "pe_ratio": 100,
        "report_year_from": 2001,
        "report_year_to": 2023,
        "age": 23,
        "eps_negative_percentage": 6,
        "eps_growth_avg": {
            "last_all": -12.58,
            "last_2y": 4.61,
            "last_4y": 27.26,
            "last_8y": 12.46,
            "last_12y": -7.3,
            "last_16y": -12.58,
            "last_20y": null,
            "at_2006_last_3y": null,
            "at_2007_last_3y": null,
            "at_2008_last_3y": null,
            "at_2009_last_3y": null,
            "at_2010_last_3y": -28.45,
            "at_2011_last_3y": -54.83,
            "at_2012_last_3y": -47.74,
            "at_2013_last_3y": -71.44,
            "at_2014_last_3y": -66.56,
            "at_2015_last_3y": 0.11,
            "at_2016_last_3y": -15.02,
            "at_2017_last_3y": -13.18,
            "at_2018_last_3y": -6.04,
            "at_2019_last_3y": -6.04,
            "at_2020_last_3y": 14.67,
            "at_2021_last_3y": 26.4,
            "at_2022_last_3y": 19.61,
            "at_2023_last_3y": 9.07,
            "at_2024_last_3y": 9.07,
            "at_2006_last_all": null,
            "at_2007_last_all": null,
            "at_2008_last_all": -35.3,
            "at_2009_last_all": -8.95,
            "at_2010_last_all": -28.45,
            "at_2011_last_all": -42.76,
            "at_2012_last_all": -42.76,
            "at_2013_last_all": -40.2,
            "at_2014_last_all": -44.79,
            "at_2015_last_all": -26.69,
            "at_2016_last_all": -30.43,
            "at_2017_last_all": -29.39,
            "at_2018_last_all": -30.69,
            "at_2019_last_all": -19.8,
            "at_2020_last_all": -16.55,
            "at_2021_last_all": -13.45,
            "at_2022_last_all": -17.28,
            "at_2023_last_all": -12.58,
            "at_2024_last_all": -12.58
        },
        "latest_eps": 1.9,
        "latest_price": 248,
        "latest_roe": 2.47,
        "latest_gross_margin": 18.36,
        "latest_equity": 11330201,
        "latest_revenue": 3645290,
        "latest_gross_profit": 669131,
        "latest_net_income": 434158,
        "latest_debt_ratio": 67.38,
        "latest_current_ratio": 146.99,
        "latest_account_receivable_turnover_ratio": 3.26,
        "latest_inventory_turnover_ratio": 1.73,
        "latest_reinvestment_rate": 377.83,
        "latest_research_to_sale_ratio": null
    },
    "eps_dividends": {
        "2001": {
            "cash": 0,
            "stock": 0,
            "eps": 0
        },
        "2002": {
            "cash": 0,
            "stock": 0,
            "eps": 0
        },
        "2003": {
            "cash": 0,
            "stock": 0,
            "eps": 0
        },
        "2004": {
            "cash": 0,
            "stock": 0.35,
            "eps": 0
        },
        "2005": {
            "cash": 1.5,
            "stock": 1,
            "eps": 0
        },
        "2006": {
            "cash": 0.75,
            "stock": 0.5,
            "eps": 1.27
        },
        "2007": {
            "cash": 0.5,
            "stock": 1,
            "eps": 1.34
        },
        "2008": {
            "cash": 0.2,
            "stock": 0.3,
            "eps": 0.32
        },
        "2009": {
            "cash": 0,
            "stock": 0,
            "eps": 0.46
        },
        "2010": {
            "cash": 0.1,
            "stock": 0.5,
            "eps": 0.06
        },
        "2011": {
            "cash": 0.2,
            "stock": 0,
            "eps": -0.65
        },
        "2012": {
            "cash": 0,
            "stock": 0,
            "eps": 1.79
        },
        "2013": {
            "cash": 0.3,
            "stock": 0.5,
            "eps": 1.3
        },
        "2014": {
            "cash": 0.8,
            "stock": 0,
            "eps": 0.36
        },
        "2015": {
            "cash": 0.1,
            "stock": 0.2,
            "eps": 1.01
        },
        "2016": {
            "cash": 0.4,
            "stock": 0,
            "eps": 0.4
        },
        "2017": {
            "cash": 0.3,
            "stock": 0,
            "eps": 0.32
        },
        "2018": {
            "cash": 0.3,
            "stock": 0,
            "eps": 0.18
        },
        "2019": {
            "cash": 0.3,
            "stock": 0,
            "eps": 3.52
        },
        "2020": {
            "cash": 1,
            "stock": 0,
            "eps": 4.31
        },
        "2021": {
            "cash": 3,
            "stock": 0,
            "eps": 5.47
        },
        "2022": {
            "cash": 3,
            "stock": 0,
            "eps": 1.59
        },
        "2023": {
            "cash": 0.5,
            "stock": 0,
            "eps": 2.51
        }
    },
    "dividends": {
        "2004-04-29": {
            "cash": 0,
            "stock": 0.35
        },
        "2005-04-15": {
            "cash": 1.5,
            "stock": 1
        },
        "2006-04-25": {
            "cash": 0.75,
            "stock": 0.5
        },
        "2007-04-25": {
            "cash": 0.5,
            "stock": 1
        },
        "2008-04-25": {
            "cash": 0.2,
            "stock": 0.3
        },
        "2010-05-10": {
            "cash": 0.1,
            "stock": 0.5
        },
        "2011-04-27": {
            "cash": 0.2,
            "stock": 0
        },
        "2013-04-30": {
            "cash": 0.3,
            "stock": 0.5
        },
        "2014-09-16": {
            "cash": 0.8,
            "stock": 0
        },
        "2015-10-08": {
            "cash": 0.1,
            "stock": 0.2
        },
        "2016-08-31": {
            "cash": 0.4,
            "stock": 0
        },
        "2017-09-15": {
            "cash": 0.3,
            "stock": 0
        },
        "2018-09-12": {
            "cash": 0.3,
            "stock": 0
        },
        "2019-10-18": {
            "cash": 0.3,
            "stock": 0
        },
        "2020-09-18": {
            "cash": 1,
            "stock": 0
        },
        "2021-09-28": {
            "cash": 3,
            "stock": 0
        },
        "2022-10-18": {
            "cash": 3,
            "stock": 0
        },
        "2023-09-26": {
            "cash": 0.5,
            "stock": 0
        }
    },
    "prices": {
        "200101": "無",
        "200102": "無",
        "200103": "無",
        "200104": "無",
        "200105": "無",
        "200106": "無",
        "200107": "無",
        "200108": "無",
        "200109": "無",
        "200110": "無",
        "200111": "無",
        "200112": "無",
        "200201": "無",
        "200202": "無",
        "200203": "無",
        "200204": "無",
        "200205": "無",
        "200206": "無",
        "200207": "無",
        "200208": "無",
        "200209": "無",
        "200210": "無",
        "200211": "無",
        "200212": "無",
        "200301": "無",
        "200302": "無",
        "200303": "無",
        "200304": "無",
        "200305": "無",
        "200306": "無",
        "200307": "無",
        "200308": "無",
        "200309": "無",
        "200310": "無",
        "200311": "無",
        "200312": "4.77",
        "200401": "10.00",
        "200402": "7.60",
        "200403": "8.17",
        "200404": "11.45",
        "200405": "11.60",
        "200406": "11.74",
        "200407": "11.48",
        "200408": "無",
        "200409": "12.13",
        "200410": "12.26",
        "200411": "12.40",
        "200412": "12.37",
        "200501": "12.80",
        "200502": "12.05",
        "200503": "12.71",
        "200504": "12.57",
        "200505": "12.41",
        "200506": "11.59",
        "200507": "無",
        "200508": "11.08",
        "200509": "11.28",
        "200510": "9.79",
        "200511": "10.03",
        "200512": "10.67",
        "200601": "9.36",
        "200602": "9.79",
        "200603": "10.70",
        "200604": "11.74",
        "200605": "13.01",
        "200606": "12.16",
        "200607": "12.00",
        "200608": "12.04",
        "200609": "11.90",
        "200610": "11.72",
        "200611": "11.30",
        "200612": "11.26",
        "200701": "11.38",
        "200702": "11.61",
        "200703": "13.42",
        "200704": "14.18",
        "200705": "15.18",
        "200706": "15.80",
        "200707": "15.42",
        "200708": "16.17",
        "200709": "15.00",
        "200710": "15.03",
        "200711": "14.85",
        "200712": "14.99",
        "200801": "14.96",
        "200802": "14.82",
        "200803": "18.34",
        "200804": "19.09",
        "200805": "19.10",
        "200806": "14.94",
        "200807": "11.11",
        "200808": "10.62",
        "200809": "10.04",
        "200810": "7.26",
        "200811": "5.61",
        "200812": "5.23",
        "200901": "6.83",
        "200902": "7.02",
        "200903": "7.03",
        "200904": "9.12",
        "200905": "9.03",
        "200906": "10.91",
        "200907": "13.23",
        "200908": "12.41",
        "200909": "11.89",
        "200910": "11.55",
        "200911": "10.75",
        "200912": "11.20",
        "201001": "12.56",
        "201002": "12.02",
        "201003": "12.32",
        "201004": "12.05",
        "201005": "10.76",
        "201006": "10.58",
        "201007": "10.49",
        "201008": "10.99",
        "201009": "10.48",
        "201010": "10.14",
        "201011": "10.04",
        "201012": "10.16",
        "201101": "10.35",
        "201102": "12.35",
        "201103": "11.62",
        "201104": "11.53",
        "201105": "11.15",
        "201106": "10.16",
        "201107": "9.94",
        "201108": "9.18",
        "201109": "8.28",
        "201110": "8.18",
        "201111": "7.92",
        "201112": "7.69",
        "201201": "8.01",
        "201202": "9.38",
        "201203": "9.04",
        "201204": "8.18",
        "201205": "8.49",
        "201206": "8.35",
        "201207": "8.68",
        "201208": "9.37",
        "201209": "10.55",
        "201210": "10.87",
        "201211": "10.47",
        "201212": "11.53",
        "201301": "13.18",
        "201302": "13.12",
        "201303": "12.18",
        "201304": "12.37",
        "201305": "12.87",
        "201306": "12.28",
        "201307": "12.43",
        "201308": "12.36",
        "201309": "13.14",
        "201310": "13.99",
        "201311": "13.18",
        "201312": "13.50",
        "201401": "14.14",
        "201402": "13.80",
        "201403": "13.72",
        "201404": "13.56",
        "201405": "13.62",
        "201406": "13.32",
        "201407": "13.31",
        "201408": "12.24",
        "201409": "11.66",
        "201410": "10.33",
        "201411": "9.96",
        "201412": "10.12",
        "201501": "10.30",
        "201502": "10.10",
        "201503": "10.02",
        "201504": "10.02",
        "201505": "9.20",
        "201506": "9.15",
        "201507": "9.32",
        "201508": "8.80",
        "201509": "9.03",
        "201510": "9.62",
        "201511": "9.99",
        "201512": "10.00",
        "201601": "9.65",
        "201602": "10.05",
        "201603": "10.60",
        "201604": "10.80",
        "201605": "9.97",
        "201606": "9.92",
        "201607": "9.98",
        "201608": "9.73",
        "201609": "9.93",
        "201610": "9.99",
        "201611": "9.81",
        "201612": "9.66",
        "201701": "9.61",
        "201702": "9.86",
        "201703": "9.80",
        "201704": "9.57",
        "201705": "9.39",
        "201706": "9.41",
        "201707": "9.81",
        "201708": "10.03",
        "201709": "11.79",
        "201710": "15.47",
        "201711": "15.12",
        "201712": "17.01",
        "201801": "36.95",
        "201802": "54.08",
        "201803": "65.21",
        "201804": "82.17",
        "201805": "52.90",
        "201806": "60.96",
        "201807": "66.25",
        "201808": "64.34",
        "201809": "82.04",
        "201810": "80.70",
        "201811": "77.31",
        "201812": "64.22",
        "201901": "58.27",
        "201902": "69.55",
        "201903": "71.10",
        "201904": "69.64",
        "201905": "62.30",
        "201906": "67.94",
        "201907": "73.71",
        "201908": "72.11",
        "201909": "75.66",
        "201910": "74.37",
        "201911": "73.24",
        "201912": "72.17",
        "202001": "70.65",
        "202002": "70.61",
        "202003": "77.79",
        "202004": "81.89",
        "202005": "87.08",
        "202006": "88.05",
        "202007": "86.92",
        "202008": "102.88",
        "202009": "128.66",
        "202010": "134.26",
        "202011": "127.64",
        "202012": "116.63",
        "202101": "105.20",
        "202102": "109.23",
        "202103": "110.64",
        "202104": "112.29",
        "202105": "107.81",
        "202106": "126.17",
        "202107": "128.09",
        "202108": "114.84",
        "202109": "106.18",
        "202110": "113.02",
        "202111": "111.18",
        "202112": "111.02",
        "202201": "113.42",
        "202202": "110.53",
        "202203": "110.76",
        "202204": "124.47",
        "202205": "117.29",
        "202206": "108.50",
        "202207": "101.39",
        "202208": "93.42",
        "202209": "77.03",
        "202210": "70.60",
        "202211": "81.10",
        "202212": "88.10",
        "202301": "92.99",
        "202302": "101.88",
        "202303": "99.45",
        "202304": "110.32",
        "202305": "104.68",
        "202306": "114.15",
        "202307": "147.95",
        "202308": "147.18",
        "202309": "173.18",
        "202310": "172.45",
        "202311": "159.07",
        "202312": "176.31"
    },
    "quarters": {
        "20011": {
            "year_quarter": 20011,
            "year": 2001,
            "quarter": 1,
            "eps": null,
            "eps_growth_year": null,
            "eps_4q": null,
            "eps_4q_growth_year": null,
            "roe": null,
            "roe_4q": 0,
            "gross_profit": null,
            "gross_margin": null,
            "gross_margin_4q_avg": 0,
            "net_income": null,
            "net_income_4q": null,
            "revenue": null,
            "revenue_4q": null,
            "common_shares": null,
            "book_valuer_per_share": null,
            "book_valuer_per_share_4q_avg": 0,
            "equity": null,
            "current_ratio": null,
            "debt_ratio": null,
            "inventory_turnover_ratio": null,
            "account_receivable_turnover_ratio": null,
            "reinvestment_rate": null,
            "research_to_sale_ratio": null,
            "price_fair": 0,
            "eps_avg_yearly": 0,
            "eps_latest_yearly": 0,
            "eps_growth_yearly": 0
        },
        "20012": {
            "year_quarter": 20012,
            "year": 2001,
            "quarter": 2,
            "eps": null,
            "eps_growth_year": null,
            "eps_4q": null,
            "eps_4q_growth_year": null,
            "roe": null,
            "roe_4q": 0,
            "gross_profit": null,
            "gross_margin": null,
            "gross_margin_4q_avg": 0,
            "net_income": null,
            "net_income_4q": null,
            "revenue": null,
            "revenue_4q": null,
            "common_shares": null,
            "book_valuer_per_share": null,
            "book_valuer_per_share_4q_avg": 0,
            "equity": null,
            "current_ratio": null,
            "debt_ratio": null,
            "inventory_turnover_ratio": null,
            "account_receivable_turnover_ratio": null,
            "reinvestment_rate": null,
            "research_to_sale_ratio": null,
            "price_fair": 0,
            "eps_avg_yearly": 0,
            "eps_latest_yearly": 0,
            "eps_growth_yearly": 0
        },
        "20013": {
            "year_quarter": 20013,
            "year": 2001,
            "quarter": 3,
            "eps": null,
            "eps_growth_year": null,
            "eps_4q": null,
            "eps_4q_growth_year": null,
            "roe": null,
            "roe_4q": 0,
            "gross_profit": null,
            "gross_margin": null,
            "gross_margin_4q_avg": 0,
            "net_income": null,
            "net_income_4q": null,
            "revenue": null,
            "revenue_4q": null,
            "common_shares": null,
            "book_valuer_per_share": null,
            "book_valuer_per_share_4q_avg": 0,
            "equity": null,
            "current_ratio": null,
            "debt_ratio": null,
            "inventory_turnover_ratio": null,
            "account_receivable_turnover_ratio": null,
            "reinvestment_rate": null,
            "research_to_sale_ratio": null,
            "price_fair": 0,
            "eps_avg_yearly": 0,
            "eps_latest_yearly": 0,
            "eps_growth_yearly": 0
        },
        "20014": {
            "year_quarter": 20014,
            "year": 2001,
            "quarter": 4,
            "eps": null,
            "eps_growth_year": null,
            "eps_4q": null,
            "eps_4q_growth_year": null,
            "roe": null,
            "roe_4q": 0,
            "gross_profit": null,
            "gross_margin": null,
            "gross_margin_4q_avg": 0,
            "net_income": null,
            "net_income_4q": null,
            "revenue": null,
            "revenue_4q": null,
            "common_shares": 697524,
            "book_valuer_per_share": 9.37,
            "book_valuer_per_share_4q_avg": 2.34,
            "equity": 653233,
            "current_ratio": 130.5,
            "debt_ratio": 61.8,
            "inventory_turnover_ratio": null,
            "account_receivable_turnover_ratio": null,
            "reinvestment_rate": null,
            "research_to_sale_ratio": null,
            "price_fair": 0,
            "eps_avg_yearly": 0,
            "eps_latest_yearly": 0,
            "eps_growth_yearly": 0
        },
        "20021": {
            "year_quarter": 20021,
            "year": 2002,
            "quarter": 1,
            "eps": null,
            "eps_growth_year": null,
            "eps_4q": null,
            "eps_4q_growth_year": null,
            "roe": null,
            "roe_4q": 0,
            "gross_profit": null,
            "gross_margin": null,
            "gross_margin_4q_avg": 0,
            "net_income": null,
            "net_income_4q": null,
            "revenue": null,
            "revenue_4q": null,
            "common_shares": null,
            "book_valuer_per_share": null,
            "book_valuer_per_share_4q_avg": 2.34,
            "equity": null,
            "current_ratio": null,
            "debt_ratio": null,
            "inventory_turnover_ratio": null,
            "account_receivable_turnover_ratio": null,
            "reinvestment_rate": null,
            "research_to_sale_ratio": null,
            "price_fair": 0,
            "eps_avg_yearly": 0,
            "eps_latest_yearly": 0,
            "eps_growth_yearly": 0
        },
        "20022": {
            "year_quarter": 20022,
            "year": 2002,
            "quarter": 2,
            "eps": null,
            "eps_growth_year": null,
            "eps_4q": null,
            "eps_4q_growth_year": null,
            "roe": null,
            "roe_4q": 0,
            "gross_profit": null,
            "gross_margin": null,
            "gross_margin_4q_avg": 0,
            "net_income": null,
            "net_income_4q": null,
            "revenue": null,
            "revenue_4q": null,
            "common_shares": null,
            "book_valuer_per_share": null,
            "book_valuer_per_share_4q_avg": 2.34,
            "equity": null,
            "current_ratio": null,
            "debt_ratio": null,
            "inventory_turnover_ratio": null,
            "account_receivable_turnover_ratio": null,
            "reinvestment_rate": null,
            "research_to_sale_ratio": null,
            "price_fair": 0,
            "eps_avg_yearly": 0,
            "eps_latest_yearly": 0,
            "eps_growth_yearly": 0
        },
        "20023": {
            "year_quarter": 20023,
            "year": 2002,
            "quarter": 3,
            "eps": null,
            "eps_growth_year": null,
            "eps_4q": null,
            "eps_4q_growth_year": null,
            "roe": null,
            "roe_4q": 0,
            "gross_profit": null,
            "gross_margin": null,
            "gross_margin_4q_avg": 0,
            "net_income": null,
            "net_income_4q": null,
            "revenue": null,
            "revenue_4q": null,
            "common_shares": null,
            "book_valuer_per_share": null,
            "book_valuer_per_share_4q_avg": 2.34,
            "equity": null,
            "current_ratio": null,
            "debt_ratio": null,
            "inventory_turnover_ratio": null,
            "account_receivable_turnover_ratio": null,
            "reinvestment_rate": null,
            "research_to_sale_ratio": null,
            "price_fair": 0,
            "eps_avg_yearly": 0,
            "eps_latest_yearly": 0,
            "eps_growth_yearly": 0
        },
        "20024": {
            "year_quarter": 20024,
            "year": 2002,
            "quarter": 4,
            "eps": null,
            "eps_growth_year": null,
            "eps_4q": null,
            "eps_4q_growth_year": null,
            "roe": null,
            "roe_4q": 0,
            "gross_profit": null,
            "gross_margin": null,
            "gross_margin_4q_avg": 0,
            "net_income": null,
            "net_income_4q": null,
            "revenue": null,
            "revenue_4q": null,
            "common_shares": 697524,
            "book_valuer_per_share": 8.55,
            "book_valuer_per_share_4q_avg": 2.14,
            "equity": 596518,
            "current_ratio": 150.64,
            "debt_ratio": 59.31,
            "inventory_turnover_ratio": null,
            "account_receivable_turnover_ratio": null,
            "reinvestment_rate": null,
            "research_to_sale_ratio": null,
            "price_fair": 0,
            "eps_avg_yearly": 0,
            "eps_latest_yearly": 0,
            "eps_growth_yearly": 0
        },
        "20031": {
            "year_quarter": 20031,
            "year": 2003,
            "quarter": 1,
            "eps": null,
            "eps_growth_year": null,
            "eps_4q": null,
            "eps_4q_growth_year": null,
            "roe": null,
            "roe_4q": 0,
            "gross_profit": null,
            "gross_margin": null,
            "gross_margin_4q_avg": 0,
            "net_income": null,
            "net_income_4q": null,
            "revenue": null,
            "revenue_4q": null,
            "common_shares": null,
            "book_valuer_per_share": null,
            "book_valuer_per_share_4q_avg": 2.14,
            "equity": null,
            "current_ratio": null,
            "debt_ratio": null,
            "inventory_turnover_ratio": null,
            "account_receivable_turnover_ratio": null,
            "reinvestment_rate": null,
            "research_to_sale_ratio": null,
            "price_fair": 0,
            "eps_avg_yearly": 0,
            "eps_latest_yearly": 0,
            "eps_growth_yearly": 0
        },
        "20032": {
            "year_quarter": 20032,
            "year": 2003,
            "quarter": 2,
            "eps": null,
            "eps_growth_year": null,
            "eps_4q": null,
            "eps_4q_growth_year": null,
            "roe": null,
            "roe_4q": 0,
            "gross_profit": null,
            "gross_margin": null,
            "gross_margin_4q_avg": 0,
            "net_income": null,
            "net_income_4q": null,
            "revenue": null,
            "revenue_4q": null,
            "common_shares": null,
            "book_valuer_per_share": null,
            "book_valuer_per_share_4q_avg": 2.14,
            "equity": null,
            "current_ratio": null,
            "debt_ratio": null,
            "inventory_turnover_ratio": null,
            "account_receivable_turnover_ratio": null,
            "reinvestment_rate": null,
            "research_to_sale_ratio": null,
            "price_fair": 0,
            "eps_avg_yearly": 0,
            "eps_latest_yearly": 0,
            "eps_growth_yearly": 0
        },
        "20033": {
            "year_quarter": 20033,
            "year": 2003,
            "quarter": 3,
            "eps": null,
            "eps_growth_year": null,
            "eps_4q": null,
            "eps_4q_growth_year": null,
            "roe": null,
            "roe_4q": 0,
            "gross_profit": null,
            "gross_margin": null,
            "gross_margin_4q_avg": 0,
            "net_income": null,
            "net_income_4q": null,
            "revenue": null,
            "revenue_4q": null,
            "common_shares": null,
            "book_valuer_per_share": null,
            "book_valuer_per_share_4q_avg": 2.14,
            "equity": null,
            "current_ratio": null,
            "debt_ratio": null,
            "inventory_turnover_ratio": null,
            "account_receivable_turnover_ratio": null,
            "reinvestment_rate": null,
            "research_to_sale_ratio": null,
            "price_fair": 0,
            "eps_avg_yearly": 0,
            "eps_latest_yearly": 0,
            "eps_growth_yearly": 0
        },
        "20034": {
            "year_quarter": 20034,
            "year": 2003,
            "quarter": 4,
            "eps": null,
            "eps_growth_year": null,
            "eps_4q": null,
            "eps_4q_growth_year": null,
            "roe": null,
            "roe_4q": 0,
            "gross_profit": null,
            "gross_margin": null,
            "gross_margin_4q_avg": 0,
            "net_income": null,
            "net_income_4q": null,
            "revenue": null,
            "revenue_4q": null,
            "common_shares": 596777,
            "book_valuer_per_share": 10.67,
            "book_valuer_per_share_4q_avg": 2.67,
            "equity": 636501,
            "current_ratio": 129.42,
            "debt_ratio": 66.66,
            "inventory_turnover_ratio": null,
            "account_receivable_turnover_ratio": null,
            "reinvestment_rate": null,
            "research_to_sale_ratio": null,
            "price_fair": 0,
            "eps_avg_yearly": 0,
            "eps_latest_yearly": 0,
            "eps_growth_yearly": 0
        },
        "20041": {
            "year_quarter": 20041,
            "year": 2004,
            "quarter": 1,
            "eps": null,
            "eps_growth_year": null,
            "eps_4q": null,
            "eps_4q_growth_year": null,
            "roe": null,
            "roe_4q": 0,
            "gross_profit": null,
            "gross_margin": null,
            "gross_margin_4q_avg": 0,
            "net_income": null,
            "net_income_4q": null,
            "revenue": null,
            "revenue_4q": null,
            "common_shares": null,
            "book_valuer_per_share": null,
            "book_valuer_per_share_4q_avg": 2.67,
            "equity": null,
            "current_ratio": null,
            "debt_ratio": null,
            "inventory_turnover_ratio": null,
            "account_receivable_turnover_ratio": null,
            "reinvestment_rate": null,
            "research_to_sale_ratio": null,
            "price_fair": 0,
            "eps_avg_yearly": 0,
            "eps_latest_yearly": 0,
            "eps_growth_yearly": 0
        },
        "20042": {
            "year_quarter": 20042,
            "year": 2004,
            "quarter": 2,
            "eps": null,
            "eps_growth_year": null,
            "eps_4q": null,
            "eps_4q_growth_year": null,
            "roe": null,
            "roe_4q": 0,
            "gross_profit": null,
            "gross_margin": null,
            "gross_margin_4q_avg": 0,
            "net_income": null,
            "net_income_4q": null,
            "revenue": null,
            "revenue_4q": null,
            "common_shares": null,
            "book_valuer_per_share": null,
            "book_valuer_per_share_4q_avg": 2.67,
            "equity": null,
            "current_ratio": null,
            "debt_ratio": null,
            "inventory_turnover_ratio": null,
            "account_receivable_turnover_ratio": null,
            "reinvestment_rate": null,
            "research_to_sale_ratio": null,
            "price_fair": 0,
            "eps_avg_yearly": 0,
            "eps_latest_yearly": 0,
            "eps_growth_yearly": 0
        },
        "20043": {
            "year_quarter": 20043,
            "year": 2004,
            "quarter": 3,
            "eps": null,
            "eps_growth_year": null,
            "eps_4q": null,
            "eps_4q_growth_year": null,
            "roe": null,
            "roe_4q": 0,
            "gross_profit": null,
            "gross_margin": null,
            "gross_margin_4q_avg": 0,
            "net_income": null,
            "net_income_4q": null,
            "revenue": null,
            "revenue_4q": null,
            "common_shares": null,
            "book_valuer_per_share": null,
            "book_valuer_per_share_4q_avg": 2.67,
            "equity": null,
            "current_ratio": null,
            "debt_ratio": null,
            "inventory_turnover_ratio": null,
            "account_receivable_turnover_ratio": null,
            "reinvestment_rate": null,
            "research_to_sale_ratio": null,
            "price_fair": 0,
            "eps_avg_yearly": 0,
            "eps_latest_yearly": 0,
            "eps_growth_yearly": 0
        },
        "20044": {
            "year_quarter": 20044,
            "year": 2004,
            "quarter": 4,
            "eps": null,
            "eps_growth_year": null,
            "eps_4q": null,
            "eps_4q_growth_year": null,
            "roe": null,
            "roe_4q": 0,
            "gross_profit": null,
            "gross_margin": null,
            "gross_margin_4q_avg": 0,
            "net_income": null,
            "net_income_4q": null,
            "revenue": null,
            "revenue_4q": null,
            "common_shares": 617664,
            "book_valuer_per_share": 13.14,
            "book_valuer_per_share_4q_avg": 3.29,
            "equity": 811620,
            "current_ratio": 116.08,
            "debt_ratio": 73.81,
            "inventory_turnover_ratio": null,
            "account_receivable_turnover_ratio": null,
            "reinvestment_rate": null,
            "research_to_sale_ratio": null,
            "price_fair": 0,
            "eps_avg_yearly": 0,
            "eps_latest_yearly": 0,
            "eps_growth_yearly": 0
        },
        "20051": {
            "year_quarter": 20051,
            "year": 2005,
            "quarter": 1,
            "eps": null,
            "eps_growth_year": null,
            "eps_4q": null,
            "eps_4q_growth_year": null,
            "roe": null,
            "roe_4q": 0,
            "gross_profit": null,
            "gross_margin": null,
            "gross_margin_4q_avg": 0,
            "net_income": null,
            "net_income_4q": null,
            "revenue": null,
            "revenue_4q": null,
            "common_shares": null,
            "book_valuer_per_share": null,
            "book_valuer_per_share_4q_avg": 3.29,
            "equity": null,
            "current_ratio": null,
            "debt_ratio": null,
            "inventory_turnover_ratio": null,
            "account_receivable_turnover_ratio": null,
            "reinvestment_rate": null,
            "research_to_sale_ratio": null,
            "price_fair": 0,
            "eps_avg_yearly": 0,
            "eps_latest_yearly": 0,
            "eps_growth_yearly": 0
        },
        "20052": {
            "year_quarter": 20052,
            "year": 2005,
            "quarter": 2,
            "eps": null,
            "eps_growth_year": null,
            "eps_4q": null,
            "eps_4q_growth_year": null,
            "roe": null,
            "roe_4q": 0,
            "gross_profit": null,
            "gross_margin": null,
            "gross_margin_4q_avg": 0,
            "net_income": null,
            "net_income_4q": null,
            "revenue": null,
            "revenue_4q": null,
            "common_shares": null,
            "book_valuer_per_share": null,
            "book_valuer_per_share_4q_avg": 3.29,
            "equity": null,
            "current_ratio": null,
            "debt_ratio": null,
            "inventory_turnover_ratio": null,
            "account_receivable_turnover_ratio": null,
            "reinvestment_rate": null,
            "research_to_sale_ratio": null,
            "price_fair": 0,
            "eps_avg_yearly": 0,
            "eps_latest_yearly": 0,
            "eps_growth_yearly": 0
        },
        "20053": {
            "year_quarter": 20053,
            "year": 2005,
            "quarter": 3,
            "eps": null,
            "eps_growth_year": null,
            "eps_4q": null,
            "eps_4q_growth_year": null,
            "roe": null,
            "roe_4q": 0,
            "gross_profit": null,
            "gross_margin": null,
            "gross_margin_4q_avg": 0,
            "net_income": null,
            "net_income_4q": null,
            "revenue": null,
            "revenue_4q": null,
            "common_shares": null,
            "book_valuer_per_share": null,
            "book_valuer_per_share_4q_avg": 3.29,
            "equity": null,
            "current_ratio": null,
            "debt_ratio": null,
            "inventory_turnover_ratio": null,
            "account_receivable_turnover_ratio": null,
            "reinvestment_rate": null,
            "research_to_sale_ratio": null,
            "price_fair": 0,
            "eps_avg_yearly": 0,
            "eps_latest_yearly": 0,
            "eps_growth_yearly": 0
        },
        "20054": {
            "year_quarter": 20054,
            "year": 2005,
            "quarter": 4,
            "eps": null,
            "eps_growth_year": null,
            "eps_4q": null,
            "eps_4q_growth_year": null,
            "roe": null,
            "roe_4q": 0,
            "gross_profit": null,
            "gross_margin": null,
            "gross_margin_4q_avg": 0,
            "net_income": null,
            "net_income_4q": null,
            "revenue": null,
            "revenue_4q": null,
            "common_shares": 679431,
            "book_valuer_per_share": 12.92,
            "book_valuer_per_share_4q_avg": 3.23,
            "equity": 877990,
            "current_ratio": 126.49,
            "debt_ratio": 65.77,
            "inventory_turnover_ratio": null,
            "account_receivable_turnover_ratio": null,
            "reinvestment_rate": null,
            "research_to_sale_ratio": null,
            "price_fair": 0,
            "eps_avg_yearly": 0,
            "eps_latest_yearly": 0,
            "eps_growth_yearly": 0
        },
        "20061": {
            "year_quarter": 20061,
            "year": 2006,
            "quarter": 1,
            "eps": null,
            "eps_growth_year": null,
            "eps_4q": null,
            "eps_4q_growth_year": null,
            "roe": null,
            "roe_4q": 0,
            "gross_profit": null,
            "gross_margin": null,
            "gross_margin_4q_avg": 0,
            "net_income": null,
            "net_income_4q": null,
            "revenue": null,
            "revenue_4q": null,
            "common_shares": null,
            "book_valuer_per_share": null,
            "book_valuer_per_share_4q_avg": 3.23,
            "equity": null,
            "current_ratio": null,
            "debt_ratio": null,
            "inventory_turnover_ratio": null,
            "account_receivable_turnover_ratio": null,
            "reinvestment_rate": null,
            "research_to_sale_ratio": null,
            "price_fair": 0,
            "eps_avg_yearly": 0,
            "eps_latest_yearly": 0,
            "eps_growth_yearly": 0
        },
        "20062": {
            "year_quarter": 20062,
            "year": 2006,
            "quarter": 2,
            "eps": null,
            "eps_growth_year": null,
            "eps_4q": null,
            "eps_4q_growth_year": null,
            "roe": null,
            "roe_4q": 0,
            "gross_profit": null,
            "gross_margin": null,
            "gross_margin_4q_avg": 0,
            "net_income": null,
            "net_income_4q": null,
            "revenue": null,
            "revenue_4q": null,
            "common_shares": null,
            "book_valuer_per_share": null,
            "book_valuer_per_share_4q_avg": 3.23,
            "equity": null,
            "current_ratio": null,
            "debt_ratio": null,
            "inventory_turnover_ratio": null,
            "account_receivable_turnover_ratio": null,
            "reinvestment_rate": null,
            "research_to_sale_ratio": null,
            "price_fair": 0,
            "eps_avg_yearly": 0,
            "eps_latest_yearly": 0,
            "eps_growth_yearly": 0
        },
        "20063": {
            "year_quarter": 20063,
            "year": 2006,
            "quarter": 3,
            "eps": 0,
            "eps_growth_year": null,
            "eps_4q": null,
            "eps_4q_growth_year": null,
            "roe": -0.03,
            "roe_4q": -0.03,
            "gross_profit": 20318,
            "gross_margin": 10.93,
            "gross_margin_4q_avg": 2.73,
            "net_income": -301,
            "net_income_4q": null,
            "revenue": 185929,
            "revenue_4q": null,
            "common_shares": 713403,
            "book_valuer_per_share": 12.3,
            "book_valuer_per_share_4q_avg": 6.31,
            "equity": 877795,
            "current_ratio": 122.31,
            "debt_ratio": 73.59,
            "inventory_turnover_ratio": 0.09,
            "account_receivable_turnover_ratio": null,
            "reinvestment_rate": null,
            "research_to_sale_ratio": null,
            "price_fair": 0,
            "eps_avg_yearly": 0,
            "eps_latest_yearly": 0,
            "eps_growth_yearly": 0
        },
        "20064": {
            "year_quarter": 20064,
            "year": 2006,
            "quarter": 4,
            "eps": 1.27,
            "eps_growth_year": null,
            "eps_4q": null,
            "eps_4q_growth_year": null,
            "roe": 9.79,
            "roe_4q": 9.76,
            "gross_profit": 164725,
            "gross_margin": 9.94,
            "gross_margin_4q_avg": 5.22,
            "net_income": 90317,
            "net_income_4q": null,
            "revenue": 1657742,
            "revenue_4q": null,
            "common_shares": 713403,
            "book_valuer_per_share": 13.57,
            "book_valuer_per_share_4q_avg": 6.47,
            "equity": 968112,
            "current_ratio": 124.43,
            "debt_ratio": 71.72,
            "inventory_turnover_ratio": 0.89,
            "account_receivable_turnover_ratio": null,
            "reinvestment_rate": null,
            "research_to_sale_ratio": null,
            "price_fair": 0,
            "eps_avg_yearly": 0,
            "eps_latest_yearly": 0,
            "eps_growth_yearly": 0
        },
        "20071": {
            "year_quarter": 20071,
            "year": 2007,
            "quarter": 1,
            "eps": 0.12,
            "eps_growth_year": null,
            "eps_4q": null,
            "eps_4q_growth_year": null,
            "roe": 0.98,
            "roe_4q": 10.74,
            "gross_profit": 27848,
            "gross_margin": 11.73,
            "gross_margin_4q_avg": 8.15,
            "net_income": 9493,
            "net_income_4q": null,
            "revenue": 237468,
            "revenue_4q": null,
            "common_shares": 713403,
            "book_valuer_per_share": 13.7,
            "book_valuer_per_share_4q_avg": 9.89,
            "equity": 977605,
            "current_ratio": 130.22,
            "debt_ratio": 68.03,
            "inventory_turnover_ratio": 0.14,
            "account_receivable_turnover_ratio": null,
            "reinvestment_rate": null,
            "research_to_sale_ratio": null,
            "price_fair": 1.44,
            "eps_avg_yearly": 0.48,
            "eps_latest_yearly": 0.48,
            "eps_growth_yearly": -362.2
        },
        "20072": {
            "year_quarter": 20072,
            "year": 2007,
            "quarter": 2,
            "eps": 0.29,
            "eps_growth_year": null,
            "eps_4q": 1.67,
            "eps_4q_growth_year": null,
            "roe": 2.17,
            "roe_4q": 12.91,
            "gross_profit": 51481,
            "gross_margin": 11.56,
            "gross_margin_4q_avg": 11.04,
            "net_income": 20920,
            "net_income_4q": null,
            "revenue": 445255,
            "revenue_4q": null,
            "common_shares": 713403,
            "book_valuer_per_share": 13.33,
            "book_valuer_per_share_4q_avg": 13.23,
            "equity": 950825,
            "current_ratio": 132.79,
            "debt_ratio": 69.21,
            "inventory_turnover_ratio": 0.25,
            "account_receivable_turnover_ratio": null,
            "reinvestment_rate": null,
            "research_to_sale_ratio": null,
            "price_fair": 28.7,
            "eps_avg_yearly": 0.82,
            "eps_latest_yearly": 1.16,
            "eps_growth_yearly": 102.23
        },
        "20073": {
            "year_quarter": 20073,
            "year": 2007,
            "quarter": 3,
            "eps": 0.14,
            "eps_growth_year": null,
            "eps_4q": 1.66,
            "eps_4q_growth_year": null,
            "roe": 1.16,
            "roe_4q": 14.1,
            "gross_profit": 39208,
            "gross_margin": 3.87,
            "gross_margin_4q_avg": 9.28,
            "net_income": 11119,
            "net_income_4q": null,
            "revenue": 1011901,
            "revenue_4q": null,
            "common_shares": 784743,
            "book_valuer_per_share": 12.26,
            "book_valuer_per_share_4q_avg": 13.22,
            "equity": 961944,
            "current_ratio": 122.92,
            "debt_ratio": 71.47,
            "inventory_turnover_ratio": 0.6,
            "account_receivable_turnover_ratio": null,
            "reinvestment_rate": null,
            "research_to_sale_ratio": null,
            "price_fair": 2.2,
            "eps_avg_yearly": 0.73,
            "eps_latest_yearly": 0.56,
            "eps_growth_yearly": -0.81
        },
        "20074": {
            "year_quarter": 20074,
            "year": 2007,
            "quarter": 4,
            "eps": 0.79,
            "eps_growth_year": -37.8,
            "eps_4q": 1.32,
            "eps_4q_growth_year": null,
            "roe": 6.26,
            "roe_4q": 10.57,
            "gross_profit": 37875,
            "gross_margin": 9.68,
            "gross_margin_4q_avg": 9.21,
            "net_income": 62161,
            "net_income_4q": null,
            "revenue": 391426,
            "revenue_4q": null,
            "common_shares": 784743,
            "book_valuer_per_share": 13.05,
            "book_valuer_per_share_4q_avg": 13.09,
            "equity": 1024105,
            "current_ratio": 125.44,
            "debt_ratio": 72,
            "inventory_turnover_ratio": 0.22,
            "account_receivable_turnover_ratio": null,
            "reinvestment_rate": null,
            "research_to_sale_ratio": null,
            "price_fair": 46.9,
            "eps_avg_yearly": 1.34,
            "eps_latest_yearly": 3.16,
            "eps_growth_yearly": 463.68
        },
        "20081": {
            "year_quarter": 20081,
            "year": 2008,
            "quarter": 1,
            "eps": 0.2,
            "eps_growth_year": 66.67,
            "eps_4q": 1.34,
            "eps_4q_growth_year": null,
            "roe": 1.5,
            "roe_4q": 11.09,
            "gross_profit": 50637,
            "gross_margin": 12.12,
            "gross_margin_4q_avg": 9.31,
            "net_income": 16553,
            "net_income_4q": null,
            "revenue": 417893,
            "revenue_4q": null,
            "common_shares": 889383,
            "book_valuer_per_share": 13.26,
            "book_valuer_per_share_4q_avg": 12.98,
            "equity": 1178922,
            "current_ratio": 126.94,
            "debt_ratio": 70.9,
            "inventory_turnover_ratio": 0.21,
            "account_receivable_turnover_ratio": null,
            "reinvestment_rate": null,
            "research_to_sale_ratio": null,
            "price_fair": 43.12,
            "eps_avg_yearly": 1.23,
            "eps_latest_yearly": 0.8,
            "eps_growth_yearly": 311.19
        },
        "20082": {
            "year_quarter": 20082,
            "year": 2008,
            "quarter": 2,
            "eps": 0.18,
            "eps_growth_year": -37.93,
            "eps_4q": 1.27,
            "eps_4q_growth_year": -24.01,
            "roe": 1.27,
            "roe_4q": 10.19,
            "gross_profit": 52385,
            "gross_margin": 14.44,
            "gross_margin_4q_avg": 10.03,
            "net_income": 14853,
            "net_income_4q": null,
            "revenue": 362835,
            "revenue_4q": null,
            "common_shares": 889383,
            "book_valuer_per_share": 13.13,
            "book_valuer_per_share_4q_avg": 12.93,
            "equity": 1167587,
            "current_ratio": 124.8,
            "debt_ratio": 73.16,
            "inventory_turnover_ratio": 0.18,
            "account_receivable_turnover_ratio": null,
            "reinvestment_rate": null,
            "research_to_sale_ratio": null,
            "price_fair": 40.13,
            "eps_avg_yearly": 1.15,
            "eps_latest_yearly": 0.72,
            "eps_growth_yearly": 252.66
        },
        "20083": {
            "year_quarter": 20083,
            "year": 2008,
            "quarter": 3,
            "eps": 0.02,
            "eps_growth_year": -85.71,
            "eps_4q": 1.38,
            "eps_4q_growth_year": -16.64,
            "roe": 0.11,
            "roe_4q": 9.14,
            "gross_profit": 33073,
            "gross_margin": 6.48,
            "gross_margin_4q_avg": 10.68,
            "net_income": 1372,
            "net_income_4q": null,
            "revenue": 510386,
            "revenue_4q": null,
            "common_shares": 1166064,
            "book_valuer_per_share": 12.18,
            "book_valuer_per_share_4q_avg": 12.91,
            "equity": 1419710,
            "current_ratio": 133.72,
            "debt_ratio": 67.41,
            "inventory_turnover_ratio": 0.28,
            "account_receivable_turnover_ratio": null,
            "reinvestment_rate": null,
            "research_to_sale_ratio": null,
            "price_fair": 34.8,
            "eps_avg_yearly": 0.99,
            "eps_latest_yearly": 0.08,
            "eps_growth_yearly": 165.77
        },
        "20084": {
            "year_quarter": 20084,
            "year": 2008,
            "quarter": 4,
            "eps": -0.08,
            "eps_growth_year": -110.13,
            "eps_4q": 0.25,
            "eps_4q_growth_year": -81.03,
            "roe": -0.58,
            "roe_4q": 2.3,
            "gross_profit": 22341,
            "gross_margin": 3.01,
            "gross_margin_4q_avg": 9.01,
            "net_income": -8182,
            "net_income_4q": null,
            "revenue": 743077,
            "revenue_4q": null,
            "common_shares": 1166064,
            "book_valuer_per_share": 12.11,
            "book_valuer_per_share_4q_avg": 12.67,
            "equity": 1411527,
            "current_ratio": 130.46,
            "debt_ratio": 66.12,
            "inventory_turnover_ratio": 0.4,
            "account_receivable_turnover_ratio": 1.6,
            "reinvestment_rate": null,
            "research_to_sale_ratio": null,
            "price_fair": 34.8,
            "eps_avg_yearly": 0.99,
            "eps_latest_yearly": 0.08,
            "eps_growth_yearly": 165.77
        },
        "20091": {
            "year_quarter": 20091,
            "year": 2009,
            "quarter": 1,
            "eps": 0.02,
            "eps_growth_year": -90,
            "eps_4q": 0.08,
            "eps_4q_growth_year": -94.02,
            "roe": 0.19,
            "roe_4q": 0.99,
            "gross_profit": 14406,
            "gross_margin": 3.39,
            "gross_margin_4q_avg": 6.83,
            "net_income": 2683,
            "net_income_4q": null,
            "revenue": 425424,
            "revenue_4q": null,
            "common_shares": 1166064,
            "book_valuer_per_share": 12.13,
            "book_valuer_per_share_4q_avg": 12.39,
            "equity": 1414210,
            "current_ratio": 132.49,
            "debt_ratio": 63.89,
            "inventory_turnover_ratio": 0.24,
            "account_receivable_turnover_ratio": 0.48,
            "reinvestment_rate": null,
            "research_to_sale_ratio": null,
            "price_fair": 34.8,
            "eps_avg_yearly": 0.99,
            "eps_latest_yearly": 0.08,
            "eps_growth_yearly": 165.77
        },
        "20092": {
            "year_quarter": 20092,
            "year": 2009,
            "quarter": 2,
            "eps": 0.03,
            "eps_growth_year": -83.33,
            "eps_4q": -0.01,
            "eps_4q_growth_year": -100.82,
            "roe": 0.22,
            "roe_4q": -0.05999999999999993,
            "gross_profit": 45211,
            "gross_margin": 3.24,
            "gross_margin_4q_avg": 4.03,
            "net_income": 3068,
            "net_income_4q": null,
            "revenue": 1393962,
            "revenue_4q": null,
            "common_shares": 1166064,
            "book_valuer_per_share": 12.15,
            "book_valuer_per_share_4q_avg": 12.14,
            "equity": 1417278,
            "current_ratio": 129.56,
            "debt_ratio": 64.27,
            "inventory_turnover_ratio": 0.83,
            "account_receivable_turnover_ratio": 1.53,
            "reinvestment_rate": null,
            "research_to_sale_ratio": null,
            "price_fair": 30.98,
            "eps_avg_yearly": 0.89,
            "eps_latest_yearly": 0.12,
            "eps_growth_yearly": 170.05
        },
        "20093": {
            "year_quarter": 20093,
            "year": 2009,
            "quarter": 3,
            "eps": 0.31,
            "eps_growth_year": 1450,
            "eps_4q": 0.29,
            "eps_4q_growth_year": -79.09,
            "roe": 2.55,
            "roe_4q": 2.38,
            "gross_profit": 42497,
            "gross_margin": 6.99,
            "gross_margin_4q_avg": 4.16,
            "net_income": 36571,
            "net_income_4q": null,
            "revenue": 607540,
            "revenue_4q": null,
            "common_shares": 1166064,
            "book_valuer_per_share": 12.49,
            "book_valuer_per_share_4q_avg": 12.22,
            "equity": 1455888,
            "current_ratio": 139.62,
            "debt_ratio": 61.57,
            "inventory_turnover_ratio": 0.35,
            "account_receivable_turnover_ratio": 0.69,
            "reinvestment_rate": null,
            "research_to_sale_ratio": null,
            "price_fair": 32.36,
            "eps_avg_yearly": 0.92,
            "eps_latest_yearly": 1.24,
            "eps_growth_yearly": 565.97
        },
        "20094": {
            "year_quarter": 20094,
            "year": 2009,
            "quarter": 4,
            "eps": 0.1,
            "eps_growth_year": null,
            "eps_4q": 0.41,
            "eps_4q_growth_year": 65.32,
            "roe": 0.79,
            "roe_4q": 3.75,
            "gross_profit": 56927,
            "gross_margin": 8.39,
            "gross_margin_4q_avg": 5.5,
            "net_income": 12072,
            "net_income_4q": null,
            "revenue": 678643,
            "revenue_4q": null,
            "common_shares": 1316064,
            "book_valuer_per_share": 12.29,
            "book_valuer_per_share_4q_avg": 12.27,
            "equity": 1617960,
            "current_ratio": 151.26,
            "debt_ratio": 59.5,
            "inventory_turnover_ratio": 0.57,
            "account_receivable_turnover_ratio": 1.53,
            "reinvestment_rate": null,
            "research_to_sale_ratio": null,
            "price_fair": 30.52,
            "eps_avg_yearly": 0.87,
            "eps_latest_yearly": 0.4,
            "eps_growth_yearly": 482.28
        },
        "20101": {
            "year_quarter": 20101,
            "year": 2010,
            "quarter": 1,
            "eps": 0.06,
            "eps_growth_year": 200,
            "eps_4q": 0.45,
            "eps_4q_growth_year": 464.85,
            "roe": 0.48,
            "roe_4q": 4.04,
            "gross_profit": 29730,
            "gross_margin": 5.95,
            "gross_margin_4q_avg": 6.14,
            "net_income": 7726,
            "net_income_4q": null,
            "revenue": 499635,
            "revenue_4q": null,
            "common_shares": 1316064,
            "book_valuer_per_share": 0,
            "book_valuer_per_share_4q_avg": 9.23,
            "equity": 1625686,
            "current_ratio": 157.06,
            "debt_ratio": 56.58,
            "inventory_turnover_ratio": 0.9,
            "account_receivable_turnover_ratio": 0.55,
            "reinvestment_rate": null,
            "research_to_sale_ratio": null,
            "price_fair": 28.51,
            "eps_avg_yearly": 0.81,
            "eps_latest_yearly": 0.24,
            "eps_growth_yearly": 423.89
        },
        "20102": {
            "year_quarter": 20102,
            "year": 2010,
            "quarter": 2,
            "eps": 0.06,
            "eps_growth_year": 104.58,
            "eps_4q": 0.47,
            "eps_4q_growth_year": null,
            "roe": 0.52,
            "roe_4q": 4.34,
            "gross_profit": 27534,
            "gross_margin": 4.31,
            "gross_margin_4q_avg": 6.41,
            "net_income": 8481,
            "net_income_4q": null,
            "revenue": 638902,
            "revenue_4q": null,
            "common_shares": 1316064,
            "book_valuer_per_share": 0,
            "book_valuer_per_share_4q_avg": 6.2,
            "equity": 1621006,
            "current_ratio": 148.14,
            "debt_ratio": 57.74,
            "inventory_turnover_ratio": 1.25,
            "account_receivable_turnover_ratio": 0.66,
            "reinvestment_rate": 326.69,
            "research_to_sale_ratio": null,
            "price_fair": 26.83,
            "eps_avg_yearly": 0.77,
            "eps_latest_yearly": 0.24,
            "eps_growth_yearly": 388.57
        },
        "20103": {
            "year_quarter": 20103,
            "year": 2010,
            "quarter": 3,
            "eps": -0.06,
            "eps_growth_year": -118.55,
            "eps_4q": 0.15,
            "eps_4q_growth_year": -49.16,
            "roe": -0.49,
            "roe_4q": 1.3,
            "gross_profit": 8000,
            "gross_margin": 1.43,
            "gross_margin_4q_avg": 5.02,
            "net_income": -7946,
            "net_income_4q": null,
            "revenue": 559439,
            "revenue_4q": null,
            "common_shares": 1381867,
            "book_valuer_per_share": 0,
            "book_valuer_per_share_4q_avg": 3.07,
            "equity": 1613060,
            "current_ratio": 150.34,
            "debt_ratio": 55.84,
            "inventory_turnover_ratio": 0.64,
            "account_receivable_turnover_ratio": 0.57,
            "reinvestment_rate": 172.59,
            "research_to_sale_ratio": null,
            "price_fair": 26.83,
            "eps_avg_yearly": 0.77,
            "eps_latest_yearly": 0.24,
            "eps_growth_yearly": 388.57
        },
        "20104": {
            "year_quarter": 20104,
            "year": 2010,
            "quarter": 4,
            "eps": 0,
            "eps_growth_year": -98.52,
            "eps_4q": 0.06,
            "eps_4q_growth_year": -85.18,
            "roe": 0.01,
            "roe_4q": 0.52,
            "gross_profit": 37429,
            "gross_margin": 9.45,
            "gross_margin_4q_avg": 5.29,
            "net_income": 205,
            "net_income_4q": null,
            "revenue": 396027,
            "revenue_4q": null,
            "common_shares": 1381867,
            "book_valuer_per_share": 11.67,
            "book_valuer_per_share_4q_avg": 2.92,
            "equity": 1613265,
            "current_ratio": 143.87,
            "debt_ratio": 59.64,
            "inventory_turnover_ratio": 0.42,
            "account_receivable_turnover_ratio": 0.4,
            "reinvestment_rate": 293.84,
            "research_to_sale_ratio": null,
            "price_fair": 26.83,
            "eps_avg_yearly": 0.77,
            "eps_latest_yearly": 0.24,
            "eps_growth_yearly": 388.57
        },
        "20111": {
            "year_quarter": 20111,
            "year": 2011,
            "quarter": 1,
            "eps": 0.05,
            "eps_growth_year": -16.67,
            "eps_4q": 0.05,
            "eps_4q_growth_year": -88.63,
            "roe": 0.39,
            "roe_4q": 0.43000000000000005,
            "gross_profit": 33062,
            "gross_margin": 7.86,
            "gross_margin_4q_avg": 5.76,
            "net_income": 6358,
            "net_income_4q": null,
            "revenue": 420391,
            "revenue_4q": null,
            "common_shares": 1381867,
            "book_valuer_per_share": 11.72,
            "book_valuer_per_share_4q_avg": 5.85,
            "equity": 1619623,
            "current_ratio": 143.15,
            "debt_ratio": 58.44,
            "inventory_turnover_ratio": 0.82,
            "account_receivable_turnover_ratio": 0.44,
            "reinvestment_rate": 301.11,
            "research_to_sale_ratio": null,
            "price_fair": 27.75,
            "eps_avg_yearly": 0.79,
            "eps_latest_yearly": 0.24,
            "eps_growth_yearly": 456.82
        },
        "20112": {
            "year_quarter": 20112,
            "year": 2011,
            "quarter": 2,
            "eps": 0.03,
            "eps_growth_year": -56.41,
            "eps_4q": 0.02,
            "eps_4q_growth_year": -96.43,
            "roe": 0.23,
            "roe_4q": 0.14,
            "gross_profit": 26880,
            "gross_margin": 4.95,
            "gross_margin_4q_avg": 5.92,
            "net_income": 3697,
            "net_income_4q": null,
            "revenue": 542747,
            "revenue_4q": null,
            "common_shares": 1381867,
            "book_valuer_per_share": 11.55,
            "book_valuer_per_share_4q_avg": 8.74,
            "equity": 1595683,
            "current_ratio": 132.49,
            "debt_ratio": 62.88,
            "inventory_turnover_ratio": 0.84,
            "account_receivable_turnover_ratio": 0.55,
            "reinvestment_rate": 269.4,
            "research_to_sale_ratio": null,
            "price_fair": 24.44,
            "eps_avg_yearly": 0.7,
            "eps_latest_yearly": 0.12,
            "eps_growth_yearly": 390.76
        },
        "20113": {
            "year_quarter": 20113,
            "year": 2011,
            "quarter": 3,
            "eps": 0.01,
            "eps_growth_year": null,
            "eps_4q": 0.09,
            "eps_4q_growth_year": -42.06,
            "roe": 0.1,
            "roe_4q": 0.73,
            "gross_profit": 28855,
            "gross_margin": 8.76,
            "gross_margin_4q_avg": 7.76,
            "net_income": 1522,
            "net_income_4q": null,
            "revenue": 329334,
            "revenue_4q": null,
            "common_shares": 1381867,
            "book_valuer_per_share": 11.56,
            "book_valuer_per_share_4q_avg": 11.63,
            "equity": 1597205,
            "current_ratio": 127.08,
            "debt_ratio": 65.07,
            "inventory_turnover_ratio": 0.34,
            "account_receivable_turnover_ratio": 0.31,
            "reinvestment_rate": 250.96,
            "research_to_sale_ratio": null,
            "price_fair": 22.78,
            "eps_avg_yearly": 0.65,
            "eps_latest_yearly": 0.04,
            "eps_growth_yearly": 385.32
        },
        "20114": {
            "year_quarter": 20114,
            "year": 2011,
            "quarter": 4,
            "eps": -0.74,
            "eps_growth_year": -49792.52,
            "eps_4q": -0.65,
            "eps_4q_growth_year": -1166.94,
            "roe": -6.59,
            "roe_4q": -5.87,
            "gross_profit": -60203,
            "gross_margin": -14.27,
            "gross_margin_4q_avg": 1.83,
            "net_income": -101904,
            "net_income_4q": null,
            "revenue": 421754,
            "revenue_4q": null,
            "common_shares": 1381867,
            "book_valuer_per_share": 10.82,
            "book_valuer_per_share_4q_avg": 11.41,
            "equity": 1495301,
            "current_ratio": 119.14,
            "debt_ratio": 68.83,
            "inventory_turnover_ratio": 0.47,
            "account_receivable_turnover_ratio": 0.4,
            "reinvestment_rate": null,
            "research_to_sale_ratio": null,
            "price_fair": 14,
            "eps_avg_yearly": 0.4,
            "eps_latest_yearly": 0.04,
            "eps_growth_yearly": 238.14
        },
        "20121": {
            "year_quarter": 20121,
            "year": 2012,
            "quarter": 1,
            "eps": 0.12,
            "eps_growth_year": 140,
            "eps_4q": -0.57,
            "eps_4q_growth_year": -1211.92,
            "roe": 1.18,
            "roe_4q": -5.08,
            "gross_profit": 49557,
            "gross_margin": 8.83,
            "gross_margin_4q_avg": 2.07,
            "net_income": 17761,
            "net_income_4q": null,
            "revenue": 561007,
            "revenue_4q": null,
            "common_shares": 1381867,
            "book_valuer_per_share": 10.95,
            "book_valuer_per_share_4q_avg": 11.22,
            "equity": 1513062,
            "current_ratio": 118.54,
            "debt_ratio": 69.28,
            "inventory_turnover_ratio": 0.49,
            "account_receivable_turnover_ratio": 0.47,
            "reinvestment_rate": null,
            "research_to_sale_ratio": null,
            "price_fair": 12.44,
            "eps_avg_yearly": 0.36,
            "eps_latest_yearly": 0.04,
            "eps_growth_yearly": 297.79
        },
        "20122": {
            "year_quarter": 20122,
            "year": 2012,
            "quarter": 2,
            "eps": 0.88,
            "eps_growth_year": 3194.41,
            "eps_4q": 0.28,
            "eps_4q_growth_year": 1593,
            "roe": 7.74,
            "roe_4q": 2.43,
            "gross_profit": 153874,
            "gross_margin": 10.74,
            "gross_margin_4q_avg": 3.52,
            "net_income": 121796,
            "net_income_4q": null,
            "revenue": 1432124,
            "revenue_4q": null,
            "common_shares": 1381867,
            "book_valuer_per_share": 11.83,
            "book_valuer_per_share_4q_avg": 11.29,
            "equity": 1634858,
            "current_ratio": 131.26,
            "debt_ratio": 67.49,
            "inventory_turnover_ratio": 1.32,
            "account_receivable_turnover_ratio": 1.1,
            "reinvestment_rate": 210.3,
            "research_to_sale_ratio": null,
            "price_fair": 23.33,
            "eps_avg_yearly": 0.67,
            "eps_latest_yearly": 3.52,
            "eps_growth_yearly": 583.72
        },
        "20123": {
            "year_quarter": 20123,
            "year": 2012,
            "quarter": 3,
            "eps": 0.12,
            "eps_growth_year": 1014.34,
            "eps_4q": 0.4,
            "eps_4q_growth_year": 363.53,
            "roe": 1.03,
            "roe_4q": 3.3599999999999994,
            "gross_profit": 50356,
            "gross_margin": 9.4,
            "gross_margin_4q_avg": 3.68,
            "net_income": 16960,
            "net_income_4q": null,
            "revenue": 535424,
            "revenue_4q": null,
            "common_shares": 1381867,
            "book_valuer_per_share": 11.95,
            "book_valuer_per_share_4q_avg": 11.39,
            "equity": 1651818,
            "current_ratio": 129.78,
            "debt_ratio": 67.66,
            "inventory_turnover_ratio": 0.51,
            "account_receivable_turnover_ratio": 0.39,
            "reinvestment_rate": 136.92,
            "research_to_sale_ratio": null,
            "price_fair": 24.89,
            "eps_avg_yearly": 0.71,
            "eps_latest_yearly": 0.48,
            "eps_growth_yearly": 584.84
        },
        "20124": {
            "year_quarter": 20124,
            "year": 2012,
            "quarter": 4,
            "eps": 0.67,
            "eps_growth_year": null,
            "eps_4q": 1.8,
            "eps_4q_growth_year": null,
            "roe": 5.41,
            "roe_4q": 15.36,
            "gross_profit": 149136,
            "gross_margin": 14.37,
            "gross_margin_4q_avg": 10.84,
            "net_income": 92010,
            "net_income_4q": null,
            "revenue": 1037978,
            "revenue_4q": null,
            "common_shares": 1381867,
            "book_valuer_per_share": 12.67,
            "book_valuer_per_share_4q_avg": 11.85,
            "equity": 1750471,
            "current_ratio": 132.21,
            "debt_ratio": 67.1,
            "inventory_turnover_ratio": 0.9,
            "account_receivable_turnover_ratio": 0.72,
            "reinvestment_rate": 32.17,
            "research_to_sale_ratio": null,
            "price_fair": 31.78,
            "eps_avg_yearly": 0.91,
            "eps_latest_yearly": 2.68,
            "eps_growth_yearly": 709.69
        },
        "20131": {
            "year_quarter": 20131,
            "year": 2013,
            "quarter": 1,
            "eps": 0.53,
            "eps_growth_year": 341.67,
            "eps_4q": 2.2,
            "eps_4q_growth_year": null,
            "roe": 4.13,
            "roe_4q": 18.31,
            "gross_profit": 115277,
            "gross_margin": 16.09,
            "gross_margin_4q_avg": 12.65,
            "net_income": 73852,
            "net_income_4q": null,
            "revenue": 716529,
            "revenue_4q": null,
            "common_shares": 1387503,
            "book_valuer_per_share": 13.18,
            "book_valuer_per_share_4q_avg": 12.41,
            "equity": 1828752,
            "current_ratio": 137.6,
            "debt_ratio": 63.12,
            "inventory_turnover_ratio": 0.63,
            "account_receivable_turnover_ratio": 0.51,
            "reinvestment_rate": 52.98,
            "research_to_sale_ratio": null,
            "price_fair": 35.64,
            "eps_avg_yearly": 1.02,
            "eps_latest_yearly": 2.12,
            "eps_growth_yearly": 637.58
        },
        "20132": {
            "year_quarter": 20132,
            "year": 2013,
            "quarter": 2,
            "eps": 0.41,
            "eps_growth_year": -53.48,
            "eps_4q": 1.58,
            "eps_4q_growth_year": 456.35,
            "roe": 3.04,
            "roe_4q": 13.61,
            "gross_profit": 91522,
            "gross_margin": 9.18,
            "gross_margin_4q_avg": 12.26,
            "net_income": 56796,
            "net_income_4q": null,
            "revenue": 996568,
            "revenue_4q": null,
            "common_shares": 1449867,
            "book_valuer_per_share": 13.16,
            "book_valuer_per_share_4q_avg": 12.74,
            "equity": 1908739,
            "current_ratio": 136.62,
            "debt_ratio": 62.05,
            "inventory_turnover_ratio": 1.05,
            "account_receivable_turnover_ratio": 0.75,
            "reinvestment_rate": 55.83,
            "research_to_sale_ratio": null,
            "price_fair": 40.47,
            "eps_avg_yearly": 1.16,
            "eps_latest_yearly": 1.64,
            "eps_growth_yearly": 611.16
        },
        "20133": {
            "year_quarter": 20133,
            "year": 2013,
            "quarter": 3,
            "eps": 0.37,
            "eps_growth_year": 201.47,
            "eps_4q": 1.63,
            "eps_4q_growth_year": 312.23,
            "roe": 2.98,
            "roe_4q": 15.559999999999999,
            "gross_profit": 106418,
            "gross_margin": 11.6,
            "gross_margin_4q_avg": 12.81,
            "net_income": 61435,
            "net_income_4q": null,
            "revenue": 917564,
            "revenue_4q": null,
            "common_shares": 1674412,
            "book_valuer_per_share": 13.25,
            "book_valuer_per_share_4q_avg": 13.07,
            "equity": 2218996,
            "current_ratio": 147.24,
            "debt_ratio": 57.28,
            "inventory_turnover_ratio": 1.08,
            "account_receivable_turnover_ratio": 0.64,
            "reinvestment_rate": 103.25,
            "research_to_sale_ratio": null,
            "price_fair": 41.24,
            "eps_avg_yearly": 1.18,
            "eps_latest_yearly": 1.48,
            "eps_growth_yearly": 268.22
        },
        "20134": {
            "year_quarter": 20134,
            "year": 2013,
            "quarter": 4,
            "eps": -0.01,
            "eps_growth_year": -101.17,
            "eps_4q": 1.05,
            "eps_4q_growth_year": -41.72,
            "roe": -0.06,
            "roe_4q": 10.09,
            "gross_profit": 24774,
            "gross_margin": 2.94,
            "gross_margin_4q_avg": 9.95,
            "net_income": -1414,
            "net_income_4q": null,
            "revenue": 842126,
            "revenue_4q": null,
            "common_shares": 1819197,
            "book_valuer_per_share": 12.6,
            "book_valuer_per_share_4q_avg": 13.05,
            "equity": 2291646,
            "current_ratio": 154.09,
            "debt_ratio": 51.87,
            "inventory_turnover_ratio": 1.29,
            "account_receivable_turnover_ratio": 0.57,
            "reinvestment_rate": 104.75,
            "research_to_sale_ratio": null,
            "price_fair": 43.96,
            "eps_avg_yearly": 1.26,
            "eps_latest_yearly": 1.48,
            "eps_growth_yearly": 322.14
        },
        "20141": {
            "year_quarter": 20141,
            "year": 2014,
            "quarter": 1,
            "eps": 0.22,
            "eps_growth_year": -58.49,
            "eps_4q": 0.86,
            "eps_4q_growth_year": -60.9,
            "roe": 1.7,
            "roe_4q": 7.66,
            "gross_profit": 74561,
            "gross_margin": 11.69,
            "gross_margin_4q_avg": 8.85,
            "net_income": 39336,
            "net_income_4q": null,
            "revenue": 637597,
            "revenue_4q": null,
            "common_shares": 1819197,
            "book_valuer_per_share": 12.81,
            "book_valuer_per_share_4q_avg": 12.96,
            "equity": 2330982,
            "current_ratio": 158.13,
            "debt_ratio": 52.22,
            "inventory_turnover_ratio": 1.11,
            "account_receivable_turnover_ratio": 0.46,
            "reinvestment_rate": 93.12,
            "research_to_sale_ratio": null,
            "price_fair": 47.91,
            "eps_avg_yearly": 1.37,
            "eps_latest_yearly": 1.48,
            "eps_growth_yearly": 375.71
        },
        "20142": {
            "year_quarter": 20142,
            "year": 2014,
            "quarter": 2,
            "eps": 0.13,
            "eps_growth_year": -68.29,
            "eps_4q": 0.68,
            "eps_4q_growth_year": -57.2,
            "roe": 1.03,
            "roe_4q": 5.65,
            "gross_profit": 59208,
            "gross_margin": 6.45,
            "gross_margin_4q_avg": 8.17,
            "net_income": 23449,
            "net_income_4q": null,
            "revenue": 918387,
            "revenue_4q": null,
            "common_shares": 1819197,
            "book_valuer_per_share": 12.14,
            "book_valuer_per_share_4q_avg": 12.7,
            "equity": 2208895,
            "current_ratio": 120.15,
            "debt_ratio": 62.49,
            "inventory_turnover_ratio": 1.63,
            "account_receivable_turnover_ratio": 0.63,
            "reinvestment_rate": 92.16,
            "research_to_sale_ratio": null,
            "price_fair": 49,
            "eps_avg_yearly": 1.4,
            "eps_latest_yearly": 0.52,
            "eps_growth_yearly": 357.53
        },
        "20143": {
            "year_quarter": 20143,
            "year": 2014,
            "quarter": 3,
            "eps": -0.05,
            "eps_growth_year": -113.51,
            "eps_4q": 0.29,
            "eps_4q_growth_year": -82.08,
            "roe": -0.37,
            "roe_4q": 2.3,
            "gross_profit": 21549,
            "gross_margin": 3.36,
            "gross_margin_4q_avg": 6.11,
            "net_income": -8257,
            "net_income_4q": null,
            "revenue": 641712,
            "revenue_4q": null,
            "common_shares": 1819197,
            "book_valuer_per_share": 12.1,
            "book_valuer_per_share_4q_avg": 12.41,
            "equity": 2200638,
            "current_ratio": 193.67,
            "debt_ratio": 64.65,
            "inventory_turnover_ratio": 0.98,
            "account_receivable_turnover_ratio": 0.46,
            "reinvestment_rate": 274.51,
            "research_to_sale_ratio": null,
            "price_fair": 49,
            "eps_avg_yearly": 1.4,
            "eps_latest_yearly": 0.52,
            "eps_growth_yearly": 357.53
        },
        "20144": {
            "year_quarter": 20144,
            "year": 2014,
            "quarter": 4,
            "eps": 0.06,
            "eps_growth_year": null,
            "eps_4q": 0.35,
            "eps_4q_growth_year": -66.14,
            "roe": 0.45,
            "roe_4q": 2.81,
            "gross_profit": 35928,
            "gross_margin": 5.2,
            "gross_margin_4q_avg": 6.68,
            "net_income": 10023,
            "net_income_4q": null,
            "revenue": 690596,
            "revenue_4q": null,
            "common_shares": 1819197,
            "book_valuer_per_share": 12.19,
            "book_valuer_per_share_4q_avg": 12.31,
            "equity": 2217909,
            "current_ratio": 319.78,
            "debt_ratio": 64.05,
            "inventory_turnover_ratio": 1.07,
            "account_receivable_turnover_ratio": 0.49,
            "reinvestment_rate": 256.34,
            "research_to_sale_ratio": null,
            "price_fair": 49,
            "eps_avg_yearly": 1.4,
            "eps_latest_yearly": 0.52,
            "eps_growth_yearly": 357.53
        },
        "20151": {
            "year_quarter": 20151,
            "year": 2015,
            "quarter": 1,
            "eps": 0.02,
            "eps_growth_year": -90.91,
            "eps_4q": 0.16,
            "eps_4q_growth_year": -81.05,
            "roe": 0.19,
            "roe_4q": 1.3,
            "gross_profit": 38660,
            "gross_margin": 5.6,
            "gross_margin_4q_avg": 5.15,
            "net_income": 4332,
            "net_income_4q": null,
            "revenue": 690518,
            "revenue_4q": null,
            "common_shares": 1819197,
            "book_valuer_per_share": 12.18,
            "book_valuer_per_share_4q_avg": 12.15,
            "equity": 2355539,
            "current_ratio": 229.89,
            "debt_ratio": 63.73,
            "inventory_turnover_ratio": 1.25,
            "account_receivable_turnover_ratio": 0.44,
            "reinvestment_rate": 253.35,
            "research_to_sale_ratio": null,
            "price_fair": 44.38,
            "eps_avg_yearly": 1.27,
            "eps_latest_yearly": 0.08,
            "eps_growth_yearly": 295.11
        },
        "20152": {
            "year_quarter": 20152,
            "year": 2015,
            "quarter": 2,
            "eps": 0.04,
            "eps_growth_year": -69.23,
            "eps_4q": 0.07,
            "eps_4q_growth_year": -89.02,
            "roe": 0.08,
            "roe_4q": 0.35,
            "gross_profit": 93039,
            "gross_margin": 13.27,
            "gross_margin_4q_avg": 6.86,
            "net_income": 1783,
            "net_income_4q": null,
            "revenue": 700903,
            "revenue_4q": null,
            "common_shares": 1819197,
            "book_valuer_per_share": 12.11,
            "book_valuer_per_share_4q_avg": 12.15,
            "equity": 2368994,
            "current_ratio": 210.9,
            "debt_ratio": 61.77,
            "inventory_turnover_ratio": 1.13,
            "account_receivable_turnover_ratio": 0.46,
            "reinvestment_rate": 244.56,
            "research_to_sale_ratio": null,
            "price_fair": 44.52,
            "eps_avg_yearly": 1.27,
            "eps_latest_yearly": 0.16,
            "eps_growth_yearly": 351.11
        },
        "20153": {
            "year_quarter": 20153,
            "year": 2015,
            "quarter": 3,
            "eps": 0.48,
            "eps_growth_year": null,
            "eps_4q": 0.6,
            "eps_4q_growth_year": 105.47,
            "roe": 4.04,
            "roe_4q": 4.760000000000001,
            "gross_profit": 106467,
            "gross_margin": 14.93,
            "gross_margin_4q_avg": 9.75,
            "net_income": 96894,
            "net_income_4q": null,
            "revenue": 713088,
            "revenue_4q": null,
            "common_shares": 1855581,
            "book_valuer_per_share": 12.27,
            "book_valuer_per_share_4q_avg": 12.19,
            "equity": 2432649,
            "current_ratio": 213.51,
            "debt_ratio": 61.25,
            "inventory_turnover_ratio": 0.85,
            "account_receivable_turnover_ratio": 0.56,
            "reinvestment_rate": 197.12,
            "research_to_sale_ratio": null,
            "price_fair": 51.1,
            "eps_avg_yearly": 1.46,
            "eps_latest_yearly": 1.92,
            "eps_growth_yearly": 817.77
        },
        "20154": {
            "year_quarter": 20154,
            "year": 2015,
            "quarter": 4,
            "eps": 0.47,
            "eps_growth_year": 761.96,
            "eps_4q": 1.02,
            "eps_4q_growth_year": 187.69,
            "roe": 3.55,
            "roe_4q": 7.86,
            "gross_profit": 143484,
            "gross_margin": 15.59,
            "gross_margin_4q_avg": 12.35,
            "net_income": 87825,
            "net_income_4q": null,
            "revenue": 920511,
            "revenue_4q": null,
            "common_shares": 1855581,
            "book_valuer_per_share": 12.72,
            "book_valuer_per_share_4q_avg": 12.32,
            "equity": 2513043,
            "current_ratio": 265.85,
            "debt_ratio": 60.43,
            "inventory_turnover_ratio": 0.88,
            "account_receivable_turnover_ratio": 0.86,
            "reinvestment_rate": 139.34,
            "research_to_sale_ratio": null,
            "price_fair": 52.44,
            "eps_avg_yearly": 1.5,
            "eps_latest_yearly": 1.88,
            "eps_growth_yearly": 742.67
        },
        "20161": {
            "year_quarter": 20161,
            "year": 2016,
            "quarter": 1,
            "eps": 0.07,
            "eps_growth_year": 250,
            "eps_4q": 1.07,
            "eps_4q_growth_year": 555.03,
            "roe": 0.32,
            "roe_4q": 7.99,
            "gross_profit": 53651,
            "gross_margin": 9.05,
            "gross_margin_4q_avg": 13.21,
            "net_income": 8194,
            "net_income_4q": null,
            "revenue": 592899,
            "revenue_4q": null,
            "common_shares": 1855581,
            "book_valuer_per_share": 12.85,
            "book_valuer_per_share_4q_avg": 12.49,
            "equity": 2539791,
            "current_ratio": 261.94,
            "debt_ratio": 58.69,
            "inventory_turnover_ratio": 0.61,
            "account_receivable_turnover_ratio": 0.54,
            "reinvestment_rate": 140.9,
            "research_to_sale_ratio": null,
            "price_fair": 48.88,
            "eps_avg_yearly": 1.4,
            "eps_latest_yearly": 0.28,
            "eps_growth_yearly": 652.41
        },
        "20162": {
            "year_quarter": 20162,
            "year": 2016,
            "quarter": 2,
            "eps": 0.29,
            "eps_growth_year": 625,
            "eps_4q": 1.32,
            "eps_4q_growth_year": 1675.65,
            "roe": 2.01,
            "roe_4q": 9.919999999999998,
            "gross_profit": 106506,
            "gross_margin": 15.59,
            "gross_margin_4q_avg": 13.79,
            "net_income": 50963,
            "net_income_4q": null,
            "revenue": 683260,
            "revenue_4q": null,
            "common_shares": 1855581,
            "book_valuer_per_share": 12.77,
            "book_valuer_per_share_4q_avg": 12.65,
            "equity": 2528078,
            "current_ratio": 244.27,
            "debt_ratio": 59.87,
            "inventory_turnover_ratio": 0.68,
            "account_receivable_turnover_ratio": 0.54,
            "reinvestment_rate": 168.28,
            "research_to_sale_ratio": null,
            "price_fair": 42,
            "eps_avg_yearly": 1.2,
            "eps_latest_yearly": 1.16,
            "eps_growth_yearly": 546.07
        },
        "20163": {
            "year_quarter": 20163,
            "year": 2016,
            "quarter": 3,
            "eps": -0.06,
            "eps_growth_year": -112.5,
            "eps_4q": 0.77,
            "eps_4q_growth_year": 28.65,
            "roe": -0.34,
            "roe_4q": 5.539999999999999,
            "gross_profit": 34860,
            "gross_margin": 7.88,
            "gross_margin_4q_avg": 12.03,
            "net_income": -8650,
            "net_income_4q": null,
            "revenue": 442441,
            "revenue_4q": null,
            "common_shares": 1855581,
            "book_valuer_per_share": 12.61,
            "book_valuer_per_share_4q_avg": 12.74,
            "equity": 2557943,
            "current_ratio": 219.24,
            "debt_ratio": 58.48,
            "inventory_turnover_ratio": 0.5,
            "account_receivable_turnover_ratio": 0.39,
            "reinvestment_rate": 182.14,
            "research_to_sale_ratio": null,
            "price_fair": 44.29,
            "eps_avg_yearly": 1.27,
            "eps_latest_yearly": 1.16,
            "eps_growth_yearly": 627.11
        },
        "20164": {
            "year_quarter": 20164,
            "year": 2016,
            "quarter": 4,
            "eps": 0.1,
            "eps_growth_year": -79.51,
            "eps_4q": 0.39,
            "eps_4q_growth_year": -61.38,
            "roe": 0.81,
            "roe_4q": 2.8,
            "gross_profit": 93100,
            "gross_margin": 16.53,
            "gross_margin_4q_avg": 12.26,
            "net_income": 20861,
            "net_income_4q": null,
            "revenue": 563277,
            "revenue_4q": null,
            "common_shares": 1855581,
            "book_valuer_per_share": 12.58,
            "book_valuer_per_share_4q_avg": 12.7,
            "equity": 2563495,
            "current_ratio": 225.47,
            "debt_ratio": 60.01,
            "inventory_turnover_ratio": 0.51,
            "account_receivable_turnover_ratio": 0.63,
            "reinvestment_rate": 213.71,
            "research_to_sale_ratio": null,
            "price_fair": 39.34,
            "eps_avg_yearly": 1.12,
            "eps_latest_yearly": 1.16,
            "eps_growth_yearly": 506.49
        },
        "20171": {
            "year_quarter": 20171,
            "year": 2017,
            "quarter": 1,
            "eps": 0.07,
            "eps_growth_year": 0,
            "eps_4q": 0.39,
            "eps_4q_growth_year": -63.15,
            "roe": 0.45,
            "roe_4q": 2.9299999999999997,
            "gross_profit": 50021,
            "gross_margin": 9.95,
            "gross_margin_4q_avg": 12.49,
            "net_income": 11366,
            "net_income_4q": null,
            "revenue": 502541,
            "revenue_4q": null,
            "common_shares": 1855581,
            "book_valuer_per_share": 12.55,
            "book_valuer_per_share_4q_avg": 12.63,
            "equity": 2543180,
            "current_ratio": 243.46,
            "debt_ratio": 60.4,
            "inventory_turnover_ratio": 0.45,
            "account_receivable_turnover_ratio": 0.47,
            "reinvestment_rate": 248.12,
            "research_to_sale_ratio": null,
            "price_fair": 32.9,
            "eps_avg_yearly": 0.94,
            "eps_latest_yearly": 0.28,
            "eps_growth_yearly": 502.85
        },
        "20172": {
            "year_quarter": 20172,
            "year": 2017,
            "quarter": 2,
            "eps": 0.02,
            "eps_growth_year": -93.1,
            "eps_4q": 0.12,
            "eps_4q_growth_year": -90.88,
            "roe": 0.08,
            "roe_4q": 1,
            "gross_profit": 37415,
            "gross_margin": 6.13,
            "gross_margin_4q_avg": 10.12,
            "net_income": 2128,
            "net_income_4q": null,
            "revenue": 610782,
            "revenue_4q": null,
            "common_shares": 1855581,
            "book_valuer_per_share": 12.27,
            "book_valuer_per_share_4q_avg": 12.5,
            "equity": 2492140,
            "current_ratio": 282.27,
            "debt_ratio": 61.55,
            "inventory_turnover_ratio": 0.54,
            "account_receivable_turnover_ratio": 0.53,
            "reinvestment_rate": 271.19,
            "research_to_sale_ratio": null,
            "price_fair": 27.44,
            "eps_avg_yearly": 0.78,
            "eps_latest_yearly": 0.08,
            "eps_growth_yearly": 483.33
        },
        "20173": {
            "year_quarter": 20173,
            "year": 2017,
            "quarter": 3,
            "eps": 0.13,
            "eps_growth_year": null,
            "eps_4q": 0.32,
            "eps_4q_growth_year": -58.96,
            "roe": 0.94,
            "roe_4q": 2.2800000000000002,
            "gross_profit": -13899,
            "gross_margin": -3.16,
            "gross_margin_4q_avg": 7.36,
            "net_income": 23624,
            "net_income_4q": null,
            "revenue": 439375,
            "revenue_4q": null,
            "common_shares": 1855581,
            "book_valuer_per_share": 12.4,
            "book_valuer_per_share_4q_avg": 12.45,
            "equity": 2547804,
            "current_ratio": 373.87,
            "debt_ratio": 60.98,
            "inventory_turnover_ratio": 0.42,
            "account_receivable_turnover_ratio": 0.42,
            "reinvestment_rate": 260.16,
            "research_to_sale_ratio": null,
            "price_fair": 24.08,
            "eps_avg_yearly": 0.69,
            "eps_latest_yearly": 0.52,
            "eps_growth_yearly": 707.24
        },
        "20174": {
            "year_quarter": 20174,
            "year": 2017,
            "quarter": 4,
            "eps": 0.1,
            "eps_growth_year": 1.18,
            "eps_4q": 0.32,
            "eps_4q_growth_year": -19.36,
            "roe": 0.47,
            "roe_4q": 1.94,
            "gross_profit": 58043,
            "gross_margin": 11.67,
            "gross_margin_4q_avg": 6.15,
            "net_income": 12410,
            "net_income_4q": null,
            "revenue": 497504,
            "revenue_4q": null,
            "common_shares": 1855581,
            "book_valuer_per_share": 12.47,
            "book_valuer_per_share_4q_avg": 12.42,
            "equity": 2761456,
            "current_ratio": 364.42,
            "debt_ratio": 58.78,
            "inventory_turnover_ratio": 0.42,
            "account_receivable_turnover_ratio": 0.46,
            "reinvestment_rate": 323.14,
            "research_to_sale_ratio": null,
            "price_fair": 23.16,
            "eps_avg_yearly": 0.66,
            "eps_latest_yearly": 0.4,
            "eps_growth_yearly": 634.55
        },
        "20181": {
            "year_quarter": 20181,
            "year": 2018,
            "quarter": 1,
            "eps": 0.07,
            "eps_growth_year": 0,
            "eps_4q": 0.32,
            "eps_4q_growth_year": -18.26,
            "roe": 0.28,
            "roe_4q": 1.77,
            "gross_profit": 61971,
            "gross_margin": 15.01,
            "gross_margin_4q_avg": 7.41,
            "net_income": 7855,
            "net_income_4q": null,
            "revenue": 412798,
            "revenue_4q": null,
            "common_shares": 1855581,
            "book_valuer_per_share": 12.54,
            "book_valuer_per_share_4q_avg": 12.42,
            "equity": 2768209,
            "current_ratio": 391.85,
            "debt_ratio": 57.03,
            "inventory_turnover_ratio": 0.35,
            "account_receivable_turnover_ratio": 0.41,
            "reinvestment_rate": 361.54,
            "research_to_sale_ratio": null,
            "price_fair": 22.05,
            "eps_avg_yearly": 0.63,
            "eps_latest_yearly": 0.28,
            "eps_growth_yearly": 571.67
        },
        "20182": {
            "year_quarter": 20182,
            "year": 2018,
            "quarter": 2,
            "eps": 0.05,
            "eps_growth_year": 150,
            "eps_4q": 0.36,
            "eps_4q_growth_year": 196.04,
            "roe": 0.14,
            "roe_4q": 1.83,
            "gross_profit": 55391,
            "gross_margin": 13.67,
            "gross_margin_4q_avg": 9.3,
            "net_income": 3899,
            "net_income_4q": null,
            "revenue": 405164,
            "revenue_4q": null,
            "common_shares": 1855581,
            "book_valuer_per_share": 12.28,
            "book_valuer_per_share_4q_avg": 12.42,
            "equity": 2713677,
            "current_ratio": 278.87,
            "debt_ratio": 60.42,
            "inventory_turnover_ratio": 0.37,
            "account_receivable_turnover_ratio": 0.59,
            "reinvestment_rate": 467.65,
            "research_to_sale_ratio": null,
            "price_fair": 21.12,
            "eps_avg_yearly": 0.6,
            "eps_latest_yearly": 0.2,
            "eps_growth_yearly": 575.78
        },
        "20183": {
            "year_quarter": 20183,
            "year": 2018,
            "quarter": 3,
            "eps": 0.07,
            "eps_growth_year": -46.15,
            "eps_4q": 0.26,
            "eps_4q_growth_year": -17.09,
            "roe": 0.18,
            "roe_4q": 1.07,
            "gross_profit": 65907,
            "gross_margin": 15.43,
            "gross_margin_4q_avg": 13.95,
            "net_income": 6009,
            "net_income_4q": null,
            "revenue": 427149,
            "revenue_4q": null,
            "common_shares": 2055581,
            "book_valuer_per_share": 17.08,
            "book_valuer_per_share_4q_avg": 13.59,
            "equity": 3921577,
            "current_ratio": 365.31,
            "debt_ratio": 57.74,
            "inventory_turnover_ratio": 0.39,
            "account_receivable_turnover_ratio": 0.83,
            "reinvestment_rate": 337.69,
            "research_to_sale_ratio": null,
            "price_fair": 20.25,
            "eps_avg_yearly": 0.58,
            "eps_latest_yearly": 0.28,
            "eps_growth_yearly": 543.8
        },
        "20184": {
            "year_quarter": 20184,
            "year": 2018,
            "quarter": 4,
            "eps": -0.01,
            "eps_growth_year": -111.23,
            "eps_4q": 0.16,
            "eps_4q_growth_year": -49.56,
            "roe": -0.3,
            "roe_4q": 0.30000000000000004,
            "gross_profit": 47395,
            "gross_margin": 11.57,
            "gross_margin_4q_avg": 13.92,
            "net_income": -13377,
            "net_income_4q": null,
            "revenue": 409650,
            "revenue_4q": null,
            "common_shares": 2055581,
            "book_valuer_per_share": 17.68,
            "book_valuer_per_share_4q_avg": 14.9,
            "equity": 4882938,
            "current_ratio": 428.56,
            "debt_ratio": 52.4,
            "inventory_turnover_ratio": 0.35,
            "account_receivable_turnover_ratio": 0.76,
            "reinvestment_rate": 419.27,
            "research_to_sale_ratio": null,
            "price_fair": 20.25,
            "eps_avg_yearly": 0.58,
            "eps_latest_yearly": 0.28,
            "eps_growth_yearly": 543.8
        },
        "20191": {
            "year_quarter": 20191,
            "year": 2019,
            "quarter": 1,
            "eps": 0.07,
            "eps_growth_year": 0,
            "eps_4q": 0.17,
            "eps_4q_growth_year": -48.06,
            "roe": 0.13,
            "roe_4q": 0.15000000000000002,
            "gross_profit": 64260,
            "gross_margin": 16.03,
            "gross_margin_4q_avg": 14.18,
            "net_income": 6486,
            "net_income_4q": null,
            "revenue": 400826,
            "revenue_4q": null,
            "common_shares": 2083603,
            "book_valuer_per_share": 17.97,
            "book_valuer_per_share_4q_avg": 16.25,
            "equity": 4939855,
            "current_ratio": 346.9,
            "debt_ratio": 52.16,
            "inventory_turnover_ratio": 0.33,
            "account_receivable_turnover_ratio": 0.84,
            "reinvestment_rate": 559.09,
            "research_to_sale_ratio": null,
            "price_fair": 21.7,
            "eps_avg_yearly": 0.62,
            "eps_latest_yearly": 0.28,
            "eps_growth_yearly": 611.34
        },
        "20192": {
            "year_quarter": 20192,
            "year": 2019,
            "quarter": 2,
            "eps": 0.04,
            "eps_growth_year": -20,
            "eps_4q": 0.16,
            "eps_4q_growth_year": -54.32,
            "roe": 0.01,
            "roe_4q": 0.020000000000000018,
            "gross_profit": 60453,
            "gross_margin": 13.14,
            "gross_margin_4q_avg": 14.04,
            "net_income": 561,
            "net_income_4q": null,
            "revenue": 460039,
            "revenue_4q": null,
            "common_shares": 2089062,
            "book_valuer_per_share": 17.83,
            "book_valuer_per_share_4q_avg": 17.64,
            "equity": 4942904,
            "current_ratio": 249.99,
            "debt_ratio": 53.26,
            "inventory_turnover_ratio": 0.45,
            "account_receivable_turnover_ratio": 1.43,
            "reinvestment_rate": 715.06,
            "research_to_sale_ratio": null,
            "price_fair": 21.7,
            "eps_avg_yearly": 0.62,
            "eps_latest_yearly": 0.16,
            "eps_growth_yearly": 563.72
        },
        "20193": {
            "year_quarter": 20193,
            "year": 2019,
            "quarter": 3,
            "eps": 2.79,
            "eps_growth_year": 3885.71,
            "eps_4q": 2.89,
            "eps_4q_growth_year": 1001.72,
            "roe": 10.91,
            "roe_4q": 10.75,
            "gross_profit": 22134,
            "gross_margin": 3.91,
            "gross_margin_4q_avg": 11.16,
            "net_income": 569881,
            "net_income_4q": null,
            "revenue": 566432,
            "revenue_4q": null,
            "common_shares": 2093429,
            "book_valuer_per_share": 20.59,
            "book_valuer_per_share_4q_avg": 18.52,
            "equity": 5506977,
            "current_ratio": 166.21,
            "debt_ratio": 44.89,
            "inventory_turnover_ratio": 0.57,
            "account_receivable_turnover_ratio": 2.31,
            "reinvestment_rate": 197.26,
            "research_to_sale_ratio": 0.01,
            "price_fair": 48.65,
            "eps_avg_yearly": 1.39,
            "eps_latest_yearly": 11.16,
            "eps_growth_yearly": 2488.72
        },
        "20194": {
            "year_quarter": 20194,
            "year": 2019,
            "quarter": 4,
            "eps": 0.62,
            "eps_growth_year": null,
            "eps_4q": 3.53,
            "eps_4q_growth_year": 2100.11,
            "roe": 2.07,
            "roe_4q": 13.120000000000001,
            "gross_profit": 223410,
            "gross_margin": 22.91,
            "gross_margin_4q_avg": 14,
            "net_income": 115302,
            "net_income_4q": null,
            "revenue": 975099,
            "revenue_4q": null,
            "common_shares": 2094077,
            "book_valuer_per_share": 21.22,
            "book_valuer_per_share_4q_avg": 19.4,
            "equity": 5625055,
            "current_ratio": 170.11,
            "debt_ratio": 49.96,
            "inventory_turnover_ratio": 0.72,
            "account_receivable_turnover_ratio": 1.89,
            "reinvestment_rate": 226.02,
            "research_to_sale_ratio": null,
            "price_fair": 50.4,
            "eps_avg_yearly": 1.44,
            "eps_latest_yearly": 2.48,
            "eps_growth_yearly": 2463.49
        },
        "20201": {
            "year_quarter": 20201,
            "year": 2020,
            "quarter": 1,
            "eps": 0.55,
            "eps_growth_year": 685.71,
            "eps_4q": 4.01,
            "eps_4q_growth_year": 2304.32,
            "roe": 1.88,
            "roe_4q": 14.87,
            "gross_profit": 222229,
            "gross_margin": 18.78,
            "gross_margin_4q_avg": 14.69,
            "net_income": 107102,
            "net_income_4q": null,
            "revenue": 1183060,
            "revenue_4q": null,
            "common_shares": 2094348,
            "book_valuer_per_share": 21.9,
            "book_valuer_per_share_4q_avg": 20.39,
            "equity": 5771410,
            "current_ratio": 135.88,
            "debt_ratio": 52.92,
            "inventory_turnover_ratio": 0.9,
            "account_receivable_turnover_ratio": 1.62,
            "reinvestment_rate": 237.28,
            "research_to_sale_ratio": null,
            "price_fair": 56,
            "eps_avg_yearly": 1.6,
            "eps_latest_yearly": 2.2,
            "eps_growth_yearly": 2488.09
        },
        "20202": {
            "year_quarter": 20202,
            "year": 2020,
            "quarter": 2,
            "eps": 1.03,
            "eps_growth_year": 2475,
            "eps_4q": 4.97,
            "eps_4q_growth_year": 2963.02,
            "roe": 3.96,
            "roe_4q": 18.82,
            "gross_profit": 389228,
            "gross_margin": 29.86,
            "gross_margin_4q_avg": 18.87,
            "net_income": 242146,
            "net_income_4q": null,
            "revenue": 1303507,
            "revenue_4q": null,
            "common_shares": 2095485,
            "book_valuer_per_share": 22.44,
            "book_valuer_per_share_4q_avg": 21.54,
            "equity": 6467065,
            "current_ratio": 149.75,
            "debt_ratio": 53.89,
            "inventory_turnover_ratio": 0.9,
            "account_receivable_turnover_ratio": 1.73,
            "reinvestment_rate": 256.3,
            "research_to_sale_ratio": null,
            "price_fair": 64.63,
            "eps_avg_yearly": 1.85,
            "eps_latest_yearly": 4.12,
            "eps_growth_yearly": 2412.42
        },
        "20203": {
            "year_quarter": 20203,
            "year": 2020,
            "quarter": 3,
            "eps": 1.35,
            "eps_growth_year": -51.61,
            "eps_4q": 3.43,
            "eps_4q_growth_year": 18.59,
            "roe": 5.73,
            "roe_4q": 13.64,
            "gross_profit": 668285,
            "gross_margin": 32.79,
            "gross_margin_4q_avg": 26.09,
            "net_income": 403927,
            "net_income_4q": null,
            "revenue": 2037860,
            "revenue_4q": null,
            "common_shares": 2108291,
            "book_valuer_per_share": 26.38,
            "book_valuer_per_share_4q_avg": 22.99,
            "equity": 7632510,
            "current_ratio": 183.58,
            "debt_ratio": 53.11,
            "inventory_turnover_ratio": 1.33,
            "account_receivable_turnover_ratio": 2.3,
            "reinvestment_rate": 242.02,
            "research_to_sale_ratio": null,
            "price_fair": 74.2,
            "eps_avg_yearly": 2.12,
            "eps_latest_yearly": 5.4,
            "eps_growth_yearly": 2236.41
        },
        "20204": {
            "year_quarter": 20204,
            "year": 2020,
            "quarter": 4,
            "eps": 1.38,
            "eps_growth_year": 121.07,
            "eps_4q": 4.07,
            "eps_4q_growth_year": 15.25,
            "roe": 4.95,
            "roe_4q": 16.52,
            "gross_profit": 598895,
            "gross_margin": 31.79,
            "gross_margin_4q_avg": 28.31,
            "net_income": 419822,
            "net_income_4q": null,
            "revenue": 1884199,
            "revenue_4q": null,
            "common_shares": 2181725,
            "book_valuer_per_share": 31.87,
            "book_valuer_per_share_4q_avg": 25.65,
            "equity": 9336956,
            "current_ratio": 181.81,
            "debt_ratio": 45.74,
            "inventory_turnover_ratio": 1.21,
            "account_receivable_turnover_ratio": 1.99,
            "reinvestment_rate": 235.82,
            "research_to_sale_ratio": null,
            "price_fair": 82.7,
            "eps_avg_yearly": 2.36,
            "eps_latest_yearly": 5.52,
            "eps_growth_yearly": 2077.3
        },
        "20211": {
            "year_quarter": 20211,
            "year": 2021,
            "quarter": 1,
            "eps": 1.06,
            "eps_growth_year": 92.73,
            "eps_4q": 4.62,
            "eps_4q_growth_year": 15.22,
            "roe": 3.35,
            "roe_4q": 17.990000000000002,
            "gross_profit": 485957,
            "gross_margin": 29.2,
            "gross_margin_4q_avg": 30.91,
            "net_income": 314620,
            "net_income_4q": null,
            "revenue": 1664480,
            "revenue_4q": null,
            "common_shares": 2299899,
            "book_valuer_per_share": 31.28,
            "book_valuer_per_share_4q_avg": 27.99,
            "equity": 9442875,
            "current_ratio": 163.74,
            "debt_ratio": 48.18,
            "inventory_turnover_ratio": 1.07,
            "account_receivable_turnover_ratio": 2,
            "reinvestment_rate": 235.24,
            "research_to_sale_ratio": null,
            "price_fair": 92.6,
            "eps_avg_yearly": 2.65,
            "eps_latest_yearly": 4.24,
            "eps_growth_yearly": 2079.25
        },
        "20212": {
            "year_quarter": 20212,
            "year": 2021,
            "quarter": 2,
            "eps": 1.84,
            "eps_growth_year": 78.64,
            "eps_4q": 5.49,
            "eps_4q_growth_year": 10.5,
            "roe": 5.27,
            "roe_4q": 19.3,
            "gross_profit": 592024,
            "gross_margin": 24.31,
            "gross_margin_4q_avg": 29.52,
            "net_income": 519358,
            "net_income_4q": null,
            "revenue": 2434865,
            "revenue_4q": null,
            "common_shares": 2301022,
            "book_valuer_per_share": 33.32,
            "book_valuer_per_share_4q_avg": 30.71,
            "equity": 10268796,
            "current_ratio": 149.88,
            "debt_ratio": 52.69,
            "inventory_turnover_ratio": 1.41,
            "account_receivable_turnover_ratio": 2.48,
            "reinvestment_rate": 239.82,
            "research_to_sale_ratio": null,
            "price_fair": 110.8,
            "eps_avg_yearly": 3.17,
            "eps_latest_yearly": 7.36,
            "eps_growth_yearly": 2120.68
        },
        "20213": {
            "year_quarter": 20213,
            "year": 2021,
            "quarter": 3,
            "eps": 1.78,
            "eps_growth_year": 31.85,
            "eps_4q": 6.03,
            "eps_4q_growth_year": 75.59,
            "roe": 5.02,
            "roe_4q": 18.59,
            "gross_profit": 793075,
            "gross_margin": 24.1,
            "gross_margin_4q_avg": 27.35,
            "net_income": 516824,
            "net_income_4q": null,
            "revenue": 3290773,
            "revenue_4q": null,
            "common_shares": 2309419,
            "book_valuer_per_share": 31.78,
            "book_valuer_per_share_4q_avg": 32.06,
            "equity": 10337166,
            "current_ratio": 144.18,
            "debt_ratio": 59.62,
            "inventory_turnover_ratio": 1.63,
            "account_receivable_turnover_ratio": 2.52,
            "reinvestment_rate": 237.09,
            "research_to_sale_ratio": null,
            "price_fair": 127.3,
            "eps_avg_yearly": 3.64,
            "eps_latest_yearly": 7.12,
            "eps_growth_yearly": 1962.61
        },
        "20214": {
            "year_quarter": 20214,
            "year": 2021,
            "quarter": 4,
            "eps": 0.79,
            "eps_growth_year": -43.05,
            "eps_4q": 5.44,
            "eps_4q_growth_year": 33.78,
            "roe": 1.74,
            "roe_4q": 15.379999999999999,
            "gross_profit": 269107,
            "gross_margin": 10.57,
            "gross_margin_4q_avg": 22.05,
            "net_income": 177499,
            "net_income_4q": null,
            "revenue": 2545334,
            "revenue_4q": null,
            "common_shares": 2312789,
            "book_valuer_per_share": 31.59,
            "book_valuer_per_share_4q_avg": 31.99,
            "equity": 10101186,
            "current_ratio": 149.48,
            "debt_ratio": 62.41,
            "inventory_turnover_ratio": 1.26,
            "account_receivable_turnover_ratio": 2.28,
            "reinvestment_rate": 233.58,
            "research_to_sale_ratio": null,
            "price_fair": 134.2,
            "eps_avg_yearly": 3.83,
            "eps_latest_yearly": 3.16,
            "eps_growth_yearly": 1953.31
        },
        "20221": {
            "year_quarter": 20221,
            "year": 2022,
            "quarter": 1,
            "eps": 1.47,
            "eps_growth_year": 38.68,
            "eps_4q": 5.85,
            "eps_4q_growth_year": 26.63,
            "roe": 3.99,
            "roe_4q": 16.02,
            "gross_profit": 498347,
            "gross_margin": 22.41,
            "gross_margin_4q_avg": 20.35,
            "net_income": 402927,
            "net_income_4q": null,
            "revenue": 2223653,
            "revenue_4q": null,
            "common_shares": 2312789,
            "book_valuer_per_share": 30.02,
            "book_valuer_per_share_4q_avg": 31.68,
            "equity": 10075370,
            "current_ratio": 139.76,
            "debt_ratio": 65.54,
            "inventory_turnover_ratio": 0.9,
            "account_receivable_turnover_ratio": 2.24,
            "reinvestment_rate": 232.3,
            "research_to_sale_ratio": null,
            "price_fair": 148.2,
            "eps_avg_yearly": 4.23,
            "eps_latest_yearly": 5.88,
            "eps_growth_yearly": 1986.47
        },
        "20222": {
            "year_quarter": 20222,
            "year": 2022,
            "quarter": 2,
            "eps": 0.05,
            "eps_growth_year": -97.28,
            "eps_4q": 4.06,
            "eps_4q_growth_year": -26,
            "roe": -0.66,
            "roe_4q": 10.09,
            "gross_profit": -14220,
            "gross_margin": -0.82,
            "gross_margin_4q_avg": 14.07,
            "net_income": -66056,
            "net_income_4q": null,
            "revenue": 1740857,
            "revenue_4q": null,
            "common_shares": 2315483,
            "book_valuer_per_share": 30.27,
            "book_valuer_per_share_4q_avg": 30.92,
            "equity": 10062017,
            "current_ratio": 123.28,
            "debt_ratio": 65.39,
            "inventory_turnover_ratio": 1.01,
            "account_receivable_turnover_ratio": 1.81,
            "reinvestment_rate": 251.79,
            "research_to_sale_ratio": null,
            "price_fair": 148.2,
            "eps_avg_yearly": 4.23,
            "eps_latest_yearly": 0.2,
            "eps_growth_yearly": 1967.04
        },
        "20223": {
            "year_quarter": 20223,
            "year": 2022,
            "quarter": 3,
            "eps": 0.68,
            "eps_growth_year": -61.8,
            "eps_4q": 2.98,
            "eps_4q_growth_year": -50.58,
            "roe": 1.4,
            "roe_4q": 6.470000000000001,
            "gross_profit": 193274,
            "gross_margin": 8.36,
            "gross_margin_4q_avg": 10.13,
            "net_income": 141319,
            "net_income_4q": null,
            "revenue": 2312911,
            "revenue_4q": null,
            "common_shares": 2323668,
            "book_valuer_per_share": 30.82,
            "book_valuer_per_share_4q_avg": 30.68,
            "equity": 10188132,
            "current_ratio": 122.87,
            "debt_ratio": 67.71,
            "inventory_turnover_ratio": 1.24,
            "account_receivable_turnover_ratio": 2.7,
            "reinvestment_rate": 250.68,
            "research_to_sale_ratio": null,
            "price_fair": 154.3,
            "eps_avg_yearly": 4.41,
            "eps_latest_yearly": 2.72,
            "eps_growth_yearly": 2315.61
        },
        "20224": {
            "year_quarter": 20224,
            "year": 2022,
            "quarter": 4,
            "eps": -0.61,
            "eps_growth_year": -177.52,
            "eps_4q": 1.59,
            "eps_4q_growth_year": -70.81,
            "roe": -3.7,
            "roe_4q": 1.0299999999999998,
            "gross_profit": -234938,
            "gross_margin": -7.98,
            "gross_margin_4q_avg": 5.49,
            "net_income": -377681,
            "net_income_4q": null,
            "revenue": 2944637,
            "revenue_4q": null,
            "common_shares": 2323964,
            "book_valuer_per_share": 29.95,
            "book_valuer_per_share_4q_avg": 30.27,
            "equity": 10241059,
            "current_ratio": 135.68,
            "debt_ratio": 65.12,
            "inventory_turnover_ratio": 2,
            "account_receivable_turnover_ratio": 3.99,
            "reinvestment_rate": 279.02,
            "research_to_sale_ratio": null,
            "price_fair": 154.3,
            "eps_avg_yearly": 4.41,
            "eps_latest_yearly": 2.72,
            "eps_growth_yearly": 2315.61
        },
        "20231": {
            "year_quarter": 20231,
            "year": 2023,
            "quarter": 1,
            "eps": 0.2,
            "eps_growth_year": -86.39,
            "eps_4q": 0.33,
            "eps_4q_growth_year": -94.32,
            "roe": -0.07,
            "roe_4q": -3.0300000000000002,
            "gross_profit": 164956,
            "gross_margin": 6.17,
            "gross_margin_4q_avg": 1.43,
            "net_income": -7168,
            "net_income_4q": null,
            "revenue": 2675284,
            "revenue_4q": null,
            "common_shares": 2323964,
            "book_valuer_per_share": 29.98,
            "book_valuer_per_share_4q_avg": 30.26,
            "equity": 10192935,
            "current_ratio": 136.35,
            "debt_ratio": 69.66,
            "inventory_turnover_ratio": 1.92,
            "account_receivable_turnover_ratio": 4.69,
            "reinvestment_rate": 301.64,
            "research_to_sale_ratio": null,
            "price_fair": 154.3,
            "eps_avg_yearly": 4.41,
            "eps_latest_yearly": 2.72,
            "eps_growth_yearly": 2315.61
        },
        "20232": {
            "year_quarter": 20232,
            "year": 2023,
            "quarter": 2,
            "eps": 0.99,
            "eps_growth_year": 1880,
            "eps_4q": 1.26,
            "eps_4q_growth_year": -69.05,
            "roe": 2.09,
            "roe_4q": -0.28000000000000025,
            "gross_profit": 430116,
            "gross_margin": 13.36,
            "gross_margin_4q_avg": 4.98,
            "net_income": 216606,
            "net_income_4q": null,
            "revenue": 3218818,
            "revenue_4q": null,
            "common_shares": 2332971,
            "book_valuer_per_share": 31.53,
            "book_valuer_per_share_4q_avg": 30.57,
            "equity": 10569039,
            "current_ratio": 138.37,
            "debt_ratio": 68.87,
            "inventory_turnover_ratio": 1.92,
            "account_receivable_turnover_ratio": 3.94,
            "reinvestment_rate": 308.75,
            "research_to_sale_ratio": null,
            "price_fair": 163.8,
            "eps_avg_yearly": 4.68,
            "eps_latest_yearly": 3.96,
            "eps_growth_yearly": 2440.71
        },
        "20233": {
            "year_quarter": 20233,
            "year": 2023,
            "quarter": 3,
            "eps": 1.32,
            "eps_growth_year": 94.12,
            "eps_4q": 1.9,
            "eps_4q_growth_year": -36.11,
            "roe": 3.97,
            "roe_4q": 2.29,
            "gross_profit": 669131,
            "gross_margin": 18.36,
            "gross_margin_4q_avg": 7.48,
            "net_income": 434158,
            "net_income_4q": null,
            "revenue": 3645290,
            "revenue_4q": null,
            "common_shares": 2350891,
            "book_valuer_per_share": 33.59,
            "book_valuer_per_share_4q_avg": 31.26,
            "equity": 11330201,
            "current_ratio": 146.99,
            "debt_ratio": 67.38,
            "inventory_turnover_ratio": 1.73,
            "account_receivable_turnover_ratio": 3.26,
            "reinvestment_rate": 377.83,
            "research_to_sale_ratio": null,
            "price_fair": 149.1,
            "eps_avg_yearly": 4.26,
            "eps_latest_yearly": 5.28,
            "eps_growth_yearly": 485.95
        }
    },
    "months": {
        "2003-12": {
            "month": "2003-12",
            "price": "4.77",
            "revenue": 239277
        },
        "2004-01": {
            "month": "2004-01",
            "price": "10.00",
            "revenue": 61897
        },
        "2004-02": {
            "month": "2004-02",
            "price": "7.60",
            "revenue": 61382
        },
        "2004-03": {
            "month": "2004-03",
            "price": "8.17",
            "revenue": 74314
        },
        "2004-04": {
            "month": "2004-04",
            "price": "11.45",
            "revenue": 79546
        },
        "2004-05": {
            "month": "2004-05",
            "price": "11.60",
            "revenue": 267929
        },
        "2004-06": {
            "month": "2004-06",
            "price": "11.74",
            "revenue": 276914
        },
        "2004-07": {
            "month": "2004-07",
            "price": "11.48",
            "revenue": 154544
        },
        "2004-09": {
            "month": "2004-09",
            "price": "12.13",
            "revenue": 242494
        },
        "2004-10": {
            "month": "2004-10",
            "price": "12.26",
            "revenue": 243793
        },
        "2004-11": {
            "month": "2004-11",
            "price": "12.40",
            "revenue": 278839
        },
        "2004-12": {
            "month": "2004-12",
            "price": "12.37",
            "revenue": 256744
        },
        "2005-01": {
            "month": "2005-01",
            "price": "12.80",
            "revenue": 277265
        },
        "2005-02": {
            "month": "2005-02",
            "price": "12.05",
            "revenue": 235747
        },
        "2005-03": {
            "month": "2005-03",
            "price": "12.71",
            "revenue": 239600
        },
        "2005-04": {
            "month": "2005-04",
            "price": "12.57",
            "revenue": 198922
        },
        "2005-05": {
            "month": "2005-05",
            "price": "12.41",
            "revenue": 162890
        },
        "2005-06": {
            "month": "2005-06",
            "price": "11.59",
            "revenue": 180748
        },
        "2005-08": {
            "month": "2005-08",
            "price": "11.08",
            "revenue": 114760
        },
        "2005-09": {
            "month": "2005-09",
            "price": "11.28",
            "revenue": 114990
        },
        "2005-10": {
            "month": "2005-10",
            "price": "9.79",
            "revenue": 121839
        },
        "2005-11": {
            "month": "2005-11",
            "price": "10.03",
            "revenue": 122142
        },
        "2005-12": {
            "month": "2005-12",
            "price": "10.67",
            "revenue": 198456
        },
        "2006-01": {
            "month": "2006-01",
            "price": "9.36",
            "revenue": 203526
        },
        "2006-02": {
            "month": "2006-02",
            "price": "9.79",
            "revenue": 228673
        },
        "2006-03": {
            "month": "2006-03",
            "price": "10.70",
            "revenue": 184705
        },
        "2006-04": {
            "month": "2006-04",
            "price": "11.74",
            "revenue": 184190
        },
        "2006-05": {
            "month": "2006-05",
            "price": "13.01",
            "revenue": 268317
        },
        "2006-06": {
            "month": "2006-06",
            "price": "12.16",
            "revenue": 330612
        },
        "2006-07": {
            "month": "2006-07",
            "price": "12.00",
            "revenue": 86313
        },
        "2006-08": {
            "month": "2006-08",
            "price": "12.04",
            "revenue": 80593
        },
        "2006-09": {
            "month": "2006-09",
            "price": "11.90",
            "revenue": 72981
        },
        "2006-10": {
            "month": "2006-10",
            "price": "11.72",
            "revenue": 80073
        },
        "2006-11": {
            "month": "2006-11",
            "price": "11.30",
            "revenue": 73307
        },
        "2006-12": {
            "month": "2006-12",
            "price": "11.26",
            "revenue": 1293209
        },
        "2007-01": {
            "month": "2007-01",
            "price": "11.38",
            "revenue": 70352
        },
        "2007-02": {
            "month": "2007-02",
            "price": "11.61",
            "revenue": 58391
        },
        "2007-03": {
            "month": "2007-03",
            "price": "13.42",
            "revenue": 101754
        },
        "2007-04": {
            "month": "2007-04",
            "price": "14.18",
            "revenue": 123635
        },
        "2007-05": {
            "month": "2007-05",
            "price": "15.18",
            "revenue": 136140
        },
        "2007-06": {
            "month": "2007-06",
            "price": "15.80",
            "revenue": 131868
        },
        "2007-07": {
            "month": "2007-07",
            "price": "15.42",
            "revenue": 134080
        },
        "2007-08": {
            "month": "2007-08",
            "price": "16.17",
            "revenue": 159156
        },
        "2007-09": {
            "month": "2007-09",
            "price": "15.00",
            "revenue": 238838
        },
        "2007-10": {
            "month": "2007-10",
            "price": "15.03",
            "revenue": 641920
        },
        "2007-11": {
            "month": "2007-11",
            "price": "14.85",
            "revenue": 202723
        },
        "2007-12": {
            "month": "2007-12",
            "price": "14.99",
            "revenue": 131916
        },
        "2008-01": {
            "month": "2008-01",
            "price": "14.96",
            "revenue": 58314
        },
        "2008-02": {
            "month": "2008-02",
            "price": "14.82",
            "revenue": 110021
        },
        "2008-03": {
            "month": "2008-03",
            "price": "18.34",
            "revenue": 249557
        },
        "2008-04": {
            "month": "2008-04",
            "price": "19.09",
            "revenue": 97885
        },
        "2008-05": {
            "month": "2008-05",
            "price": "19.10",
            "revenue": 110131
        },
        "2008-06": {
            "month": "2008-06",
            "price": "14.94",
            "revenue": 151189
        },
        "2008-07": {
            "month": "2008-07",
            "price": "11.11",
            "revenue": 55841
        },
        "2008-08": {
            "month": "2008-08",
            "price": "10.62",
            "revenue": 69939
        },
        "2008-09": {
            "month": "2008-09",
            "price": "10.04",
            "revenue": 388238
        },
        "2008-10": {
            "month": "2008-10",
            "price": "7.26",
            "revenue": 297095
        },
        "2008-11": {
            "month": "2008-11",
            "price": "5.61",
            "revenue": 112859
        },
        "2008-12": {
            "month": "2008-12",
            "price": "5.23",
            "revenue": 333122
        },
        "2009-01": {
            "month": "2009-01",
            "price": "6.83",
            "revenue": 125096
        },
        "2009-02": {
            "month": "2009-02",
            "price": "7.02",
            "revenue": 90380
        },
        "2009-03": {
            "month": "2009-03",
            "price": "7.03",
            "revenue": 209948
        },
        "2009-04": {
            "month": "2009-04",
            "price": "9.12",
            "revenue": 117513
        },
        "2009-05": {
            "month": "2009-05",
            "price": "9.03",
            "revenue": 977283
        },
        "2009-06": {
            "month": "2009-06",
            "price": "10.91",
            "revenue": 299165
        },
        "2009-07": {
            "month": "2009-07",
            "price": "13.23",
            "revenue": 123507
        },
        "2009-08": {
            "month": "2009-08",
            "price": "12.41",
            "revenue": 317662
        },
        "2009-09": {
            "month": "2009-09",
            "price": "11.89",
            "revenue": 166372
        },
        "2009-10": {
            "month": "2009-10",
            "price": "11.55",
            "revenue": 232437
        },
        "2009-11": {
            "month": "2009-11",
            "price": "10.75",
            "revenue": 223002
        },
        "2009-12": {
            "month": "2009-12",
            "price": "11.20",
            "revenue": 223203
        },
        "2010-01": {
            "month": "2010-01",
            "price": "12.56",
            "revenue": 188694
        },
        "2010-02": {
            "month": "2010-02",
            "price": "12.02",
            "revenue": 137273
        },
        "2010-03": {
            "month": "2010-03",
            "price": "12.32",
            "revenue": 173667
        },
        "2010-04": {
            "month": "2010-04",
            "price": "12.05",
            "revenue": 172895
        },
        "2010-05": {
            "month": "2010-05",
            "price": "10.76",
            "revenue": 222967
        },
        "2010-06": {
            "month": "2010-06",
            "price": "10.58",
            "revenue": 243041
        },
        "2010-07": {
            "month": "2010-07",
            "price": "10.49",
            "revenue": 302042
        },
        "2010-08": {
            "month": "2010-08",
            "price": "10.99",
            "revenue": 76823
        },
        "2010-09": {
            "month": "2010-09",
            "price": "10.48",
            "revenue": 180574
        },
        "2010-10": {
            "month": "2010-10",
            "price": "10.14",
            "revenue": 127558
        },
        "2010-11": {
            "month": "2010-11",
            "price": "10.04",
            "revenue": 114296
        },
        "2010-12": {
            "month": "2010-12",
            "price": "10.16",
            "revenue": 154173
        },
        "2011-01": {
            "month": "2011-01",
            "price": "10.35",
            "revenue": 66257
        },
        "2011-02": {
            "month": "2011-02",
            "price": "12.35",
            "revenue": 116253
        },
        "2011-03": {
            "month": "2011-03",
            "price": "11.62",
            "revenue": 237882
        },
        "2011-04": {
            "month": "2011-04",
            "price": "11.53",
            "revenue": 277576
        },
        "2011-05": {
            "month": "2011-05",
            "price": "11.15",
            "revenue": 128772
        },
        "2011-06": {
            "month": "2011-06",
            "price": "10.16",
            "revenue": 136398
        },
        "2011-07": {
            "month": "2011-07",
            "price": "9.94",
            "revenue": 92038
        },
        "2011-08": {
            "month": "2011-08",
            "price": "9.18",
            "revenue": 121331
        },
        "2011-09": {
            "month": "2011-09",
            "price": "8.28",
            "revenue": 115966
        },
        "2011-10": {
            "month": "2011-10",
            "price": "8.18",
            "revenue": 126964
        },
        "2011-11": {
            "month": "2011-11",
            "price": "7.92",
            "revenue": 137582
        },
        "2011-12": {
            "month": "2011-12",
            "price": "7.69",
            "revenue": 180071
        },
        "2012-01": {
            "month": "2012-01",
            "price": "8.01",
            "revenue": 111086
        },
        "2012-02": {
            "month": "2012-02",
            "price": "9.38",
            "revenue": 273650
        },
        "2012-03": {
            "month": "2012-03",
            "price": "9.04",
            "revenue": 176271
        },
        "2012-04": {
            "month": "2012-04",
            "price": "8.18",
            "revenue": 258732
        },
        "2012-05": {
            "month": "2012-05",
            "price": "8.49",
            "revenue": 532464
        },
        "2012-06": {
            "month": "2012-06",
            "price": "8.35",
            "revenue": 441124
        },
        "2012-07": {
            "month": "2012-07",
            "price": "8.68",
            "revenue": 138166
        },
        "2012-08": {
            "month": "2012-08",
            "price": "9.37",
            "revenue": 156185
        },
        "2012-09": {
            "month": "2012-09",
            "price": "10.55",
            "revenue": 241073
        },
        "2012-10": {
            "month": "2012-10",
            "price": "10.87",
            "revenue": 198133
        },
        "2012-11": {
            "month": "2012-11",
            "price": "10.47",
            "revenue": 415460
        },
        "2012-12": {
            "month": "2012-12",
            "price": "11.53",
            "revenue": 421821
        },
        "2013-01": {
            "month": "2013-01",
            "price": "13.18",
            "revenue": 198944
        },
        "2013-02": {
            "month": "2013-02",
            "price": "13.12",
            "revenue": 166364
        },
        "2013-03": {
            "month": "2013-03",
            "price": "12.18",
            "revenue": 351222
        },
        "2013-04": {
            "month": "2013-04",
            "price": "12.37",
            "revenue": 280864
        },
        "2013-05": {
            "month": "2013-05",
            "price": "12.87",
            "revenue": 289332
        },
        "2013-06": {
            "month": "2013-06",
            "price": "12.28",
            "revenue": 426371
        },
        "2013-07": {
            "month": "2013-07",
            "price": "12.43",
            "revenue": 213281
        },
        "2013-08": {
            "month": "2013-08",
            "price": "12.36",
            "revenue": 302589
        },
        "2013-09": {
            "month": "2013-09",
            "price": "13.14",
            "revenue": 401695
        },
        "2013-10": {
            "month": "2013-10",
            "price": "13.99",
            "revenue": 255738
        },
        "2013-11": {
            "month": "2013-11",
            "price": "13.18",
            "revenue": 273803
        },
        "2013-12": {
            "month": "2013-12",
            "price": "13.50",
            "revenue": 312585
        },
        "2014-01": {
            "month": "2014-01",
            "price": "14.14",
            "revenue": 165307
        },
        "2014-02": {
            "month": "2014-02",
            "price": "13.80",
            "revenue": 216477
        },
        "2014-03": {
            "month": "2014-03",
            "price": "13.72",
            "revenue": 256656
        },
        "2014-04": {
            "month": "2014-04",
            "price": "13.56",
            "revenue": 280635
        },
        "2014-05": {
            "month": "2014-05",
            "price": "13.62",
            "revenue": 238321
        },
        "2014-06": {
            "month": "2014-06",
            "price": "13.32",
            "revenue": 398588
        },
        "2014-07": {
            "month": "2014-07",
            "price": "13.31",
            "revenue": 167653
        },
        "2014-08": {
            "month": "2014-08",
            "price": "12.24",
            "revenue": 233503
        },
        "2014-09": {
            "month": "2014-09",
            "price": "11.66",
            "revenue": 240556
        },
        "2014-10": {
            "month": "2014-10",
            "price": "10.33",
            "revenue": 204774
        },
        "2014-11": {
            "month": "2014-11",
            "price": "9.96",
            "revenue": 241107
        },
        "2014-12": {
            "month": "2014-12",
            "price": "10.12",
            "revenue": 244715
        },
        "2015-01": {
            "month": "2015-01",
            "price": "10.30",
            "revenue": 200493
        },
        "2015-02": {
            "month": "2015-02",
            "price": "10.10",
            "revenue": 217812
        },
        "2015-03": {
            "month": "2015-03",
            "price": "10.02",
            "revenue": 272212
        },
        "2015-04": {
            "month": "2015-04",
            "price": "10.02",
            "revenue": 194423
        },
        "2015-05": {
            "month": "2015-05",
            "price": "9.20",
            "revenue": 235272
        },
        "2015-06": {
            "month": "2015-06",
            "price": "9.15",
            "revenue": 271207
        },
        "2015-07": {
            "month": "2015-07",
            "price": "9.32",
            "revenue": 184345
        },
        "2015-08": {
            "month": "2015-08",
            "price": "8.80",
            "revenue": 272110
        },
        "2015-09": {
            "month": "2015-09",
            "price": "9.03",
            "revenue": 256634
        },
        "2015-10": {
            "month": "2015-10",
            "price": "9.62",
            "revenue": 282106
        },
        "2015-11": {
            "month": "2015-11",
            "price": "9.99",
            "revenue": 346505
        },
        "2015-12": {
            "month": "2015-12",
            "price": "10.00",
            "revenue": 291900
        },
        "2016-01": {
            "month": "2016-01",
            "price": "9.65",
            "revenue": 217788
        },
        "2016-02": {
            "month": "2016-02",
            "price": "10.05",
            "revenue": 150697
        },
        "2016-03": {
            "month": "2016-03",
            "price": "10.60",
            "revenue": 224413
        },
        "2016-04": {
            "month": "2016-04",
            "price": "10.80",
            "revenue": 219180
        },
        "2016-05": {
            "month": "2016-05",
            "price": "9.97",
            "revenue": 221010
        },
        "2016-06": {
            "month": "2016-06",
            "price": "9.92",
            "revenue": 243070
        },
        "2016-07": {
            "month": "2016-07",
            "price": "9.98",
            "revenue": 136452
        },
        "2016-08": {
            "month": "2016-08",
            "price": "9.73",
            "revenue": 155008
        },
        "2016-09": {
            "month": "2016-09",
            "price": "9.93",
            "revenue": 150981
        },
        "2016-10": {
            "month": "2016-10",
            "price": "9.99",
            "revenue": 165948
        },
        "2016-11": {
            "month": "2016-11",
            "price": "9.81",
            "revenue": 179702
        },
        "2016-12": {
            "month": "2016-12",
            "price": "9.66",
            "revenue": 217627
        },
        "2017-01": {
            "month": "2017-01",
            "price": "9.61",
            "revenue": 139972
        },
        "2017-02": {
            "month": "2017-02",
            "price": "9.86",
            "revenue": 164758
        },
        "2017-03": {
            "month": "2017-03",
            "price": "9.80",
            "revenue": 197811
        },
        "2017-04": {
            "month": "2017-04",
            "price": "9.57",
            "revenue": 186338
        },
        "2017-05": {
            "month": "2017-05",
            "price": "9.39",
            "revenue": 211894
        },
        "2017-06": {
            "month": "2017-06",
            "price": "9.41",
            "revenue": 212550
        },
        "2017-07": {
            "month": "2017-07",
            "price": "9.81",
            "revenue": 189038
        },
        "2017-08": {
            "month": "2017-08",
            "price": "10.03",
            "revenue": 145720
        },
        "2017-09": {
            "month": "2017-09",
            "price": "11.79",
            "revenue": 104617
        },
        "2017-10": {
            "month": "2017-10",
            "price": "15.47",
            "revenue": 152063
        },
        "2017-11": {
            "month": "2017-11",
            "price": "15.12",
            "revenue": 158651
        },
        "2017-12": {
            "month": "2017-12",
            "price": "17.01",
            "revenue": 186791
        },
        "2018-01": {
            "month": "2018-01",
            "price": "36.95",
            "revenue": 125036
        },
        "2018-02": {
            "month": "2018-02",
            "price": "54.08",
            "revenue": 103205
        },
        "2018-03": {
            "month": "2018-03",
            "price": "65.21",
            "revenue": 184557
        },
        "2018-04": {
            "month": "2018-04",
            "price": "82.17",
            "revenue": 114684
        },
        "2018-05": {
            "month": "2018-05",
            "price": "52.90",
            "revenue": 134064
        },
        "2018-06": {
            "month": "2018-06",
            "price": "60.96",
            "revenue": 156416
        },
        "2018-07": {
            "month": "2018-07",
            "price": "66.25",
            "revenue": 119995
        },
        "2018-08": {
            "month": "2018-08",
            "price": "64.34",
            "revenue": 190435
        },
        "2018-09": {
            "month": "2018-09",
            "price": "82.04",
            "revenue": 116713
        },
        "2018-10": {
            "month": "2018-10",
            "price": "80.70",
            "revenue": 99013
        },
        "2018-11": {
            "month": "2018-11",
            "price": "77.31",
            "revenue": 149382
        },
        "2018-12": {
            "month": "2018-12",
            "price": "64.22",
            "revenue": 161280
        },
        "2019-01": {
            "month": "2019-01",
            "price": "58.27",
            "revenue": 99885
        },
        "2019-02": {
            "month": "2019-02",
            "price": "69.55",
            "revenue": 121790
        },
        "2019-03": {
            "month": "2019-03",
            "price": "71.10",
            "revenue": 179153
        },
        "2019-04": {
            "month": "2019-04",
            "price": "69.64",
            "revenue": 128912
        },
        "2019-05": {
            "month": "2019-05",
            "price": "62.30",
            "revenue": 156604
        },
        "2019-06": {
            "month": "2019-06",
            "price": "67.94",
            "revenue": 174469
        },
        "2019-07": {
            "month": "2019-07",
            "price": "73.71",
            "revenue": 164936
        },
        "2019-08": {
            "month": "2019-08",
            "price": "72.11",
            "revenue": 200023
        },
        "2019-09": {
            "month": "2019-09",
            "price": "75.66",
            "revenue": 201594
        },
        "2019-10": {
            "month": "2019-10",
            "price": "74.37",
            "revenue": 262459
        },
        "2019-11": {
            "month": "2019-11",
            "price": "73.24",
            "revenue": 293335
        },
        "2019-12": {
            "month": "2019-12",
            "price": "72.17",
            "revenue": 419350
        },
        "2020-01": {
            "month": "2020-01",
            "price": "70.65",
            "revenue": 331666
        },
        "2020-02": {
            "month": "2020-02",
            "price": "70.61",
            "revenue": 467060
        },
        "2020-03": {
            "month": "2020-03",
            "price": "77.79",
            "revenue": 384295
        },
        "2020-04": {
            "month": "2020-04",
            "price": "81.89",
            "revenue": 360933
        },
        "2020-05": {
            "month": "2020-05",
            "price": "87.08",
            "revenue": 373444
        },
        "2020-06": {
            "month": "2020-06",
            "price": "88.05",
            "revenue": 580569
        },
        "2020-07": {
            "month": "2020-07",
            "price": "86.92",
            "revenue": 700467
        },
        "2020-08": {
            "month": "2020-08",
            "price": "102.88",
            "revenue": 707017
        },
        "2020-09": {
            "month": "2020-09",
            "price": "128.66",
            "revenue": 630125
        },
        "2020-10": {
            "month": "2020-10",
            "price": "134.26",
            "revenue": 619864
        },
        "2020-11": {
            "month": "2020-11",
            "price": "127.64",
            "revenue": 650752
        },
        "2020-12": {
            "month": "2020-12",
            "price": "116.63",
            "revenue": 614391
        },
        "2021-01": {
            "month": "2021-01",
            "price": "105.20",
            "revenue": 511059
        },
        "2021-02": {
            "month": "2021-02",
            "price": "109.23",
            "revenue": 552675
        },
        "2021-03": {
            "month": "2021-03",
            "price": "110.64",
            "revenue": 600383
        },
        "2021-04": {
            "month": "2021-04",
            "price": "112.29",
            "revenue": 609554
        },
        "2021-05": {
            "month": "2021-05",
            "price": "107.81",
            "revenue": 1045395
        },
        "2021-06": {
            "month": "2021-06",
            "price": "126.17",
            "revenue": 907264
        },
        "2021-07": {
            "month": "2021-07",
            "price": "128.09",
            "revenue": 1080740
        },
        "2021-08": {
            "month": "2021-08",
            "price": "114.84",
            "revenue": 1108300
        },
        "2021-09": {
            "month": "2021-09",
            "price": "106.18",
            "revenue": 1102160
        },
        "2021-10": {
            "month": "2021-10",
            "price": "113.02",
            "revenue": 907757
        },
        "2021-11": {
            "month": "2021-11",
            "price": "111.18",
            "revenue": 856730
        },
        "2021-12": {
            "month": "2021-12",
            "price": "111.02",
            "revenue": 929103
        },
        "2022-01": {
            "month": "2022-01",
            "price": "113.42",
            "revenue": 784054
        },
        "2022-02": {
            "month": "2022-02",
            "price": "110.53",
            "revenue": 756792
        },
        "2022-03": {
            "month": "2022-03",
            "price": "110.76",
            "revenue": 626104
        },
        "2022-04": {
            "month": "2022-04",
            "price": "124.47",
            "revenue": 725178
        },
        "2022-05": {
            "month": "2022-05",
            "price": "117.29",
            "revenue": 697292
        },
        "2022-06": {
            "month": "2022-06",
            "price": "108.50",
            "revenue": 642721
        },
        "2022-07": {
            "month": "2022-07",
            "price": "101.39",
            "revenue": 651699
        },
        "2022-08": {
            "month": "2022-08",
            "price": "93.42",
            "revenue": 757968
        },
        "2022-09": {
            "month": "2022-09",
            "price": "77.03",
            "revenue": 903198
        },
        "2022-10": {
            "month": "2022-10",
            "price": "70.60",
            "revenue": 911834
        },
        "2022-11": {
            "month": "2022-11",
            "price": "81.10",
            "revenue": 944060
        },
        "2022-12": {
            "month": "2022-12",
            "price": "88.10",
            "revenue": 1082675
        },
        "2023-01": {
            "month": "2023-01",
            "price": "92.99",
            "revenue": 689192
        },
        "2023-02": {
            "month": "2023-02",
            "price": "101.88",
            "revenue": 758703
        },
        "2023-03": {
            "month": "2023-03",
            "price": "99.45",
            "revenue": 1227399
        },
        "2023-04": {
            "month": "2023-04",
            "price": "110.32",
            "revenue": 749578
        },
        "2023-05": {
            "month": "2023-05",
            "price": "104.68",
            "revenue": 801524
        },
        "2023-06": {
            "month": "2023-06",
            "price": "114.15",
            "revenue": 1667685
        },
        "2023-07": {
            "month": "2023-07",
            "price": "147.95",
            "revenue": 1193160
        },
        "2023-08": {
            "month": "2023-08",
            "price": "147.18",
            "revenue": 1206343
        },
        "2023-09": {
            "month": "2023-09",
            "price": "173.18",
            "revenue": 1245560
        },
        "2023-10": {
            "month": "2023-10",
            "price": "172.45",
            "revenue": 1293984
        },
        "2023-11": {
            "month": "2023-11",
            "price": "159.07",
            "revenue": 1546059
        },
        "2023-12": {
            "month": "2023-12",
            "price": "176.31",
            "revenue": 2135974
        }
    }
}
