{
    "summary": {
        "stock_name": "邁達康",
        "stock_id": "9960",
        "category": "運動休閒",
        "main_business": "高爾夫球相關產品銷售<br>電子商務",
        "website_url": "http://www.golfshop.com.tw",
        "ceo": "黃瓊瑤",
        "pe_ratio": 10,
        "report_year_from": 2002,
        "report_year_to": 2023,
        "age": 22,
        "eps_negative_percentage": 5,
        "eps_growth_avg": {
            "last_all": -5.16,
            "last_2y": 25.33,
            "last_4y": 25.35,
            "last_8y": 2.86,
            "last_12y": -4.82,
            "last_16y": -3.87,
            "last_20y": null,
            "at_2006_last_3y": null,
            "at_2007_last_3y": null,
            "at_2008_last_3y": -11.64,
            "at_2009_last_3y": 9.56,
            "at_2010_last_3y": -1,
            "at_2011_last_3y": -5.8,
            "at_2012_last_3y": -0.73,
            "at_2013_last_3y": -16.93,
            "at_2014_last_3y": -20.19,
            "at_2015_last_3y": -29.68,
            "at_2016_last_3y": -50.05,
            "at_2017_last_3y": -60.29,
            "at_2018_last_3y": -34.62,
            "at_2019_last_3y": -30.38,
            "at_2020_last_3y": 26.93,
            "at_2021_last_3y": 40.23,
            "at_2022_last_3y": 43.36,
            "at_2023_last_3y": 36.98,
            "at_2024_last_3y": 36.98,
            "at_2006_last_all": -15.51,
            "at_2007_last_all": -2.57,
            "at_2008_last_all": -11.64,
            "at_2009_last_all": -0.21,
            "at_2010_last_all": -5.84,
            "at_2011_last_all": -4.42,
            "at_2012_last_all": -6.18,
            "at_2013_last_all": -7.64,
            "at_2014_last_all": -11.58,
            "at_2015_last_all": -13.6,
            "at_2016_last_all": -20.8,
            "at_2017_last_all": -20.8,
            "at_2018_last_all": -16.9,
            "at_2019_last_all": -17.2,
            "at_2020_last_all": -11.26,
            "at_2021_last_all": -5.54,
            "at_2022_last_all": -2.72,
            "at_2023_last_all": -5.16,
            "at_2024_last_all": -5.16
        },
        "latest_eps": 2.8,
        "latest_price": 27,
        "latest_roe": 15.83,
        "latest_gross_margin": 36.72,
        "latest_equity": 610298,
        "latest_revenue": 225078,
        "latest_gross_profit": 82658,
        "latest_net_income": 32597,
        "latest_debt_ratio": 51.69,
        "latest_current_ratio": 167.21,
        "latest_account_receivable_turnover_ratio": 3.55,
        "latest_inventory_turnover_ratio": 0.84,
        "latest_reinvestment_rate": 1.2,
        "latest_research_to_sale_ratio": null
    },
    "eps_dividends": {
        "2001": {
            "cash": 0,
            "stock": 0,
            "eps": 0
        },
        "2002": {
            "cash": 0,
            "stock": 0,
            "eps": 0
        },
        "2003": {
            "cash": 0,
            "stock": 0,
            "eps": 0
        },
        "2004": {
            "cash": 0,
            "stock": 1.5,
            "eps": 3.59
        },
        "2005": {
            "cash": 0,
            "stock": 2,
            "eps": 2.18
        },
        "2006": {
            "cash": 0.2,
            "stock": 1.4,
            "eps": 2.36
        },
        "2007": {
            "cash": 0,
            "stock": 1.75,
            "eps": 2.91
        },
        "2008": {
            "cash": 0,
            "stock": 2.1,
            "eps": 1.78
        },
        "2009": {
            "cash": 0.6,
            "stock": 0.6,
            "eps": 2.59
        },
        "2010": {
            "cash": 0,
            "stock": 2.4,
            "eps": 1.71
        },
        "2011": {
            "cash": 0.4,
            "stock": 0.4,
            "eps": 1.78
        },
        "2012": {
            "cash": 1,
            "stock": 0.4,
            "eps": 1.45
        },
        "2013": {
            "cash": 1,
            "stock": 0,
            "eps": 1.17
        },
        "2014": {
            "cash": 0.8,
            "stock": 0,
            "eps": 0.62
        },
        "2015": {
            "cash": 0.8,
            "stock": 0,
            "eps": 0.41
        },
        "2016": {
            "cash": 0.5,
            "stock": 0,
            "eps": -0.65
        },
        "2017": {
            "cash": 0.4,
            "stock": 0,
            "eps": 0.8
        },
        "2018": {
            "cash": 0,
            "stock": 0,
            "eps": 1.04
        },
        "2019": {
            "cash": 0.45,
            "stock": 0,
            "eps": 0.82
        },
        "2020": {
            "cash": 0.8,
            "stock": 0,
            "eps": 1.41
        },
        "2021": {
            "cash": 1,
            "stock": 0,
            "eps": 2.54
        },
        "2022": {
            "cash": 1.7,
            "stock": 0,
            "eps": 3.62
        },
        "2023": {
            "cash": 2.2,
            "stock": 0,
            "eps": 1.93
        }
    },
    "dividends": {
        "2004-01-28": {
            "cash": 0,
            "stock": 1.5
        },
        "2005-03-30": {
            "cash": 0,
            "stock": 2
        },
        "2006-03-15": {
            "cash": 0.2,
            "stock": 1.4
        },
        "2007-03-30": {
            "cash": 0,
            "stock": 1.75
        },
        "2008-02-28": {
            "cash": 0,
            "stock": 2.1
        },
        "2009-03-16": {
            "cash": 0.6,
            "stock": 0.6
        },
        "2010-03-09": {
            "cash": 0,
            "stock": 2.4
        },
        "2011-03-14": {
            "cash": 0.4,
            "stock": 0.4
        },
        "2012-06-08": {
            "cash": 1,
            "stock": 0.4
        },
        "2013-06-10": {
            "cash": 1,
            "stock": 0
        },
        "2014-08-21": {
            "cash": 0.8,
            "stock": 0
        },
        "2015-09-15": {
            "cash": 0.8,
            "stock": 0
        },
        "2016-09-09": {
            "cash": 0.5,
            "stock": 0
        },
        "2017-09-08": {
            "cash": 0.4,
            "stock": 0
        },
        "2019-08-22": {
            "cash": 0.45,
            "stock": 0
        },
        "2020-09-09": {
            "cash": 0.8,
            "stock": 0
        },
        "2021-10-08": {
            "cash": 1,
            "stock": 0
        },
        "2022-09-08": {
            "cash": 1.7,
            "stock": 0
        },
        "2023-09-08": {
            "cash": 2.2,
            "stock": 0
        }
    },
    "prices": {
        "200101": "無",
        "200102": "無",
        "200103": "無",
        "200104": "無",
        "200105": "無",
        "200106": "無",
        "200107": "無",
        "200108": "無",
        "200109": "無",
        "200110": "無",
        "200111": "無",
        "200112": "無",
        "200201": "無",
        "200202": "無",
        "200203": "無",
        "200204": "無",
        "200205": "無",
        "200206": "無",
        "200207": "無",
        "200208": "無",
        "200209": "無",
        "200210": "無",
        "200211": "無",
        "200212": "無",
        "200301": "無",
        "200302": "無",
        "200303": "無",
        "200304": "無",
        "200305": "無",
        "200306": "無",
        "200307": "無",
        "200308": "無",
        "200309": "無",
        "200310": "31.00",
        "200311": "31.00",
        "200312": "31.02",
        "200401": "35.23",
        "200402": "38.07",
        "200403": "36.32",
        "200404": "35.64",
        "200405": "35.05",
        "200406": "33.00",
        "200407": "32.08",
        "200408": "31.73",
        "200409": "33.08",
        "200410": "31.63",
        "200411": "32.89",
        "200412": "33.42",
        "200501": "29.39",
        "200502": "27.18",
        "200503": "27.53",
        "200504": "26.38",
        "200505": "23.08",
        "200506": "23.37",
        "200507": "22.39",
        "200508": "22.84",
        "200509": "16.65",
        "200510": "15.45",
        "200511": "13.88",
        "200512": "16.29",
        "200601": "15.07",
        "200602": "14.48",
        "200603": "14.40",
        "200604": "15.96",
        "200605": "19.12",
        "200606": "22.38",
        "200607": "23.24",
        "200608": "20.74",
        "200609": "18.33",
        "200610": "21.57",
        "200611": "27.00",
        "200612": "33.42",
        "200701": "35.13",
        "200702": "33.99",
        "200703": "33.63",
        "200704": "42.72",
        "200705": "52.57",
        "200706": "58.84",
        "200707": "55.40",
        "200708": "49.16",
        "200709": "40.74",
        "200710": "40.21",
        "200711": "36.18",
        "200712": "23.75",
        "200801": "21.09",
        "200802": "21.59",
        "200803": "25.01",
        "200804": "25.79",
        "200805": "25.71",
        "200806": "23.48",
        "200807": "20.30",
        "200808": "21.29",
        "200809": "15.83",
        "200810": "14.06",
        "200811": "10.59",
        "200812": "9.89",
        "200901": "9.65",
        "200902": "9.50",
        "200903": "11.33",
        "200904": "13.60",
        "200905": "14.95",
        "200906": "14.68",
        "200907": "16.22",
        "200908": "17.33",
        "200909": "20.13",
        "200910": "23.76",
        "200911": "24.42",
        "200912": "26.30",
        "201001": "30.60",
        "201002": "25.69",
        "201003": "31.12",
        "201004": "31.70",
        "201005": "30.08",
        "201006": "29.16",
        "201007": "28.88",
        "201008": "24.60",
        "201009": "22.12",
        "201010": "20.84",
        "201011": "20.64",
        "201012": "21.66",
        "201101": "21.64",
        "201102": "21.54",
        "201103": "19.77",
        "201104": "19.02",
        "201105": "19.98",
        "201106": "22.28",
        "201107": "21.25",
        "201108": "22.37",
        "201109": "21.08",
        "201110": "19.59",
        "201111": "19.05",
        "201112": "17.63",
        "201201": "18.08",
        "201202": "20.16",
        "201203": "21.29",
        "201204": "20.26",
        "201205": "19.37",
        "201206": "19.24",
        "201207": "19.27",
        "201208": "19.07",
        "201209": "18.14",
        "201210": "17.22",
        "201211": "16.33",
        "201212": "17.24",
        "201301": "16.93",
        "201302": "16.48",
        "201303": "16.45",
        "201304": "16.29",
        "201305": "16.15",
        "201306": "15.18",
        "201307": "15.03",
        "201308": "15.02",
        "201309": "15.04",
        "201310": "15.17",
        "201311": "14.92",
        "201312": "18.54",
        "201401": "17.59",
        "201402": "17.21",
        "201403": "17.56",
        "201404": "16.98",
        "201405": "16.79",
        "201406": "15.94",
        "201407": "15.77",
        "201408": "14.67",
        "201409": "14.26",
        "201410": "13.28",
        "201411": "13.07",
        "201412": "17.64",
        "201501": "22.69",
        "201502": "23.15",
        "201503": "23.92",
        "201504": "22.86",
        "201505": "20.67",
        "201506": "21.18",
        "201507": "20.57",
        "201508": "20.02",
        "201509": "19.66",
        "201510": "19.43",
        "201511": "19.07",
        "201512": "19.08",
        "201601": "18.80",
        "201602": "19.15",
        "201603": "20.65",
        "201604": "22.39",
        "201605": "21.90",
        "201606": "21.71",
        "201607": "21.80",
        "201608": "23.41",
        "201609": "28.95",
        "201610": "32.55",
        "201611": "40.20",
        "201612": "46.66",
        "201701": "38.57",
        "201702": "34.83",
        "201703": "30.62",
        "201704": "26.71",
        "201705": "32.00",
        "201706": "34.89",
        "201707": "33.16",
        "201708": "30.69",
        "201709": "30.88",
        "201710": "32.93",
        "201711": "32.20",
        "201712": "33.18",
        "201801": "35.47",
        "201802": "34.90",
        "201803": "32.21",
        "201804": "32.98",
        "201805": "30.92",
        "201806": "30.71",
        "201807": "31.47",
        "201808": "30.45",
        "201809": "30.11",
        "201810": "29.98",
        "201811": "29.32",
        "201812": "29.59",
        "201901": "29.13",
        "201902": "29.21",
        "201903": "28.51",
        "201904": "30.09",
        "201905": "31.27",
        "201906": "32.62",
        "201907": "31.68",
        "201908": "31.53",
        "201909": "31.24",
        "201910": "31.45",
        "201911": "31.16",
        "201912": "31.62",
        "202001": "31.27",
        "202002": "29.78",
        "202003": "28.23",
        "202004": "26.95",
        "202005": "27.27",
        "202006": "27.61",
        "202007": "28.73",
        "202008": "28.09",
        "202009": "28.24",
        "202010": "28.55",
        "202011": "28.20",
        "202012": "28.92",
        "202101": "31.56",
        "202102": "31.49",
        "202103": "28.62",
        "202104": "30.87",
        "202105": "28.63",
        "202106": "27.33",
        "202107": "27.54",
        "202108": "26.89",
        "202109": "26.63",
        "202110": "27.22",
        "202111": "27.91",
        "202112": "27.11",
        "202201": "26.80",
        "202202": "26.72",
        "202203": "25.93",
        "202204": "25.53",
        "202205": "25.86",
        "202206": "26.21",
        "202207": "26.43",
        "202208": "25.80",
        "202209": "24.89",
        "202210": "25.32",
        "202211": "25.48",
        "202212": "26.10",
        "202301": "25.80",
        "202302": "26.14",
        "202303": "28.89",
        "202304": "29.93",
        "202305": "30.66",
        "202306": "30.04",
        "202307": "29.07",
        "202308": "27.44",
        "202309": "26.93",
        "202310": "25.98",
        "202311": "26.63",
        "202312": "27.47"
    },
    "quarters": {
        "20011": {
            "year_quarter": 20011,
            "year": 2001,
            "quarter": 1,
            "eps": null,
            "eps_growth_year": null,
            "eps_4q": null,
            "eps_4q_growth_year": null,
            "roe": null,
            "roe_4q": 0,
            "gross_profit": null,
            "gross_margin": null,
            "gross_margin_4q_avg": 0,
            "net_income": null,
            "net_income_4q": null,
            "revenue": null,
            "revenue_4q": null,
            "common_shares": null,
            "book_valuer_per_share": null,
            "book_valuer_per_share_4q_avg": 0,
            "equity": null,
            "current_ratio": null,
            "debt_ratio": null,
            "inventory_turnover_ratio": null,
            "account_receivable_turnover_ratio": null,
            "reinvestment_rate": null,
            "research_to_sale_ratio": null,
            "price_fair": 0,
            "eps_avg_yearly": 0,
            "eps_latest_yearly": 0,
            "eps_growth_yearly": 0
        },
        "20012": {
            "year_quarter": 20012,
            "year": 2001,
            "quarter": 2,
            "eps": null,
            "eps_growth_year": null,
            "eps_4q": null,
            "eps_4q_growth_year": null,
            "roe": null,
            "roe_4q": 0,
            "gross_profit": null,
            "gross_margin": null,
            "gross_margin_4q_avg": 0,
            "net_income": null,
            "net_income_4q": null,
            "revenue": null,
            "revenue_4q": null,
            "common_shares": null,
            "book_valuer_per_share": null,
            "book_valuer_per_share_4q_avg": 0,
            "equity": null,
            "current_ratio": null,
            "debt_ratio": null,
            "inventory_turnover_ratio": null,
            "account_receivable_turnover_ratio": null,
            "reinvestment_rate": null,
            "research_to_sale_ratio": null,
            "price_fair": 0,
            "eps_avg_yearly": 0,
            "eps_latest_yearly": 0,
            "eps_growth_yearly": 0
        },
        "20013": {
            "year_quarter": 20013,
            "year": 2001,
            "quarter": 3,
            "eps": null,
            "eps_growth_year": null,
            "eps_4q": null,
            "eps_4q_growth_year": null,
            "roe": null,
            "roe_4q": 0,
            "gross_profit": null,
            "gross_margin": null,
            "gross_margin_4q_avg": 0,
            "net_income": null,
            "net_income_4q": null,
            "revenue": null,
            "revenue_4q": null,
            "common_shares": null,
            "book_valuer_per_share": null,
            "book_valuer_per_share_4q_avg": 0,
            "equity": null,
            "current_ratio": null,
            "debt_ratio": null,
            "inventory_turnover_ratio": null,
            "account_receivable_turnover_ratio": null,
            "reinvestment_rate": null,
            "research_to_sale_ratio": null,
            "price_fair": 0,
            "eps_avg_yearly": 0,
            "eps_latest_yearly": 0,
            "eps_growth_yearly": 0
        },
        "20014": {
            "year_quarter": 20014,
            "year": 2001,
            "quarter": 4,
            "eps": null,
            "eps_growth_year": null,
            "eps_4q": null,
            "eps_4q_growth_year": null,
            "roe": null,
            "roe_4q": 0,
            "gross_profit": null,
            "gross_margin": null,
            "gross_margin_4q_avg": 0,
            "net_income": null,
            "net_income_4q": null,
            "revenue": null,
            "revenue_4q": null,
            "common_shares": 56340,
            "book_valuer_per_share": 6.6,
            "book_valuer_per_share_4q_avg": 1.65,
            "equity": 37161,
            "current_ratio": 674.72,
            "debt_ratio": 13.01,
            "inventory_turnover_ratio": null,
            "account_receivable_turnover_ratio": null,
            "reinvestment_rate": null,
            "research_to_sale_ratio": null,
            "price_fair": 0,
            "eps_avg_yearly": 0,
            "eps_latest_yearly": 0,
            "eps_growth_yearly": 0
        },
        "20021": {
            "year_quarter": 20021,
            "year": 2002,
            "quarter": 1,
            "eps": null,
            "eps_growth_year": null,
            "eps_4q": null,
            "eps_4q_growth_year": null,
            "roe": null,
            "roe_4q": 0,
            "gross_profit": null,
            "gross_margin": null,
            "gross_margin_4q_avg": 0,
            "net_income": null,
            "net_income_4q": null,
            "revenue": null,
            "revenue_4q": null,
            "common_shares": null,
            "book_valuer_per_share": null,
            "book_valuer_per_share_4q_avg": 1.65,
            "equity": null,
            "current_ratio": null,
            "debt_ratio": null,
            "inventory_turnover_ratio": null,
            "account_receivable_turnover_ratio": null,
            "reinvestment_rate": null,
            "research_to_sale_ratio": null,
            "price_fair": 0,
            "eps_avg_yearly": 0,
            "eps_latest_yearly": 0,
            "eps_growth_yearly": 0
        },
        "20022": {
            "year_quarter": 20022,
            "year": 2002,
            "quarter": 2,
            "eps": null,
            "eps_growth_year": null,
            "eps_4q": null,
            "eps_4q_growth_year": null,
            "roe": null,
            "roe_4q": 0,
            "gross_profit": null,
            "gross_margin": null,
            "gross_margin_4q_avg": 0,
            "net_income": null,
            "net_income_4q": null,
            "revenue": null,
            "revenue_4q": null,
            "common_shares": null,
            "book_valuer_per_share": null,
            "book_valuer_per_share_4q_avg": 1.65,
            "equity": null,
            "current_ratio": null,
            "debt_ratio": null,
            "inventory_turnover_ratio": null,
            "account_receivable_turnover_ratio": null,
            "reinvestment_rate": null,
            "research_to_sale_ratio": null,
            "price_fair": 0,
            "eps_avg_yearly": 0,
            "eps_latest_yearly": 0,
            "eps_growth_yearly": 0
        },
        "20023": {
            "year_quarter": 20023,
            "year": 2002,
            "quarter": 3,
            "eps": null,
            "eps_growth_year": null,
            "eps_4q": null,
            "eps_4q_growth_year": null,
            "roe": null,
            "roe_4q": 0,
            "gross_profit": null,
            "gross_margin": null,
            "gross_margin_4q_avg": 0,
            "net_income": null,
            "net_income_4q": null,
            "revenue": null,
            "revenue_4q": null,
            "common_shares": null,
            "book_valuer_per_share": null,
            "book_valuer_per_share_4q_avg": 1.65,
            "equity": null,
            "current_ratio": null,
            "debt_ratio": null,
            "inventory_turnover_ratio": null,
            "account_receivable_turnover_ratio": null,
            "reinvestment_rate": null,
            "research_to_sale_ratio": null,
            "price_fair": 0,
            "eps_avg_yearly": 0,
            "eps_latest_yearly": 0,
            "eps_growth_yearly": 0
        },
        "20024": {
            "year_quarter": 20024,
            "year": 2002,
            "quarter": 4,
            "eps": null,
            "eps_growth_year": null,
            "eps_4q": null,
            "eps_4q_growth_year": null,
            "roe": null,
            "roe_4q": 0,
            "gross_profit": null,
            "gross_margin": null,
            "gross_margin_4q_avg": 0,
            "net_income": null,
            "net_income_4q": null,
            "revenue": null,
            "revenue_4q": null,
            "common_shares": 56340,
            "book_valuer_per_share": 9.61,
            "book_valuer_per_share_4q_avg": 2.4,
            "equity": 54164,
            "current_ratio": 254.72,
            "debt_ratio": 35.77,
            "inventory_turnover_ratio": null,
            "account_receivable_turnover_ratio": null,
            "reinvestment_rate": null,
            "research_to_sale_ratio": null,
            "price_fair": 0,
            "eps_avg_yearly": 0,
            "eps_latest_yearly": 0,
            "eps_growth_yearly": 0
        },
        "20031": {
            "year_quarter": 20031,
            "year": 2003,
            "quarter": 1,
            "eps": null,
            "eps_growth_year": null,
            "eps_4q": null,
            "eps_4q_growth_year": null,
            "roe": null,
            "roe_4q": 0,
            "gross_profit": null,
            "gross_margin": null,
            "gross_margin_4q_avg": 0,
            "net_income": null,
            "net_income_4q": null,
            "revenue": null,
            "revenue_4q": null,
            "common_shares": null,
            "book_valuer_per_share": null,
            "book_valuer_per_share_4q_avg": 2.4,
            "equity": null,
            "current_ratio": null,
            "debt_ratio": null,
            "inventory_turnover_ratio": null,
            "account_receivable_turnover_ratio": null,
            "reinvestment_rate": null,
            "research_to_sale_ratio": null,
            "price_fair": 0,
            "eps_avg_yearly": 0,
            "eps_latest_yearly": 0,
            "eps_growth_yearly": 0
        },
        "20032": {
            "year_quarter": 20032,
            "year": 2003,
            "quarter": 2,
            "eps": null,
            "eps_growth_year": null,
            "eps_4q": null,
            "eps_4q_growth_year": null,
            "roe": null,
            "roe_4q": 0,
            "gross_profit": null,
            "gross_margin": null,
            "gross_margin_4q_avg": 0,
            "net_income": null,
            "net_income_4q": null,
            "revenue": null,
            "revenue_4q": null,
            "common_shares": null,
            "book_valuer_per_share": null,
            "book_valuer_per_share_4q_avg": 2.4,
            "equity": null,
            "current_ratio": null,
            "debt_ratio": null,
            "inventory_turnover_ratio": null,
            "account_receivable_turnover_ratio": null,
            "reinvestment_rate": null,
            "research_to_sale_ratio": null,
            "price_fair": 0,
            "eps_avg_yearly": 0,
            "eps_latest_yearly": 0,
            "eps_growth_yearly": 0
        },
        "20033": {
            "year_quarter": 20033,
            "year": 2003,
            "quarter": 3,
            "eps": null,
            "eps_growth_year": null,
            "eps_4q": null,
            "eps_4q_growth_year": null,
            "roe": null,
            "roe_4q": 0,
            "gross_profit": null,
            "gross_margin": null,
            "gross_margin_4q_avg": 0,
            "net_income": null,
            "net_income_4q": null,
            "revenue": null,
            "revenue_4q": null,
            "common_shares": null,
            "book_valuer_per_share": null,
            "book_valuer_per_share_4q_avg": 2.4,
            "equity": null,
            "current_ratio": null,
            "debt_ratio": null,
            "inventory_turnover_ratio": null,
            "account_receivable_turnover_ratio": null,
            "reinvestment_rate": null,
            "research_to_sale_ratio": null,
            "price_fair": 0,
            "eps_avg_yearly": 0,
            "eps_latest_yearly": 0,
            "eps_growth_yearly": 0
        },
        "20034": {
            "year_quarter": 20034,
            "year": 2003,
            "quarter": 4,
            "eps": null,
            "eps_growth_year": null,
            "eps_4q": null,
            "eps_4q_growth_year": null,
            "roe": null,
            "roe_4q": 0,
            "gross_profit": null,
            "gross_margin": null,
            "gross_margin_4q_avg": 0,
            "net_income": null,
            "net_income_4q": null,
            "revenue": null,
            "revenue_4q": null,
            "common_shares": 76340,
            "book_valuer_per_share": 12.76,
            "book_valuer_per_share_4q_avg": 3.19,
            "equity": 97427,
            "current_ratio": 257.52,
            "debt_ratio": 35.85,
            "inventory_turnover_ratio": null,
            "account_receivable_turnover_ratio": null,
            "reinvestment_rate": null,
            "research_to_sale_ratio": null,
            "price_fair": 0,
            "eps_avg_yearly": 0,
            "eps_latest_yearly": 0,
            "eps_growth_yearly": 0
        },
        "20041": {
            "year_quarter": 20041,
            "year": 2004,
            "quarter": 1,
            "eps": 0.67,
            "eps_growth_year": null,
            "eps_4q": null,
            "eps_4q_growth_year": null,
            "roe": 5.47,
            "roe_4q": 5.47,
            "gross_profit": 25983,
            "gross_margin": 23.82,
            "gross_margin_4q_avg": 5.96,
            "net_income": 7136,
            "net_income_4q": null,
            "revenue": 109076,
            "revenue_4q": null,
            "common_shares": 100000,
            "book_valuer_per_share": 16.34,
            "book_valuer_per_share_4q_avg": 7.28,
            "equity": 163438,
            "current_ratio": 315.89,
            "debt_ratio": 29.99,
            "inventory_turnover_ratio": 0.84,
            "account_receivable_turnover_ratio": null,
            "reinvestment_rate": null,
            "research_to_sale_ratio": null,
            "price_fair": 0,
            "eps_avg_yearly": 0,
            "eps_latest_yearly": 0,
            "eps_growth_yearly": 0
        },
        "20042": {
            "year_quarter": 20042,
            "year": 2004,
            "quarter": 2,
            "eps": 0.9,
            "eps_growth_year": null,
            "eps_4q": null,
            "eps_4q_growth_year": null,
            "roe": 5.08,
            "roe_4q": 10.55,
            "gross_profit": 32388,
            "gross_margin": 24.23,
            "gross_margin_4q_avg": 12.01,
            "net_income": 8505,
            "net_income_4q": null,
            "revenue": 133668,
            "revenue_4q": null,
            "common_shares": 100000,
            "book_valuer_per_share": 17.16,
            "book_valuer_per_share_4q_avg": 11.57,
            "equity": 171581,
            "current_ratio": 333.63,
            "debt_ratio": 28.04,
            "inventory_turnover_ratio": 0.86,
            "account_receivable_turnover_ratio": null,
            "reinvestment_rate": null,
            "research_to_sale_ratio": null,
            "price_fair": 126,
            "eps_avg_yearly": 3.6,
            "eps_latest_yearly": 3.6,
            "eps_growth_yearly": 137.31
        },
        "20043": {
            "year_quarter": 20043,
            "year": 2004,
            "quarter": 3,
            "eps": 0.95,
            "eps_growth_year": null,
            "eps_4q": null,
            "eps_4q_growth_year": null,
            "roe": 6.09,
            "roe_4q": 16.64,
            "gross_profit": 35112,
            "gross_margin": 24.46,
            "gross_margin_4q_avg": 18.13,
            "net_income": 10786,
            "net_income_4q": null,
            "revenue": 143564,
            "revenue_4q": null,
            "common_shares": 117711,
            "book_valuer_per_share": 15.49,
            "book_valuer_per_share_4q_avg": 15.44,
            "equity": 182367,
            "current_ratio": 306.87,
            "debt_ratio": 30.59,
            "inventory_turnover_ratio": 0.78,
            "account_receivable_turnover_ratio": null,
            "reinvestment_rate": null,
            "research_to_sale_ratio": null,
            "price_fair": 129.5,
            "eps_avg_yearly": 3.7,
            "eps_latest_yearly": 3.8,
            "eps_growth_yearly": 79.77
        },
        "20044": {
            "year_quarter": 20044,
            "year": 2004,
            "quarter": 4,
            "eps": 1.07,
            "eps_growth_year": null,
            "eps_4q": 3.37,
            "eps_4q_growth_year": null,
            "roe": 6.52,
            "roe_4q": 23.159999999999997,
            "gross_profit": 39684,
            "gross_margin": 27.57,
            "gross_margin_4q_avg": 25.02,
            "net_income": 12293,
            "net_income_4q": null,
            "revenue": 143963,
            "revenue_4q": null,
            "common_shares": 117711,
            "book_valuer_per_share": 16.54,
            "book_valuer_per_share_4q_avg": 16.38,
            "equity": 194660,
            "current_ratio": 372.4,
            "debt_ratio": 32.35,
            "inventory_turnover_ratio": 0.65,
            "account_receivable_turnover_ratio": null,
            "reinvestment_rate": null,
            "research_to_sale_ratio": null,
            "price_fair": 136.27,
            "eps_avg_yearly": 3.89,
            "eps_latest_yearly": 4.28,
            "eps_growth_yearly": 70.02
        },
        "20051": {
            "year_quarter": 20051,
            "year": 2005,
            "quarter": 1,
            "eps": 0.74,
            "eps_growth_year": 10.45,
            "eps_4q": 3.42,
            "eps_4q_growth_year": null,
            "roe": 4.38,
            "roe_4q": 22.07,
            "gross_profit": 32432,
            "gross_margin": 28.72,
            "gross_margin_4q_avg": 26.25,
            "net_income": 8709,
            "net_income_4q": null,
            "revenue": 112905,
            "revenue_4q": null,
            "common_shares": 117711,
            "book_valuer_per_share": 17.28,
            "book_valuer_per_share_4q_avg": 16.62,
            "equity": 203369,
            "current_ratio": 366.28,
            "debt_ratio": 31.8,
            "inventory_turnover_ratio": 0.49,
            "account_receivable_turnover_ratio": null,
            "reinvestment_rate": null,
            "research_to_sale_ratio": null,
            "price_fair": 115.93,
            "eps_avg_yearly": 3.66,
            "eps_latest_yearly": 2.96,
            "eps_growth_yearly": 21.67
        },
        "20052": {
            "year_quarter": 20052,
            "year": 2005,
            "quarter": 2,
            "eps": 0.44,
            "eps_growth_year": -51.11,
            "eps_4q": 3.15,
            "eps_4q_growth_year": null,
            "roe": 2.51,
            "roe_4q": 19.5,
            "gross_profit": 31236,
            "gross_margin": 25.96,
            "gross_margin_4q_avg": 26.68,
            "net_income": 5167,
            "net_income_4q": null,
            "revenue": 120309,
            "revenue_4q": null,
            "common_shares": 117711,
            "book_valuer_per_share": 17.7,
            "book_valuer_per_share_4q_avg": 16.75,
            "equity": 208368,
            "current_ratio": 303.5,
            "debt_ratio": 32.04,
            "inventory_turnover_ratio": 0.55,
            "account_receivable_turnover_ratio": null,
            "reinvestment_rate": null,
            "research_to_sale_ratio": null,
            "price_fair": 9.84,
            "eps_avg_yearly": 3.28,
            "eps_latest_yearly": 1.76,
            "eps_growth_yearly": -15.09
        },
        "20053": {
            "year_quarter": 20053,
            "year": 2005,
            "quarter": 3,
            "eps": 0.49,
            "eps_growth_year": -48.42,
            "eps_4q": 2.31,
            "eps_4q_growth_year": null,
            "roe": 3.3,
            "roe_4q": 16.71,
            "gross_profit": 31238,
            "gross_margin": 24.77,
            "gross_margin_4q_avg": 26.76,
            "net_income": 7027,
            "net_income_4q": null,
            "revenue": 126136,
            "revenue_4q": null,
            "common_shares": 144853,
            "book_valuer_per_share": 14.99,
            "book_valuer_per_share_4q_avg": 16.63,
            "equity": 217136,
            "current_ratio": 327.32,
            "debt_ratio": 33.62,
            "inventory_turnover_ratio": 0.63,
            "account_receivable_turnover_ratio": null,
            "reinvestment_rate": null,
            "research_to_sale_ratio": null,
            "price_fair": 9.18,
            "eps_avg_yearly": 3.06,
            "eps_latest_yearly": 1.96,
            "eps_growth_yearly": -5
        },
        "20054": {
            "year_quarter": 20054,
            "year": 2005,
            "quarter": 4,
            "eps": 0.51,
            "eps_growth_year": -52.34,
            "eps_4q": 1.96,
            "eps_4q_growth_year": -41.9,
            "roe": 3.42,
            "roe_4q": 13.61,
            "gross_profit": 32241,
            "gross_margin": 23.92,
            "gross_margin_4q_avg": 25.84,
            "net_income": 7361,
            "net_income_4q": null,
            "revenue": 134792,
            "revenue_4q": null,
            "common_shares": 144853,
            "book_valuer_per_share": 14.72,
            "book_valuer_per_share_4q_avg": 16.17,
            "equity": 213292,
            "current_ratio": 357.13,
            "debt_ratio": 34.96,
            "inventory_turnover_ratio": 0.72,
            "account_receivable_turnover_ratio": null,
            "reinvestment_rate": null,
            "research_to_sale_ratio": null,
            "price_fair": 8.74,
            "eps_avg_yearly": 2.91,
            "eps_latest_yearly": 2.04,
            "eps_growth_yearly": -1.95
        },
        "20061": {
            "year_quarter": 20061,
            "year": 2006,
            "quarter": 1,
            "eps": 0.51,
            "eps_growth_year": -31.08,
            "eps_4q": 1.94,
            "eps_4q_growth_year": -43.27,
            "roe": 3.22,
            "roe_4q": 12.450000000000001,
            "gross_profit": 29747,
            "gross_margin": 24.45,
            "gross_margin_4q_avg": 24.78,
            "net_income": 6963,
            "net_income_4q": null,
            "revenue": 121641,
            "revenue_4q": null,
            "common_shares": 144853,
            "book_valuer_per_share": 15.14,
            "book_valuer_per_share_4q_avg": 15.64,
            "equity": 219376,
            "current_ratio": 273.68,
            "debt_ratio": 35.21,
            "inventory_turnover_ratio": 0.69,
            "account_receivable_turnover_ratio": null,
            "reinvestment_rate": null,
            "research_to_sale_ratio": null,
            "price_fair": 8.42,
            "eps_avg_yearly": 2.81,
            "eps_latest_yearly": 2.04,
            "eps_growth_yearly": -1.71
        },
        "20062": {
            "year_quarter": 20062,
            "year": 2006,
            "quarter": 2,
            "eps": 0.7,
            "eps_growth_year": 59.09,
            "eps_4q": 2.25,
            "eps_4q_growth_year": -28.59,
            "roe": 4.35,
            "roe_4q": 14.29,
            "gross_profit": 32588,
            "gross_margin": 22.78,
            "gross_margin_4q_avg": 23.98,
            "net_income": 9660,
            "net_income_4q": null,
            "revenue": 143079,
            "revenue_4q": null,
            "common_shares": 144853,
            "book_valuer_per_share": 15.54,
            "book_valuer_per_share_4q_avg": 15.1,
            "equity": 225040,
            "current_ratio": 275.47,
            "debt_ratio": 34.01,
            "inventory_turnover_ratio": 0.89,
            "account_receivable_turnover_ratio": null,
            "reinvestment_rate": null,
            "research_to_sale_ratio": null,
            "price_fair": 70.22,
            "eps_avg_yearly": 2.8,
            "eps_latest_yearly": 2.8,
            "eps_growth_yearly": 15.04
        },
        "20063": {
            "year_quarter": 20063,
            "year": 2006,
            "quarter": 3,
            "eps": 0.5,
            "eps_growth_year": 2.04,
            "eps_4q": 2,
            "eps_4q_growth_year": -13.63,
            "roe": 3.48,
            "roe_4q": 14.47,
            "gross_profit": 28053,
            "gross_margin": 18.92,
            "gross_margin_4q_avg": 22.52,
            "net_income": 7998,
            "net_income_4q": null,
            "revenue": 148302,
            "revenue_4q": null,
            "common_shares": 166437,
            "book_valuer_per_share": 14.1,
            "book_valuer_per_share_4q_avg": 14.88,
            "equity": 234632,
            "current_ratio": 267.82,
            "debt_ratio": 32.58,
            "inventory_turnover_ratio": 1.06,
            "account_receivable_turnover_ratio": null,
            "reinvestment_rate": null,
            "research_to_sale_ratio": null,
            "price_fair": 32.97,
            "eps_avg_yearly": 2.72,
            "eps_latest_yearly": 2,
            "eps_growth_yearly": 2.11
        },
        "20064": {
            "year_quarter": 20064,
            "year": 2006,
            "quarter": 4,
            "eps": 0.65,
            "eps_growth_year": 27.45,
            "eps_4q": 2.2,
            "eps_4q_growth_year": 12.26,
            "roe": 4.32,
            "roe_4q": 15.370000000000001,
            "gross_profit": 33844,
            "gross_margin": 22.26,
            "gross_margin_4q_avg": 22.1,
            "net_income": 10336,
            "net_income_4q": null,
            "revenue": 152066,
            "revenue_4q": null,
            "common_shares": 166437,
            "book_valuer_per_share": 14.68,
            "book_valuer_per_share_4q_avg": 14.87,
            "equity": 244257,
            "current_ratio": 293.56,
            "debt_ratio": 35.26,
            "inventory_turnover_ratio": 0.84,
            "account_receivable_turnover_ratio": null,
            "reinvestment_rate": null,
            "research_to_sale_ratio": null,
            "price_fair": 61.91,
            "eps_avg_yearly": 2.71,
            "eps_latest_yearly": 2.6,
            "eps_growth_yearly": 12.82
        },
        "20071": {
            "year_quarter": 20071,
            "year": 2007,
            "quarter": 1,
            "eps": 0.75,
            "eps_growth_year": 47.06,
            "eps_4q": 2.52,
            "eps_4q_growth_year": 29.57,
            "roe": 4.74,
            "roe_4q": 16.89,
            "gross_profit": 28080,
            "gross_margin": 21.75,
            "gross_margin_4q_avg": 21.43,
            "net_income": 11885,
            "net_income_4q": null,
            "revenue": 129131,
            "revenue_4q": null,
            "common_shares": 166437,
            "book_valuer_per_share": 15.44,
            "book_valuer_per_share_4q_avg": 14.94,
            "equity": 256925,
            "current_ratio": 258.24,
            "debt_ratio": 29.63,
            "inventory_turnover_ratio": 0.75,
            "account_receivable_turnover_ratio": null,
            "reinvestment_rate": null,
            "research_to_sale_ratio": null,
            "price_fair": 73.57,
            "eps_avg_yearly": 2.74,
            "eps_latest_yearly": 3,
            "eps_growth_yearly": 16.88
        },
        "20072": {
            "year_quarter": 20072,
            "year": 2007,
            "quarter": 2,
            "eps": 0.83,
            "eps_growth_year": 18.57,
            "eps_4q": 2.73,
            "eps_4q_growth_year": 21.68,
            "roe": 5.01,
            "roe_4q": 17.55,
            "gross_profit": 32135,
            "gross_margin": 21.85,
            "gross_margin_4q_avg": 21.2,
            "net_income": 13170,
            "net_income_4q": null,
            "revenue": 147043,
            "revenue_4q": null,
            "common_shares": 166437,
            "book_valuer_per_share": 16.13,
            "book_valuer_per_share_4q_avg": 15.09,
            "equity": 268507,
            "current_ratio": 300.56,
            "debt_ratio": 24.73,
            "inventory_turnover_ratio": 1.25,
            "account_receivable_turnover_ratio": null,
            "reinvestment_rate": null,
            "research_to_sale_ratio": null,
            "price_fair": 80.29,
            "eps_avg_yearly": 2.78,
            "eps_latest_yearly": 3.32,
            "eps_growth_yearly": 18.87
        },
        "20073": {
            "year_quarter": 20073,
            "year": 2007,
            "quarter": 3,
            "eps": 0.62,
            "eps_growth_year": 24,
            "eps_4q": 2.47,
            "eps_4q_growth_year": 23.7,
            "roe": 4.33,
            "roe_4q": 18.4,
            "gross_profit": 28177,
            "gross_margin": 20.62,
            "gross_margin_4q_avg": 21.62,
            "net_income": 11840,
            "net_income_4q": null,
            "revenue": 136642,
            "revenue_4q": null,
            "common_shares": 197269,
            "book_valuer_per_share": 14.12,
            "book_valuer_per_share_4q_avg": 15.09,
            "equity": 278568,
            "current_ratio": 271.13,
            "debt_ratio": 26.73,
            "inventory_turnover_ratio": 1.18,
            "account_receivable_turnover_ratio": null,
            "reinvestment_rate": null,
            "research_to_sale_ratio": null,
            "price_fair": 56,
            "eps_avg_yearly": 2.76,
            "eps_latest_yearly": 2.48,
            "eps_growth_yearly": 10.29
        },
        "20074": {
            "year_quarter": 20074,
            "year": 2007,
            "quarter": 4,
            "eps": 0.71,
            "eps_growth_year": 9.23,
            "eps_4q": 2.66,
            "eps_4q_growth_year": 20.91,
            "roe": 4.76,
            "roe_4q": 18.84,
            "gross_profit": 32432,
            "gross_margin": 21.93,
            "gross_margin_4q_avg": 21.54,
            "net_income": 13447,
            "net_income_4q": null,
            "revenue": 147883,
            "revenue_4q": null,
            "common_shares": 197269,
            "book_valuer_per_share": 14.55,
            "book_valuer_per_share_4q_avg": 15.06,
            "equity": 286971,
            "current_ratio": 404.41,
            "debt_ratio": 27.94,
            "inventory_turnover_ratio": 0.83,
            "account_receivable_turnover_ratio": null,
            "reinvestment_rate": 0.74,
            "research_to_sale_ratio": null,
            "price_fair": 64.91,
            "eps_avg_yearly": 2.77,
            "eps_latest_yearly": 2.84,
            "eps_growth_yearly": 13.47
        },
        "20081": {
            "year_quarter": 20081,
            "year": 2008,
            "quarter": 1,
            "eps": 0.63,
            "eps_growth_year": -16,
            "eps_4q": 2.66,
            "eps_4q_growth_year": 5.57,
            "roe": 4.15,
            "roe_4q": 18.25,
            "gross_profit": 53628,
            "gross_margin": 23.74,
            "gross_margin_4q_avg": 22.04,
            "net_income": 11954,
            "net_income_4q": null,
            "revenue": 225907,
            "revenue_4q": null,
            "common_shares": 197269,
            "book_valuer_per_share": 14.63,
            "book_valuer_per_share_4q_avg": 14.86,
            "equity": 288507,
            "current_ratio": 364.97,
            "debt_ratio": 35.44,
            "inventory_turnover_ratio": 0.94,
            "account_receivable_turnover_ratio": null,
            "reinvestment_rate": -0.1,
            "research_to_sale_ratio": null,
            "price_fair": 54.49,
            "eps_avg_yearly": 2.75,
            "eps_latest_yearly": 2.52,
            "eps_growth_yearly": 9.82
        },
        "20082": {
            "year_quarter": 20082,
            "year": 2008,
            "quarter": 2,
            "eps": 0.62,
            "eps_growth_year": -25.3,
            "eps_4q": 2.58,
            "eps_4q_growth_year": -5.49,
            "roe": 4.02,
            "roe_4q": 17.259999999999998,
            "gross_profit": 53998,
            "gross_margin": 24.64,
            "gross_margin_4q_avg": 22.73,
            "net_income": 11754,
            "net_income_4q": null,
            "revenue": 219127,
            "revenue_4q": null,
            "common_shares": 197269,
            "book_valuer_per_share": 15.03,
            "book_valuer_per_share_4q_avg": 14.58,
            "equity": 296404,
            "current_ratio": 311.64,
            "debt_ratio": 39.22,
            "inventory_turnover_ratio": 0.88,
            "account_receivable_turnover_ratio": null,
            "reinvestment_rate": -1.54,
            "research_to_sale_ratio": null,
            "price_fair": 26.8,
            "eps_avg_yearly": 2.68,
            "eps_latest_yearly": 2.48,
            "eps_growth_yearly": 0.84
        },
        "20083": {
            "year_quarter": 20083,
            "year": 2008,
            "quarter": 3,
            "eps": 0.29,
            "eps_growth_year": -53.23,
            "eps_4q": 1.9,
            "eps_4q_growth_year": -23.16,
            "roe": 2.19,
            "roe_4q": 15.12,
            "gross_profit": 60828,
            "gross_margin": 27,
            "gross_margin_4q_avg": 24.33,
            "net_income": 6691,
            "net_income_4q": null,
            "revenue": 225324,
            "revenue_4q": null,
            "common_shares": 241400,
            "book_valuer_per_share": 13.01,
            "book_valuer_per_share_4q_avg": 14.31,
            "equity": 313962,
            "current_ratio": 347,
            "debt_ratio": 34.52,
            "inventory_turnover_ratio": 0.83,
            "account_receivable_turnover_ratio": null,
            "reinvestment_rate": -1.3,
            "research_to_sale_ratio": null,
            "price_fair": 7.55,
            "eps_avg_yearly": 2.52,
            "eps_latest_yearly": 1.16,
            "eps_growth_yearly": -13.86
        },
        "20084": {
            "year_quarter": 20084,
            "year": 2008,
            "quarter": 4,
            "eps": 0.24,
            "eps_growth_year": -66.2,
            "eps_4q": 1.55,
            "eps_4q_growth_year": -41.66,
            "roe": 1.76,
            "roe_4q": 12.120000000000001,
            "gross_profit": 64484,
            "gross_margin": 32.48,
            "gross_margin_4q_avg": 26.97,
            "net_income": 5566,
            "net_income_4q": null,
            "revenue": 198527,
            "revenue_4q": null,
            "common_shares": 241400,
            "book_valuer_per_share": 13.18,
            "book_valuer_per_share_4q_avg": 13.96,
            "equity": 318060,
            "current_ratio": 335.45,
            "debt_ratio": 34.2,
            "inventory_turnover_ratio": 0.64,
            "account_receivable_turnover_ratio": 6.29,
            "reinvestment_rate": -1.8,
            "research_to_sale_ratio": null,
            "price_fair": 6.92,
            "eps_avg_yearly": 2.31,
            "eps_latest_yearly": 0.96,
            "eps_growth_yearly": -21.33
        },
        "20091": {
            "year_quarter": 20091,
            "year": 2009,
            "quarter": 1,
            "eps": 0.4,
            "eps_growth_year": -36.51,
            "eps_4q": 1.42,
            "eps_4q_growth_year": -46.5,
            "roe": 2.82,
            "roe_4q": 10.79,
            "gross_profit": 52779,
            "gross_margin": 24.95,
            "gross_margin_4q_avg": 27.27,
            "net_income": 9403,
            "net_income_4q": null,
            "revenue": 211529,
            "revenue_4q": null,
            "common_shares": 234000,
            "book_valuer_per_share": 14.88,
            "book_valuer_per_share_4q_avg": 14.03,
            "equity": 348099,
            "current_ratio": 362.48,
            "debt_ratio": 31.93,
            "inventory_turnover_ratio": 0.67,
            "account_receivable_turnover_ratio": 3.16,
            "reinvestment_rate": -1.98,
            "research_to_sale_ratio": null,
            "price_fair": 29,
            "eps_avg_yearly": 2.22,
            "eps_latest_yearly": 1.6,
            "eps_growth_yearly": 3.05
        },
        "20092": {
            "year_quarter": 20092,
            "year": 2009,
            "quarter": 2,
            "eps": 0.77,
            "eps_growth_year": 24.19,
            "eps_4q": 1.69,
            "eps_4q_growth_year": -34.59,
            "roe": 5.27,
            "roe_4q": 12.04,
            "gross_profit": 56334,
            "gross_margin": 26.26,
            "gross_margin_4q_avg": 27.67,
            "net_income": 18121,
            "net_income_4q": null,
            "revenue": 214503,
            "revenue_4q": null,
            "common_shares": 234000,
            "book_valuer_per_share": 14.52,
            "book_valuer_per_share_4q_avg": 13.9,
            "equity": 339707,
            "current_ratio": 321.25,
            "debt_ratio": 34.52,
            "inventory_turnover_ratio": 0.65,
            "account_receivable_turnover_ratio": 3.1,
            "reinvestment_rate": -4.33,
            "research_to_sale_ratio": null,
            "price_fair": 80.68,
            "eps_avg_yearly": 2.31,
            "eps_latest_yearly": 3.08,
            "eps_growth_yearly": 36.31
        },
        "20093": {
            "year_quarter": 20093,
            "year": 2009,
            "quarter": 3,
            "eps": 0.68,
            "eps_growth_year": 134.48,
            "eps_4q": 2.01,
            "eps_4q_growth_year": 5.85,
            "roe": 4.81,
            "roe_4q": 14.659999999999998,
            "gross_profit": 61892,
            "gross_margin": 24.08,
            "gross_margin_4q_avg": 26.94,
            "net_income": 16899,
            "net_income_4q": null,
            "revenue": 257030,
            "revenue_4q": null,
            "common_shares": 250469,
            "book_valuer_per_share": 14.47,
            "book_valuer_per_share_4q_avg": 14.26,
            "equity": 362928,
            "current_ratio": 342.04,
            "debt_ratio": 33.05,
            "inventory_turnover_ratio": 0.92,
            "account_receivable_turnover_ratio": 3.84,
            "reinvestment_rate": -4.86,
            "research_to_sale_ratio": null,
            "price_fair": 82.34,
            "eps_avg_yearly": 2.35,
            "eps_latest_yearly": 2.72,
            "eps_growth_yearly": 30.55
        },
        "20094": {
            "year_quarter": 20094,
            "year": 2009,
            "quarter": 4,
            "eps": 0.74,
            "eps_growth_year": 208.33,
            "eps_4q": 2.51,
            "eps_4q_growth_year": 61.9,
            "roe": 4.94,
            "roe_4q": 17.84,
            "gross_profit": 65768,
            "gross_margin": 30.68,
            "gross_margin_4q_avg": 26.49,
            "net_income": 18461,
            "net_income_4q": null,
            "revenue": 214383,
            "revenue_4q": null,
            "common_shares": 250469,
            "book_valuer_per_share": 15.33,
            "book_valuer_per_share_4q_avg": 14.8,
            "equity": 384025,
            "current_ratio": 372.89,
            "debt_ratio": 31.14,
            "inventory_turnover_ratio": 0.8,
            "account_receivable_turnover_ratio": 7.55,
            "reinvestment_rate": 151.22,
            "research_to_sale_ratio": null,
            "price_fair": 84.35,
            "eps_avg_yearly": 2.41,
            "eps_latest_yearly": 2.96,
            "eps_growth_yearly": 31.73
        },
        "20101": {
            "year_quarter": 20101,
            "year": 2010,
            "quarter": 1,
            "eps": 0.45,
            "eps_growth_year": 12.5,
            "eps_4q": 2.58,
            "eps_4q_growth_year": 81.69,
            "roe": 2.91,
            "roe_4q": 17.93,
            "gross_profit": 51844,
            "gross_margin": 26.33,
            "gross_margin_4q_avg": 26.84,
            "net_income": 11202,
            "net_income_4q": null,
            "revenue": 196870,
            "revenue_4q": null,
            "common_shares": 250469,
            "book_valuer_per_share": 15.4,
            "book_valuer_per_share_4q_avg": 14.93,
            "equity": 385677,
            "current_ratio": 368.43,
            "debt_ratio": 31.84,
            "inventory_turnover_ratio": 0.81,
            "account_receivable_turnover_ratio": 3.16,
            "reinvestment_rate": 152.85,
            "research_to_sale_ratio": null,
            "price_fair": 76.48,
            "eps_avg_yearly": 2.4,
            "eps_latest_yearly": 1.8,
            "eps_growth_yearly": 21.94
        },
        "20102": {
            "year_quarter": 20102,
            "year": 2010,
            "quarter": 2,
            "eps": 0.51,
            "eps_growth_year": -34.24,
            "eps_4q": 2.01,
            "eps_4q_growth_year": 18.65,
            "roe": 4.02,
            "roe_4q": 16.68,
            "gross_profit": 57674,
            "gross_margin": 27.67,
            "gross_margin_4q_avg": 27.19,
            "net_income": 15726,
            "net_income_4q": null,
            "revenue": 208456,
            "revenue_4q": null,
            "common_shares": 250469,
            "book_valuer_per_share": 15.87,
            "book_valuer_per_share_4q_avg": 15.27,
            "equity": 397615,
            "current_ratio": 329.22,
            "debt_ratio": 34.3,
            "inventory_turnover_ratio": 0.79,
            "account_receivable_turnover_ratio": 2.98,
            "reinvestment_rate": 171.9,
            "research_to_sale_ratio": null,
            "price_fair": 60.93,
            "eps_avg_yearly": 2.35,
            "eps_latest_yearly": 2.04,
            "eps_growth_yearly": 15.95
        },
        "20103": {
            "year_quarter": 20103,
            "year": 2010,
            "quarter": 3,
            "eps": 0.48,
            "eps_growth_year": -29.47,
            "eps_4q": 1.94,
            "eps_4q_growth_year": -3.5,
            "roe": 3.69,
            "roe_4q": 15.559999999999999,
            "gross_profit": 63639,
            "gross_margin": 28.65,
            "gross_margin_4q_avg": 28.33,
            "net_income": 14896,
            "net_income_4q": null,
            "revenue": 222093,
            "revenue_4q": null,
            "common_shares": 310582,
            "book_valuer_per_share": 13.2,
            "book_valuer_per_share_4q_avg": 14.95,
            "equity": 410002,
            "current_ratio": 360.95,
            "debt_ratio": 32.35,
            "inventory_turnover_ratio": 0.76,
            "account_receivable_turnover_ratio": 2.94,
            "reinvestment_rate": 171.54,
            "research_to_sale_ratio": null,
            "price_fair": 74.09,
            "eps_avg_yearly": 2.34,
            "eps_latest_yearly": 1.92,
            "eps_growth_yearly": 21.63
        },
        "20104": {
            "year_quarter": 20104,
            "year": 2010,
            "quarter": 4,
            "eps": 0.27,
            "eps_growth_year": -63.44,
            "eps_4q": 1.62,
            "eps_4q_growth_year": -35.59,
            "roe": 2.06,
            "roe_4q": 12.68,
            "gross_profit": 58060,
            "gross_margin": 25.89,
            "gross_margin_4q_avg": 27.14,
            "net_income": 8402,
            "net_income_4q": null,
            "revenue": 224242,
            "revenue_4q": null,
            "common_shares": 310582,
            "book_valuer_per_share": 13.03,
            "book_valuer_per_share_4q_avg": 14.38,
            "equity": 404757,
            "current_ratio": 368.68,
            "debt_ratio": 31.71,
            "inventory_turnover_ratio": 0.8,
            "account_receivable_turnover_ratio": 3,
            "reinvestment_rate": 164.9,
            "research_to_sale_ratio": null,
            "price_fair": 29.64,
            "eps_avg_yearly": 2.25,
            "eps_latest_yearly": 1.08,
            "eps_growth_yearly": 3.19
        },
        "20111": {
            "year_quarter": 20111,
            "year": 2011,
            "quarter": 1,
            "eps": 0.42,
            "eps_growth_year": -6.67,
            "eps_4q": 1.67,
            "eps_4q_growth_year": -35.2,
            "roe": 3.16,
            "roe_4q": 12.93,
            "gross_profit": 57040,
            "gross_margin": 26.01,
            "gross_margin_4q_avg": 27.06,
            "net_income": 12951,
            "net_income_4q": null,
            "revenue": 219274,
            "revenue_4q": null,
            "common_shares": 310582,
            "book_valuer_per_share": 13.33,
            "book_valuer_per_share_4q_avg": 13.86,
            "equity": 413883,
            "current_ratio": 370.06,
            "debt_ratio": 31.73,
            "inventory_turnover_ratio": 0.74,
            "account_receivable_turnover_ratio": 2.86,
            "reinvestment_rate": 173,
            "research_to_sale_ratio": null,
            "price_fair": 50.3,
            "eps_avg_yearly": 2.17,
            "eps_latest_yearly": 1.68,
            "eps_growth_yearly": 13.23
        },
        "20112": {
            "year_quarter": 20112,
            "year": 2011,
            "quarter": 2,
            "eps": 0.51,
            "eps_growth_year": 1.7,
            "eps_4q": 1.64,
            "eps_4q_growth_year": -18.37,
            "roe": 4.02,
            "roe_4q": 12.93,
            "gross_profit": 63817,
            "gross_margin": 26.53,
            "gross_margin_4q_avg": 26.77,
            "net_income": 16633,
            "net_income_4q": null,
            "revenue": 240517,
            "revenue_4q": null,
            "common_shares": 310582,
            "book_valuer_per_share": 13.3,
            "book_valuer_per_share_4q_avg": 13.22,
            "equity": 413186,
            "current_ratio": 331.43,
            "debt_ratio": 34.71,
            "inventory_turnover_ratio": 0.76,
            "account_receivable_turnover_ratio": 3.01,
            "reinvestment_rate": 175.27,
            "research_to_sale_ratio": null,
            "price_fair": 54.05,
            "eps_avg_yearly": 2.09,
            "eps_latest_yearly": 2.04,
            "eps_growth_yearly": 15.92
        },
        "20113": {
            "year_quarter": 20113,
            "year": 2011,
            "quarter": 3,
            "eps": 0.44,
            "eps_growth_year": -8.1,
            "eps_4q": 1.62,
            "eps_4q_growth_year": -16.71,
            "roe": 3.35,
            "roe_4q": 12.59,
            "gross_profit": 60981,
            "gross_margin": 27.93,
            "gross_margin_4q_avg": 26.59,
            "net_income": 14237,
            "net_income_4q": null,
            "revenue": 218359,
            "revenue_4q": null,
            "common_shares": 323005,
            "book_valuer_per_share": 13.49,
            "book_valuer_per_share_4q_avg": 13.29,
            "equity": 435767,
            "current_ratio": 296.33,
            "debt_ratio": 38.42,
            "inventory_turnover_ratio": 0.66,
            "account_receivable_turnover_ratio": 3.41,
            "reinvestment_rate": 189.98,
            "research_to_sale_ratio": null,
            "price_fair": 58.79,
            "eps_avg_yearly": 2.04,
            "eps_latest_yearly": 1.76,
            "eps_growth_yearly": 18.82
        },
        "20114": {
            "year_quarter": 20114,
            "year": 2011,
            "quarter": 4,
            "eps": 0.41,
            "eps_growth_year": 53.07,
            "eps_4q": 1.77,
            "eps_4q_growth_year": 9.5,
            "roe": 3.03,
            "roe_4q": 13.559999999999999,
            "gross_profit": 64612,
            "gross_margin": 29.82,
            "gross_margin_4q_avg": 27.57,
            "net_income": 13375,
            "net_income_4q": null,
            "revenue": 216646,
            "revenue_4q": null,
            "common_shares": 323005,
            "book_valuer_per_share": 13.87,
            "book_valuer_per_share_4q_avg": 13.5,
            "equity": 448101,
            "current_ratio": 320.32,
            "debt_ratio": 36.52,
            "inventory_turnover_ratio": 0.67,
            "account_receivable_turnover_ratio": 4.25,
            "reinvestment_rate": 191.71,
            "research_to_sale_ratio": null,
            "price_fair": 46.14,
            "eps_avg_yearly": 1.97,
            "eps_latest_yearly": 1.64,
            "eps_growth_yearly": 13.48
        },
        "20121": {
            "year_quarter": 20121,
            "year": 2012,
            "quarter": 1,
            "eps": 0.34,
            "eps_growth_year": -19.05,
            "eps_4q": 1.71,
            "eps_4q_growth_year": 2.3,
            "roe": 2.43,
            "roe_4q": 12.83,
            "gross_profit": 54287,
            "gross_margin": 24.62,
            "gross_margin_4q_avg": 27.23,
            "net_income": 11052,
            "net_income_4q": null,
            "revenue": 220465,
            "revenue_4q": null,
            "common_shares": 323005,
            "book_valuer_per_share": 14.28,
            "book_valuer_per_share_4q_avg": 13.74,
            "equity": 461287,
            "current_ratio": 293.35,
            "debt_ratio": 38.4,
            "inventory_turnover_ratio": 0.72,
            "account_receivable_turnover_ratio": 4.05,
            "reinvestment_rate": 191.66,
            "research_to_sale_ratio": null,
            "price_fair": 41.69,
            "eps_avg_yearly": 1.89,
            "eps_latest_yearly": 1.36,
            "eps_growth_yearly": 12.03
        },
        "20122": {
            "year_quarter": 20122,
            "year": 2012,
            "quarter": 2,
            "eps": 0.38,
            "eps_growth_year": -25.3,
            "eps_4q": 1.54,
            "eps_4q_growth_year": -6.2,
            "roe": 2.87,
            "roe_4q": 11.68,
            "gross_profit": 65016,
            "gross_margin": 27.28,
            "gross_margin_4q_avg": 27.41,
            "net_income": 12922,
            "net_income_4q": null,
            "revenue": 238326,
            "revenue_4q": null,
            "common_shares": 323005,
            "book_valuer_per_share": 13.56,
            "book_valuer_per_share_4q_avg": 13.8,
            "equity": 437989,
            "current_ratio": 279.73,
            "debt_ratio": 41.08,
            "inventory_turnover_ratio": 0.69,
            "account_receivable_turnover_ratio": 3.92,
            "reinvestment_rate": 198.71,
            "research_to_sale_ratio": null,
            "price_fair": 46.49,
            "eps_avg_yearly": 1.83,
            "eps_latest_yearly": 1.52,
            "eps_growth_yearly": 15.37
        },
        "20123": {
            "year_quarter": 20123,
            "year": 2012,
            "quarter": 3,
            "eps": 0.4,
            "eps_growth_year": -8.36,
            "eps_4q": 1.52,
            "eps_4q_growth_year": -6.25,
            "roe": 3.07,
            "roe_4q": 11.399999999999999,
            "gross_profit": 64040,
            "gross_margin": 30.81,
            "gross_margin_4q_avg": 28.13,
            "net_income": 13569,
            "net_income_4q": null,
            "revenue": 207827,
            "revenue_4q": null,
            "common_shares": 335925,
            "book_valuer_per_share": 13.29,
            "book_valuer_per_share_4q_avg": 13.75,
            "equity": 446548,
            "current_ratio": 279.83,
            "debt_ratio": 41.03,
            "inventory_turnover_ratio": 0.57,
            "account_receivable_turnover_ratio": 3.57,
            "reinvestment_rate": 193.73,
            "research_to_sale_ratio": null,
            "price_fair": 65.1,
            "eps_avg_yearly": 1.86,
            "eps_latest_yearly": 1.6,
            "eps_growth_yearly": 29.99
        },
        "20124": {
            "year_quarter": 20124,
            "year": 2012,
            "quarter": 4,
            "eps": 0.33,
            "eps_growth_year": -21.27,
            "eps_4q": 1.44,
            "eps_4q_growth_year": -18.47,
            "roe": 2.44,
            "roe_4q": 10.809999999999999,
            "gross_profit": 65231,
            "gross_margin": 39.77,
            "gross_margin_4q_avg": 30.62,
            "net_income": 10952,
            "net_income_4q": null,
            "revenue": 164038,
            "revenue_4q": null,
            "common_shares": 335925,
            "book_valuer_per_share": 13.48,
            "book_valuer_per_share_4q_avg": 13.65,
            "equity": 452736,
            "current_ratio": 298.56,
            "debt_ratio": 39.05,
            "inventory_turnover_ratio": 0.39,
            "account_receivable_turnover_ratio": 3.46,
            "reinvestment_rate": 186.03,
            "research_to_sale_ratio": null,
            "price_fair": 65.89,
            "eps_avg_yearly": 1.88,
            "eps_latest_yearly": 1.32,
            "eps_growth_yearly": 29.93
        },
        "20131": {
            "year_quarter": 20131,
            "year": 2013,
            "quarter": 1,
            "eps": 0.15,
            "eps_growth_year": -55.88,
            "eps_4q": 1.26,
            "eps_4q_growth_year": -26.27,
            "roe": 1.08,
            "roe_4q": 9.46,
            "gross_profit": 46807,
            "gross_margin": 30.06,
            "gross_margin_4q_avg": 31.98,
            "net_income": 4959,
            "net_income_4q": null,
            "revenue": 155704,
            "revenue_4q": null,
            "common_shares": 335925,
            "book_valuer_per_share": 13.78,
            "book_valuer_per_share_4q_avg": 13.53,
            "equity": 462892,
            "current_ratio": 300.44,
            "debt_ratio": 38.99,
            "inventory_turnover_ratio": 0.42,
            "account_receivable_turnover_ratio": 3.85,
            "reinvestment_rate": 0.14,
            "research_to_sale_ratio": null,
            "price_fair": 5.46,
            "eps_avg_yearly": 1.82,
            "eps_latest_yearly": 0.6,
            "eps_growth_yearly": -0.38
        },
        "20132": {
            "year_quarter": 20132,
            "year": 2013,
            "quarter": 2,
            "eps": 0.41,
            "eps_growth_year": 6.59,
            "eps_4q": 1.28,
            "eps_4q_growth_year": -16.37,
            "roe": 3.01,
            "roe_4q": 9.6,
            "gross_profit": 62753,
            "gross_margin": 28.86,
            "gross_margin_4q_avg": 32.38,
            "net_income": 13662,
            "net_income_4q": null,
            "revenue": 217440,
            "revenue_4q": null,
            "common_shares": 335925,
            "book_valuer_per_share": 13.23,
            "book_valuer_per_share_4q_avg": 13.45,
            "equity": 444413,
            "current_ratio": 277.71,
            "debt_ratio": 41.57,
            "inventory_turnover_ratio": 0.59,
            "account_receivable_turnover_ratio": 5.25,
            "reinvestment_rate": 0.82,
            "research_to_sale_ratio": null,
            "price_fair": 51.61,
            "eps_avg_yearly": 1.73,
            "eps_latest_yearly": 1.64,
            "eps_growth_yearly": 19.83
        },
        "20133": {
            "year_quarter": 20133,
            "year": 2013,
            "quarter": 3,
            "eps": 0.29,
            "eps_growth_year": -28.21,
            "eps_4q": 1.17,
            "eps_4q_growth_year": -23.09,
            "roe": 2.14,
            "roe_4q": 8.67,
            "gross_profit": 54734,
            "gross_margin": 29.82,
            "gross_margin_4q_avg": 32.13,
            "net_income": 9587,
            "net_income_4q": null,
            "revenue": 183557,
            "revenue_4q": null,
            "common_shares": 335925,
            "book_valuer_per_share": 13.42,
            "book_valuer_per_share_4q_avg": 13.48,
            "equity": 450762,
            "current_ratio": 288.63,
            "debt_ratio": 40.14,
            "inventory_turnover_ratio": 0.51,
            "account_receivable_turnover_ratio": 4.57,
            "reinvestment_rate": 1.41,
            "research_to_sale_ratio": null,
            "price_fair": 41.53,
            "eps_avg_yearly": 1.63,
            "eps_latest_yearly": 1.16,
            "eps_growth_yearly": 15.44
        },
        "20134": {
            "year_quarter": 20134,
            "year": 2013,
            "quarter": 4,
            "eps": 0.32,
            "eps_growth_year": -3.07,
            "eps_4q": 1.16,
            "eps_4q_growth_year": -19.94,
            "roe": 2.32,
            "roe_4q": 8.55,
            "gross_profit": 55078,
            "gross_margin": 31.42,
            "gross_margin_4q_avg": 30.04,
            "net_income": 10616,
            "net_income_4q": null,
            "revenue": 175307,
            "revenue_4q": null,
            "common_shares": 335925,
            "book_valuer_per_share": 13.85,
            "book_valuer_per_share_4q_avg": 13.57,
            "equity": 465311,
            "current_ratio": 303.76,
            "debt_ratio": 38.34,
            "inventory_turnover_ratio": 0.48,
            "account_receivable_turnover_ratio": 5.31,
            "reinvestment_rate": -145.38,
            "research_to_sale_ratio": null,
            "price_fair": 39.44,
            "eps_avg_yearly": 1.53,
            "eps_latest_yearly": 1.28,
            "eps_growth_yearly": 15.82
        },
        "20141": {
            "year_quarter": 20141,
            "year": 2014,
            "quarter": 1,
            "eps": 0,
            "eps_growth_year": -100,
            "eps_4q": 1.01,
            "eps_4q_growth_year": -19.81,
            "roe": 0.03,
            "roe_4q": 7.5,
            "gross_profit": 39873,
            "gross_margin": 29.15,
            "gross_margin_4q_avg": 29.81,
            "net_income": 137,
            "net_income_4q": null,
            "revenue": 136791,
            "revenue_4q": null,
            "common_shares": 335925,
            "book_valuer_per_share": 14.12,
            "book_valuer_per_share_4q_avg": 13.66,
            "equity": 474327,
            "current_ratio": 308.98,
            "debt_ratio": 37.77,
            "inventory_turnover_ratio": 0.39,
            "account_receivable_turnover_ratio": 4.65,
            "reinvestment_rate": -159.5,
            "research_to_sale_ratio": null,
            "price_fair": 52.83,
            "eps_avg_yearly": 1.51,
            "eps_latest_yearly": 1.28,
            "eps_growth_yearly": 27.32
        },
        "20142": {
            "year_quarter": 20142,
            "year": 2014,
            "quarter": 2,
            "eps": 0.22,
            "eps_growth_year": -46.34,
            "eps_4q": 0.83,
            "eps_4q_growth_year": -35.66,
            "roe": 1.61,
            "roe_4q": 6.1,
            "gross_profit": 47933,
            "gross_margin": 27.62,
            "gross_margin_4q_avg": 29.5,
            "net_income": 7418,
            "net_income_4q": null,
            "revenue": 173557,
            "revenue_4q": null,
            "common_shares": 335925,
            "book_valuer_per_share": 13.36,
            "book_valuer_per_share_4q_avg": 13.69,
            "equity": 448683,
            "current_ratio": 291.5,
            "debt_ratio": 39.63,
            "inventory_turnover_ratio": 0.54,
            "account_receivable_turnover_ratio": 6.63,
            "reinvestment_rate": -192.55,
            "research_to_sale_ratio": null,
            "price_fair": 51.5,
            "eps_avg_yearly": 1.47,
            "eps_latest_yearly": 1.28,
            "eps_growth_yearly": 25.46
        },
        "20143": {
            "year_quarter": 20143,
            "year": 2014,
            "quarter": 3,
            "eps": 0.2,
            "eps_growth_year": -31.03,
            "eps_4q": 0.74,
            "eps_4q_growth_year": -36.24,
            "roe": 1.5,
            "roe_4q": 5.46,
            "gross_profit": 41683,
            "gross_margin": 28.18,
            "gross_margin_4q_avg": 29.09,
            "net_income": 6797,
            "net_income_4q": null,
            "revenue": 147940,
            "revenue_4q": null,
            "common_shares": 335925,
            "book_valuer_per_share": 13.57,
            "book_valuer_per_share_4q_avg": 13.73,
            "equity": 455939,
            "current_ratio": 336.48,
            "debt_ratio": 35.64,
            "inventory_turnover_ratio": 0.5,
            "account_receivable_turnover_ratio": 6.74,
            "reinvestment_rate": -208.26,
            "research_to_sale_ratio": null,
            "price_fair": 48.07,
            "eps_avg_yearly": 1.39,
            "eps_latest_yearly": 0.8,
            "eps_growth_yearly": 24.55
        },
        "20144": {
            "year_quarter": 20144,
            "year": 2014,
            "quarter": 4,
            "eps": 0.2,
            "eps_growth_year": -35.19,
            "eps_4q": 0.63,
            "eps_4q_growth_year": -45.31,
            "roe": 1.48,
            "roe_4q": 4.62,
            "gross_profit": 44770,
            "gross_margin": 29.34,
            "gross_margin_4q_avg": 28.57,
            "net_income": 6880,
            "net_income_4q": null,
            "revenue": 152601,
            "revenue_4q": null,
            "common_shares": 335925,
            "book_valuer_per_share": 14.16,
            "book_valuer_per_share_4q_avg": 13.8,
            "equity": 475621,
            "current_ratio": 359.34,
            "debt_ratio": 34.1,
            "inventory_turnover_ratio": 0.54,
            "account_receivable_turnover_ratio": 7.41,
            "reinvestment_rate": -200.17,
            "research_to_sale_ratio": null,
            "price_fair": 48,
            "eps_avg_yearly": 1.37,
            "eps_latest_yearly": 0.8,
            "eps_growth_yearly": 37.05
        },
        "20151": {
            "year_quarter": 20151,
            "year": 2015,
            "quarter": 1,
            "eps": 0.09,
            "eps_growth_year": null,
            "eps_4q": 0.72,
            "eps_4q_growth_year": -29.03,
            "roe": 0.63,
            "roe_4q": 5.22,
            "gross_profit": 35098,
            "gross_margin": 26.73,
            "gross_margin_4q_avg": 27.97,
            "net_income": 3035,
            "net_income_4q": null,
            "revenue": 131286,
            "revenue_4q": null,
            "common_shares": 335925,
            "book_valuer_per_share": 14.3,
            "book_valuer_per_share_4q_avg": 13.85,
            "equity": 480436,
            "current_ratio": 358.61,
            "debt_ratio": 33.84,
            "inventory_turnover_ratio": 0.51,
            "account_receivable_turnover_ratio": 6.15,
            "reinvestment_rate": -224.11,
            "research_to_sale_ratio": null,
            "price_fair": 19.75,
            "eps_avg_yearly": 1.28,
            "eps_latest_yearly": 0.36,
            "eps_growth_yearly": 5.46
        },
        "20152": {
            "year_quarter": 20152,
            "year": 2015,
            "quarter": 2,
            "eps": 0.2,
            "eps_growth_year": -9.09,
            "eps_4q": 0.7,
            "eps_4q_growth_year": -15.8,
            "roe": 1.42,
            "roe_4q": 5.029999999999999,
            "gross_profit": 40902,
            "gross_margin": 27.06,
            "gross_margin_4q_avg": 27.83,
            "net_income": 6661,
            "net_income_4q": null,
            "revenue": 151144,
            "revenue_4q": null,
            "common_shares": 335925,
            "book_valuer_per_share": 13.56,
            "book_valuer_per_share_4q_avg": 13.9,
            "equity": 455439,
            "current_ratio": 307.35,
            "debt_ratio": 38.15,
            "inventory_turnover_ratio": 0.62,
            "account_receivable_turnover_ratio": 6.96,
            "reinvestment_rate": -245.53,
            "research_to_sale_ratio": null,
            "price_fair": 41.6,
            "eps_avg_yearly": 1.19,
            "eps_latest_yearly": 0.8,
            "eps_growth_yearly": 34.26
        },
        "20153": {
            "year_quarter": 20153,
            "year": 2015,
            "quarter": 3,
            "eps": -0.07,
            "eps_growth_year": -135,
            "eps_4q": 0.42,
            "eps_4q_growth_year": -43.5,
            "roe": -0.54,
            "roe_4q": 2.9899999999999998,
            "gross_profit": 31406,
            "gross_margin": 26.88,
            "gross_margin_4q_avg": 27.5,
            "net_income": -2468,
            "net_income_4q": null,
            "revenue": 116844,
            "revenue_4q": null,
            "common_shares": 335925,
            "book_valuer_per_share": 13.59,
            "book_valuer_per_share_4q_avg": 13.9,
            "equity": 456577,
            "current_ratio": 338.45,
            "debt_ratio": 35.78,
            "inventory_turnover_ratio": 0.55,
            "account_receivable_turnover_ratio": 5.89,
            "reinvestment_rate": -303.93,
            "research_to_sale_ratio": null,
            "price_fair": 40.06,
            "eps_avg_yearly": 1.14,
            "eps_latest_yearly": 0.8,
            "eps_growth_yearly": 41.12
        },
        "20154": {
            "year_quarter": 20154,
            "year": 2015,
            "quarter": 4,
            "eps": 0.19,
            "eps_growth_year": -8.85,
            "eps_4q": 0.4,
            "eps_4q_growth_year": -36.42,
            "roe": 1.38,
            "roe_4q": 2.8899999999999997,
            "gross_profit": 38119,
            "gross_margin": 30.86,
            "gross_margin_4q_avg": 27.88,
            "net_income": 6271,
            "net_income_4q": null,
            "revenue": 123513,
            "revenue_4q": null,
            "common_shares": 335925,
            "book_valuer_per_share": 13.54,
            "book_valuer_per_share_4q_avg": 13.75,
            "equity": 454675,
            "current_ratio": 326.67,
            "debt_ratio": 36.34,
            "inventory_turnover_ratio": 0.61,
            "account_receivable_turnover_ratio": 6.58,
            "reinvestment_rate": -320.49,
            "research_to_sale_ratio": null,
            "price_fair": 38.62,
            "eps_avg_yearly": 1.1,
            "eps_latest_yearly": 0.8,
            "eps_growth_yearly": 46.82
        },
        "20161": {
            "year_quarter": 20161,
            "year": 2016,
            "quarter": 1,
            "eps": 0,
            "eps_growth_year": -100,
            "eps_4q": 0.32,
            "eps_4q_growth_year": -56.09,
            "roe": 0.03,
            "roe_4q": 2.29,
            "gross_profit": 25558,
            "gross_margin": 26.91,
            "gross_margin_4q_avg": 27.93,
            "net_income": 132,
            "net_income_4q": null,
            "revenue": 94989,
            "revenue_4q": null,
            "common_shares": 335925,
            "book_valuer_per_share": 13.38,
            "book_valuer_per_share_4q_avg": 13.52,
            "equity": 449302,
            "current_ratio": 323.55,
            "debt_ratio": 36.48,
            "inventory_turnover_ratio": 0.51,
            "account_receivable_turnover_ratio": 5.82,
            "reinvestment_rate": -350.5,
            "research_to_sale_ratio": null,
            "price_fair": 37.8,
            "eps_avg_yearly": 1.08,
            "eps_latest_yearly": 0.8,
            "eps_growth_yearly": 57.28
        },
        "20162": {
            "year_quarter": 20162,
            "year": 2016,
            "quarter": 2,
            "eps": 0.04,
            "eps_growth_year": -80,
            "eps_4q": 0.16,
            "eps_4q_growth_year": -76.85,
            "roe": 0.34,
            "roe_4q": 1.21,
            "gross_profit": 35756,
            "gross_margin": 29.57,
            "gross_margin_4q_avg": 28.56,
            "net_income": 1476,
            "net_income_4q": null,
            "revenue": 120912,
            "revenue_4q": null,
            "common_shares": 335925,
            "book_valuer_per_share": 12.86,
            "book_valuer_per_share_4q_avg": 13.34,
            "equity": 432021,
            "current_ratio": 301.07,
            "debt_ratio": 38.64,
            "inventory_turnover_ratio": 0.65,
            "account_receivable_turnover_ratio": 7.47,
            "reinvestment_rate": -408.3,
            "research_to_sale_ratio": null,
            "price_fair": 36.26,
            "eps_avg_yearly": 1.04,
            "eps_latest_yearly": 0.8,
            "eps_growth_yearly": 58.3
        },
        "20163": {
            "year_quarter": 20163,
            "year": 2016,
            "quarter": 3,
            "eps": 0.09,
            "eps_growth_year": null,
            "eps_4q": 0.32,
            "eps_4q_growth_year": -22.94,
            "roe": 0.69,
            "roe_4q": 2.44,
            "gross_profit": 30101,
            "gross_margin": 27.39,
            "gross_margin_4q_avg": 28.68,
            "net_income": 2993,
            "net_income_4q": null,
            "revenue": 109895,
            "revenue_4q": null,
            "common_shares": 335925,
            "book_valuer_per_share": 12.78,
            "book_valuer_per_share_4q_avg": 13.14,
            "equity": 429357,
            "current_ratio": 307.38,
            "debt_ratio": 37.76,
            "inventory_turnover_ratio": 0.67,
            "account_receivable_turnover_ratio": 6.73,
            "reinvestment_rate": -460.81,
            "research_to_sale_ratio": null,
            "price_fair": 31.92,
            "eps_avg_yearly": 0.91,
            "eps_latest_yearly": 0.36,
            "eps_growth_yearly": 106.2
        },
        "20164": {
            "year_quarter": 20164,
            "year": 2016,
            "quarter": 4,
            "eps": -0.78,
            "eps_growth_year": -518.59,
            "eps_4q": -0.64,
            "eps_4q_growth_year": -260.37,
            "roe": -6.04,
            "roe_4q": -4.9799999999999995,
            "gross_profit": 34850,
            "gross_margin": 28.79,
            "gross_margin_4q_avg": 28.17,
            "net_income": -26250,
            "net_income_4q": null,
            "revenue": 121056,
            "revenue_4q": null,
            "common_shares": 335925,
            "book_valuer_per_share": 13.1,
            "book_valuer_per_share_4q_avg": 13.03,
            "equity": 439940,
            "current_ratio": 325.8,
            "debt_ratio": 36.1,
            "inventory_turnover_ratio": 0.79,
            "account_receivable_turnover_ratio": 7.75,
            "reinvestment_rate": -780.08,
            "research_to_sale_ratio": null,
            "price_fair": 30.33,
            "eps_avg_yearly": 0.87,
            "eps_latest_yearly": 0.36,
            "eps_growth_yearly": 125.78
        },
        "20171": {
            "year_quarter": 20171,
            "year": 2017,
            "quarter": 1,
            "eps": 0.18,
            "eps_growth_year": null,
            "eps_4q": -0.47,
            "eps_4q_growth_year": -248.36,
            "roe": 1.39,
            "roe_4q": -3.6200000000000006,
            "gross_profit": 31126,
            "gross_margin": 30.39,
            "gross_margin_4q_avg": 29.04,
            "net_income": 6061,
            "net_income_4q": null,
            "revenue": 102420,
            "revenue_4q": null,
            "common_shares": 335925,
            "book_valuer_per_share": 12.78,
            "book_valuer_per_share_4q_avg": 12.88,
            "equity": 429156,
            "current_ratio": 314,
            "debt_ratio": 36.99,
            "inventory_turnover_ratio": 0.7,
            "account_receivable_turnover_ratio": 6.3,
            "reinvestment_rate": 5.41,
            "research_to_sale_ratio": null,
            "price_fair": 31.5,
            "eps_avg_yearly": 0.9,
            "eps_latest_yearly": 0.36,
            "eps_growth_yearly": 168.77
        },
        "20172": {
            "year_quarter": 20172,
            "year": 2017,
            "quarter": 2,
            "eps": 0.22,
            "eps_growth_year": 450,
            "eps_4q": -0.29,
            "eps_4q_growth_year": -278.27,
            "roe": 1.77,
            "roe_4q": -2.19,
            "gross_profit": 32901,
            "gross_margin": 27.47,
            "gross_margin_4q_avg": 28.51,
            "net_income": 7550,
            "net_income_4q": null,
            "revenue": 119752,
            "revenue_4q": null,
            "common_shares": 335925,
            "book_valuer_per_share": 12.65,
            "book_valuer_per_share_4q_avg": 12.83,
            "equity": 424990,
            "current_ratio": 305.28,
            "debt_ratio": 38.03,
            "inventory_turnover_ratio": 0.87,
            "account_receivable_turnover_ratio": 7.37,
            "reinvestment_rate": 1.6,
            "research_to_sale_ratio": null,
            "price_fair": 28.18,
            "eps_avg_yearly": 0.81,
            "eps_latest_yearly": 0.88,
            "eps_growth_yearly": 93.22
        },
        "20173": {
            "year_quarter": 20173,
            "year": 2017,
            "quarter": 3,
            "eps": 0.22,
            "eps_growth_year": 144.44,
            "eps_4q": -0.15,
            "eps_4q_growth_year": -146.9,
            "roe": 1.78,
            "roe_4q": -1.1000000000000005,
            "gross_profit": 29155,
            "gross_margin": 29.58,
            "gross_margin_4q_avg": 29.06,
            "net_income": 7540,
            "net_income_4q": null,
            "revenue": 98553,
            "revenue_4q": null,
            "common_shares": 335925,
            "book_valuer_per_share": 12.64,
            "book_valuer_per_share_4q_avg": 12.79,
            "equity": 424464,
            "current_ratio": 314.99,
            "debt_ratio": 37.21,
            "inventory_turnover_ratio": 0.71,
            "account_receivable_turnover_ratio": 6.09,
            "reinvestment_rate": -1.18,
            "research_to_sale_ratio": null,
            "price_fair": 26.95,
            "eps_avg_yearly": 0.77,
            "eps_latest_yearly": 0.88,
            "eps_growth_yearly": 107.85
        },
        "20174": {
            "year_quarter": 20174,
            "year": 2017,
            "quarter": 4,
            "eps": 0.18,
            "eps_growth_year": null,
            "eps_4q": 0.81,
            "eps_4q_growth_year": null,
            "roe": 1.41,
            "roe_4q": 6.35,
            "gross_profit": 37450,
            "gross_margin": 30.52,
            "gross_margin_4q_avg": 29.49,
            "net_income": 5985,
            "net_income_4q": null,
            "revenue": 122690,
            "revenue_4q": null,
            "common_shares": 335925,
            "book_valuer_per_share": 12.64,
            "book_valuer_per_share_4q_avg": 12.68,
            "equity": 424483,
            "current_ratio": 265.48,
            "debt_ratio": 37.39,
            "inventory_turnover_ratio": 0.87,
            "account_receivable_turnover_ratio": 7.11,
            "reinvestment_rate": -8.16,
            "research_to_sale_ratio": null,
            "price_fair": 24.5,
            "eps_avg_yearly": 0.7,
            "eps_latest_yearly": 0.72,
            "eps_growth_yearly": 93.59
        },
        "20181": {
            "year_quarter": 20181,
            "year": 2018,
            "quarter": 1,
            "eps": 0.12,
            "eps_growth_year": -33.33,
            "eps_4q": 0.75,
            "eps_4q_growth_year": null,
            "roe": 0.95,
            "roe_4q": 5.91,
            "gross_profit": 30785,
            "gross_margin": 27.76,
            "gross_margin_4q_avg": 28.83,
            "net_income": 4074,
            "net_income_4q": null,
            "revenue": 110916,
            "revenue_4q": null,
            "common_shares": 335925,
            "book_valuer_per_share": 12.78,
            "book_valuer_per_share_4q_avg": 12.68,
            "equity": 429181,
            "current_ratio": 259.28,
            "debt_ratio": 38.3,
            "inventory_turnover_ratio": 0.78,
            "account_receivable_turnover_ratio": 6.45,
            "reinvestment_rate": -8.02,
            "research_to_sale_ratio": null,
            "price_fair": 23.64,
            "eps_avg_yearly": 0.68,
            "eps_latest_yearly": 0.48,
            "eps_growth_yearly": 68.37
        },
        "20182": {
            "year_quarter": 20182,
            "year": 2018,
            "quarter": 2,
            "eps": 0.43,
            "eps_growth_year": 95.45,
            "eps_4q": 0.95,
            "eps_4q_growth_year": null,
            "roe": 3.31,
            "roe_4q": 7.45,
            "gross_profit": 40708,
            "gross_margin": 27.89,
            "gross_margin_4q_avg": 28.94,
            "net_income": 14415,
            "net_income_4q": null,
            "revenue": 145957,
            "revenue_4q": null,
            "common_shares": 335925,
            "book_valuer_per_share": 13.18,
            "book_valuer_per_share_4q_avg": 12.81,
            "equity": 442736,
            "current_ratio": 290.57,
            "debt_ratio": 34.15,
            "inventory_turnover_ratio": 0.95,
            "account_receivable_turnover_ratio": 9.01,
            "reinvestment_rate": -9.12,
            "research_to_sale_ratio": null,
            "price_fair": 27.3,
            "eps_avg_yearly": 0.78,
            "eps_latest_yearly": 1.72,
            "eps_growth_yearly": 164.87
        },
        "20183": {
            "year_quarter": 20183,
            "year": 2018,
            "quarter": 3,
            "eps": 0.17,
            "eps_growth_year": -22.73,
            "eps_4q": 0.9,
            "eps_4q_growth_year": null,
            "roe": 1.27,
            "roe_4q": 6.94,
            "gross_profit": 31973,
            "gross_margin": 29.9,
            "gross_margin_4q_avg": 29.02,
            "net_income": 5617,
            "net_income_4q": null,
            "revenue": 106923,
            "revenue_4q": null,
            "common_shares": 335925,
            "book_valuer_per_share": 13.16,
            "book_valuer_per_share_4q_avg": 12.94,
            "equity": 442116,
            "current_ratio": 305.64,
            "debt_ratio": 32.59,
            "inventory_turnover_ratio": 0.68,
            "account_receivable_turnover_ratio": 6.78,
            "reinvestment_rate": -5.09,
            "research_to_sale_ratio": null,
            "price_fair": 26.88,
            "eps_avg_yearly": 0.77,
            "eps_latest_yearly": 0.68,
            "eps_growth_yearly": 144.32
        },
        "20184": {
            "year_quarter": 20184,
            "year": 2018,
            "quarter": 4,
            "eps": 0.32,
            "eps_growth_year": 81.74,
            "eps_4q": 1.04,
            "eps_4q_growth_year": 28.92,
            "roe": 2.46,
            "roe_4q": 7.99,
            "gross_profit": 38376,
            "gross_margin": 30.72,
            "gross_margin_4q_avg": 29.07,
            "net_income": 10877,
            "net_income_4q": null,
            "revenue": 124917,
            "revenue_4q": null,
            "common_shares": 335925,
            "book_valuer_per_share": 13.19,
            "book_valuer_per_share_4q_avg": 13.08,
            "equity": 442941,
            "current_ratio": 297.55,
            "debt_ratio": 33.47,
            "inventory_turnover_ratio": 0.84,
            "account_receivable_turnover_ratio": 8.25,
            "reinvestment_rate": -1.28,
            "research_to_sale_ratio": null,
            "price_fair": 28.56,
            "eps_avg_yearly": 0.82,
            "eps_latest_yearly": 1.28,
            "eps_growth_yearly": 179.61
        },
        "20191": {
            "year_quarter": 20191,
            "year": 2019,
            "quarter": 1,
            "eps": 0.22,
            "eps_growth_year": 83.33,
            "eps_4q": 1.14,
            "eps_4q_growth_year": 51.95,
            "roe": 1.62,
            "roe_4q": 8.66,
            "gross_profit": 30362,
            "gross_margin": 31.15,
            "gross_margin_4q_avg": 29.92,
            "net_income": 7304,
            "net_income_4q": null,
            "revenue": 97464,
            "revenue_4q": null,
            "common_shares": 335925,
            "book_valuer_per_share": 13.64,
            "book_valuer_per_share_4q_avg": 13.29,
            "equity": 458285,
            "current_ratio": 277.58,
            "debt_ratio": 40.47,
            "inventory_turnover_ratio": 0.65,
            "account_receivable_turnover_ratio": 6.53,
            "reinvestment_rate": 1.6,
            "research_to_sale_ratio": null,
            "price_fair": 30.38,
            "eps_avg_yearly": 0.87,
            "eps_latest_yearly": 0.88,
            "eps_growth_yearly": 189.11
        },
        "20192": {
            "year_quarter": 20192,
            "year": 2019,
            "quarter": 2,
            "eps": 0.27,
            "eps_growth_year": -37.21,
            "eps_4q": 0.98,
            "eps_4q_growth_year": 2.56,
            "roe": 1.99,
            "roe_4q": 7.34,
            "gross_profit": 37067,
            "gross_margin": 35.45,
            "gross_margin_4q_avg": 31.81,
            "net_income": 9034,
            "net_income_4q": null,
            "revenue": 104555,
            "revenue_4q": null,
            "common_shares": 335925,
            "book_valuer_per_share": 13.4,
            "book_valuer_per_share_4q_avg": 13.35,
            "equity": 450261,
            "current_ratio": 272.52,
            "debt_ratio": 40.64,
            "inventory_turnover_ratio": 0.61,
            "account_receivable_turnover_ratio": 7.09,
            "reinvestment_rate": -1.33,
            "research_to_sale_ratio": null,
            "price_fair": 31.36,
            "eps_avg_yearly": 0.9,
            "eps_latest_yearly": 1.08,
            "eps_growth_yearly": 149.32
        },
        "20193": {
            "year_quarter": 20193,
            "year": 2019,
            "quarter": 3,
            "eps": 0.15,
            "eps_growth_year": -11.76,
            "eps_4q": 0.96,
            "eps_4q_growth_year": 7.6,
            "roe": 1.14,
            "roe_4q": 7.21,
            "gross_profit": 33194,
            "gross_margin": 32.88,
            "gross_margin_4q_avg": 32.55,
            "net_income": 5163,
            "net_income_4q": null,
            "revenue": 100940,
            "revenue_4q": null,
            "common_shares": 335925,
            "book_valuer_per_share": 13.53,
            "book_valuer_per_share_4q_avg": 13.44,
            "equity": 454506,
            "current_ratio": 285.51,
            "debt_ratio": 41.34,
            "inventory_turnover_ratio": 0.62,
            "account_receivable_turnover_ratio": 6.34,
            "reinvestment_rate": 1.89,
            "research_to_sale_ratio": null,
            "price_fair": 30.42,
            "eps_avg_yearly": 0.87,
            "eps_latest_yearly": 0.6,
            "eps_growth_yearly": 119.58
        },
        "20194": {
            "year_quarter": 20194,
            "year": 2019,
            "quarter": 4,
            "eps": 0.18,
            "eps_growth_year": -43.39,
            "eps_4q": 0.82,
            "eps_4q_growth_year": -20.94,
            "roe": 1.34,
            "roe_4q": 6.09,
            "gross_profit": 38242,
            "gross_margin": 35.73,
            "gross_margin_4q_avg": 33.8,
            "net_income": 6158,
            "net_income_4q": null,
            "revenue": 107036,
            "revenue_4q": null,
            "common_shares": 335925,
            "book_valuer_per_share": 13.86,
            "book_valuer_per_share_4q_avg": 13.61,
            "equity": 465434,
            "current_ratio": 288.41,
            "debt_ratio": 41.76,
            "inventory_turnover_ratio": 0.64,
            "account_receivable_turnover_ratio": 6.7,
            "reinvestment_rate": -5.68,
            "research_to_sale_ratio": null,
            "price_fair": 29.98,
            "eps_avg_yearly": 0.86,
            "eps_latest_yearly": 0.72,
            "eps_growth_yearly": 116.28
        },
        "20201": {
            "year_quarter": 20201,
            "year": 2020,
            "quarter": 1,
            "eps": 0.23,
            "eps_growth_year": 4.55,
            "eps_4q": 0.84,
            "eps_4q_growth_year": -26.36,
            "roe": 1.68,
            "roe_4q": 6.15,
            "gross_profit": 33263,
            "gross_margin": 38.12,
            "gross_margin_4q_avg": 35.55,
            "net_income": 7786,
            "net_income_4q": null,
            "revenue": 87253,
            "revenue_4q": null,
            "common_shares": 335925,
            "book_valuer_per_share": 13.67,
            "book_valuer_per_share_4q_avg": 13.62,
            "equity": 459234,
            "current_ratio": 286.12,
            "debt_ratio": 41.7,
            "inventory_turnover_ratio": 0.49,
            "account_receivable_turnover_ratio": 6.61,
            "reinvestment_rate": -5.13,
            "research_to_sale_ratio": null,
            "price_fair": 30.15,
            "eps_avg_yearly": 0.86,
            "eps_latest_yearly": 0.92,
            "eps_growth_yearly": 115.88
        },
        "20202": {
            "year_quarter": 20202,
            "year": 2020,
            "quarter": 2,
            "eps": 0.25,
            "eps_growth_year": -7.41,
            "eps_4q": 0.82,
            "eps_4q_growth_year": -15.75,
            "roe": 1.88,
            "roe_4q": 6.039999999999999,
            "gross_profit": 40954,
            "gross_margin": 32.89,
            "gross_margin_4q_avg": 34.91,
            "net_income": 8555,
            "net_income_4q": null,
            "revenue": 124516,
            "revenue_4q": null,
            "common_shares": 335925,
            "book_valuer_per_share": 13.43,
            "book_valuer_per_share_4q_avg": 13.62,
            "equity": 451011,
            "current_ratio": 274.42,
            "debt_ratio": 42.53,
            "inventory_turnover_ratio": 0.79,
            "account_receivable_turnover_ratio": 9.22,
            "reinvestment_rate": -4.59,
            "research_to_sale_ratio": null,
            "price_fair": 30.5,
            "eps_avg_yearly": 0.87,
            "eps_latest_yearly": 1,
            "eps_growth_yearly": 110.09
        },
        "20203": {
            "year_quarter": 20203,
            "year": 2020,
            "quarter": 3,
            "eps": 0.51,
            "eps_growth_year": 240,
            "eps_4q": 1.18,
            "eps_4q_growth_year": 22.15,
            "roe": 3.73,
            "roe_4q": 8.629999999999999,
            "gross_profit": 47521,
            "gross_margin": 32.69,
            "gross_margin_4q_avg": 34.86,
            "net_income": 17052,
            "net_income_4q": null,
            "revenue": 145355,
            "revenue_4q": null,
            "common_shares": 335925,
            "book_valuer_per_share": 13.79,
            "book_valuer_per_share_4q_avg": 13.69,
            "equity": 463349,
            "current_ratio": 286.14,
            "debt_ratio": 41.12,
            "inventory_turnover_ratio": 1.01,
            "account_receivable_turnover_ratio": 8.65,
            "reinvestment_rate": -3.71,
            "research_to_sale_ratio": null,
            "price_fair": 34.7,
            "eps_avg_yearly": 0.99,
            "eps_latest_yearly": 2.04,
            "eps_growth_yearly": 104.09
        },
        "20204": {
            "year_quarter": 20204,
            "year": 2020,
            "quarter": 4,
            "eps": 0.42,
            "eps_growth_year": 126.6,
            "eps_4q": 1.41,
            "eps_4q_growth_year": 71.18,
            "roe": 2.95,
            "roe_4q": 10.239999999999998,
            "gross_profit": 51397,
            "gross_margin": 34.06,
            "gross_margin_4q_avg": 34.44,
            "net_income": 13954,
            "net_income_4q": null,
            "revenue": 150915,
            "revenue_4q": null,
            "common_shares": 335925,
            "book_valuer_per_share": 14.35,
            "book_valuer_per_share_4q_avg": 13.81,
            "equity": 481994,
            "current_ratio": 308.5,
            "debt_ratio": 40.24,
            "inventory_turnover_ratio": 1.16,
            "account_receivable_turnover_ratio": 8.06,
            "reinvestment_rate": -2.93,
            "research_to_sale_ratio": null,
            "price_fair": 36.31,
            "eps_avg_yearly": 1.04,
            "eps_latest_yearly": 1.68,
            "eps_growth_yearly": 92.45
        },
        "20211": {
            "year_quarter": 20211,
            "year": 2021,
            "quarter": 1,
            "eps": 0.63,
            "eps_growth_year": 173.91,
            "eps_4q": 1.81,
            "eps_4q_growth_year": 116.05,
            "roe": 4.28,
            "roe_4q": 12.84,
            "gross_profit": 73634,
            "gross_margin": 30.48,
            "gross_margin_4q_avg": 32.53,
            "net_income": 21237,
            "net_income_4q": null,
            "revenue": 241550,
            "revenue_4q": null,
            "common_shares": 335925,
            "book_valuer_per_share": 15.21,
            "book_valuer_per_share_4q_avg": 14.2,
            "equity": 510937,
            "current_ratio": 140.59,
            "debt_ratio": 58.08,
            "inventory_turnover_ratio": 1.72,
            "account_receivable_turnover_ratio": 3.5,
            "reinvestment_rate": -2.96,
            "research_to_sale_ratio": null,
            "price_fair": 39.55,
            "eps_avg_yearly": 1.13,
            "eps_latest_yearly": 2.52,
            "eps_growth_yearly": 99.17
        },
        "20212": {
            "year_quarter": 20212,
            "year": 2021,
            "quarter": 2,
            "eps": 0.28,
            "eps_growth_year": 12,
            "eps_4q": 1.83,
            "eps_4q_growth_year": 122.74,
            "roe": 1.83,
            "roe_4q": 12.790000000000001,
            "gross_profit": 56084,
            "gross_margin": 28.88,
            "gross_margin_4q_avg": 31.53,
            "net_income": 9370,
            "net_income_4q": null,
            "revenue": 194170,
            "revenue_4q": null,
            "common_shares": 335925,
            "book_valuer_per_share": 15.33,
            "book_valuer_per_share_4q_avg": 14.67,
            "equity": 514972,
            "current_ratio": 143.97,
            "debt_ratio": 55.37,
            "inventory_turnover_ratio": 1.13,
            "account_receivable_turnover_ratio": 2.05,
            "reinvestment_rate": -2.72,
            "research_to_sale_ratio": null,
            "price_fair": 40.08,
            "eps_avg_yearly": 1.15,
            "eps_latest_yearly": 1.12,
            "eps_growth_yearly": 79.72
        },
        "20213": {
            "year_quarter": 20213,
            "year": 2021,
            "quarter": 3,
            "eps": 0.9,
            "eps_growth_year": 76.47,
            "eps_4q": 2.23,
            "eps_4q_growth_year": 89.26,
            "roe": 5.94,
            "roe_4q": 15,
            "gross_profit": 78764,
            "gross_margin": 26.05,
            "gross_margin_4q_avg": 29.87,
            "net_income": 30293,
            "net_income_4q": null,
            "revenue": 302364,
            "revenue_4q": null,
            "common_shares": 335925,
            "book_valuer_per_share": 15.01,
            "book_valuer_per_share_4q_avg": 14.98,
            "equity": 504251,
            "current_ratio": 138.44,
            "debt_ratio": 58.39,
            "inventory_turnover_ratio": 1.78,
            "account_receivable_turnover_ratio": 2.9,
            "reinvestment_rate": -2.6,
            "research_to_sale_ratio": null,
            "price_fair": 46.03,
            "eps_avg_yearly": 1.32,
            "eps_latest_yearly": 3.6,
            "eps_growth_yearly": 135.08
        },
        "20214": {
            "year_quarter": 20214,
            "year": 2021,
            "quarter": 4,
            "eps": 0.73,
            "eps_growth_year": 75.44,
            "eps_4q": 2.54,
            "eps_4q_growth_year": 80.33,
            "roe": 4.73,
            "roe_4q": 16.78,
            "gross_profit": 73286,
            "gross_margin": 28.86,
            "gross_margin_4q_avg": 28.57,
            "net_income": 24481,
            "net_income_4q": null,
            "revenue": 253942,
            "revenue_4q": null,
            "common_shares": 335925,
            "book_valuer_per_share": 15.8,
            "book_valuer_per_share_4q_avg": 15.34,
            "equity": 530783,
            "current_ratio": 147.37,
            "debt_ratio": 56.9,
            "inventory_turnover_ratio": 1.56,
            "account_receivable_turnover_ratio": 2.27,
            "reinvestment_rate": -0.62,
            "research_to_sale_ratio": null,
            "price_fair": 50.84,
            "eps_avg_yearly": 1.45,
            "eps_latest_yearly": 2.92,
            "eps_growth_yearly": 134.9
        },
        "20221": {
            "year_quarter": 20221,
            "year": 2022,
            "quarter": 1,
            "eps": 0.57,
            "eps_growth_year": -9.52,
            "eps_4q": 2.48,
            "eps_4q_growth_year": 37.24,
            "roe": 3.55,
            "roe_4q": 16.050000000000004,
            "gross_profit": 58466,
            "gross_margin": 34.37,
            "gross_margin_4q_avg": 29.54,
            "net_income": 19297,
            "net_income_4q": null,
            "revenue": 170114,
            "revenue_4q": null,
            "common_shares": 335925,
            "book_valuer_per_share": 16.52,
            "book_valuer_per_share_4q_avg": 15.67,
            "equity": 554867,
            "current_ratio": 151.13,
            "debt_ratio": 53.28,
            "inventory_turnover_ratio": 0.91,
            "account_receivable_turnover_ratio": 2.33,
            "reinvestment_rate": 0.48,
            "research_to_sale_ratio": null,
            "price_fair": 54.78,
            "eps_avg_yearly": 1.57,
            "eps_latest_yearly": 2.28,
            "eps_growth_yearly": 137.76
        },
        "20222": {
            "year_quarter": 20222,
            "year": 2022,
            "quarter": 2,
            "eps": 0.81,
            "eps_growth_year": 189.29,
            "eps_4q": 3.01,
            "eps_4q_growth_year": 64.29,
            "roe": 5.05,
            "roe_4q": 19.27,
            "gross_profit": 85970,
            "gross_margin": 33.09,
            "gross_margin_4q_avg": 30.59,
            "net_income": 27150,
            "net_income_4q": null,
            "revenue": 259792,
            "revenue_4q": null,
            "common_shares": 335925,
            "book_valuer_per_share": 15.5,
            "book_valuer_per_share_4q_avg": 15.71,
            "equity": 520647,
            "current_ratio": 138.65,
            "debt_ratio": 58.41,
            "inventory_turnover_ratio": 1.27,
            "account_receivable_turnover_ratio": 3.03,
            "reinvestment_rate": 0.43,
            "research_to_sale_ratio": null,
            "price_fair": 58.1,
            "eps_avg_yearly": 1.66,
            "eps_latest_yearly": 3.24,
            "eps_growth_yearly": 83.7
        },
        "20223": {
            "year_quarter": 20223,
            "year": 2022,
            "quarter": 3,
            "eps": 1.38,
            "eps_growth_year": 53.33,
            "eps_4q": 3.49,
            "eps_4q_growth_year": 56.83,
            "roe": 8.48,
            "roe_4q": 21.810000000000002,
            "gross_profit": 100600,
            "gross_margin": 35.33,
            "gross_margin_4q_avg": 32.91,
            "net_income": 46463,
            "net_income_4q": null,
            "revenue": 284706,
            "revenue_4q": null,
            "common_shares": 335925,
            "book_valuer_per_share": 17.14,
            "book_valuer_per_share_4q_avg": 16.24,
            "equity": 575789,
            "current_ratio": 150.45,
            "debt_ratio": 55.88,
            "inventory_turnover_ratio": 1.27,
            "account_receivable_turnover_ratio": 2.2,
            "reinvestment_rate": 0.37,
            "research_to_sale_ratio": null,
            "price_fair": 68.69,
            "eps_avg_yearly": 1.96,
            "eps_latest_yearly": 5.52,
            "eps_growth_yearly": 116.41
        },
        "20224": {
            "year_quarter": 20224,
            "year": 2022,
            "quarter": 4,
            "eps": 0.86,
            "eps_growth_year": 17.57,
            "eps_4q": 3.62,
            "eps_4q_growth_year": 42.53,
            "roe": 4.88,
            "roe_4q": 21.96,
            "gross_profit": 84268,
            "gross_margin": 35.96,
            "gross_margin_4q_avg": 34.69,
            "net_income": 28782,
            "net_income_4q": null,
            "revenue": 234339,
            "revenue_4q": null,
            "common_shares": 335925,
            "book_valuer_per_share": 17.95,
            "book_valuer_per_share_4q_avg": 16.78,
            "equity": 602947,
            "current_ratio": 160.28,
            "debt_ratio": 53.22,
            "inventory_turnover_ratio": 1.01,
            "account_receivable_turnover_ratio": 2.03,
            "reinvestment_rate": 1.49,
            "research_to_sale_ratio": null,
            "price_fair": 73.41,
            "eps_avg_yearly": 2.1,
            "eps_latest_yearly": 3.44,
            "eps_growth_yearly": 84.93
        },
        "20231": {
            "year_quarter": 20231,
            "year": 2023,
            "quarter": 1,
            "eps": 0.59,
            "eps_growth_year": 3.51,
            "eps_4q": 3.64,
            "eps_4q_growth_year": 46.61,
            "roe": 3.24,
            "roe_4q": 21.650000000000002,
            "gross_profit": 66043,
            "gross_margin": 36.51,
            "gross_margin_4q_avg": 35.22,
            "net_income": 19940,
            "net_income_4q": null,
            "revenue": 180868,
            "revenue_4q": null,
            "common_shares": 335925,
            "book_valuer_per_share": 18.64,
            "book_valuer_per_share_4q_avg": 17.31,
            "equity": 626037,
            "current_ratio": 162.83,
            "debt_ratio": 52.97,
            "inventory_turnover_ratio": 0.73,
            "account_receivable_turnover_ratio": 2.46,
            "reinvestment_rate": 0.87,
            "research_to_sale_ratio": null,
            "price_fair": 76.65,
            "eps_avg_yearly": 2.19,
            "eps_latest_yearly": 2.36,
            "eps_growth_yearly": 84.89
        },
        "20232": {
            "year_quarter": 20232,
            "year": 2023,
            "quarter": 2,
            "eps": 0.37,
            "eps_growth_year": -54.32,
            "eps_4q": 3.21,
            "eps_4q_growth_year": 6.46,
            "roe": 2.11,
            "roe_4q": 18.71,
            "gross_profit": 60727,
            "gross_margin": 35.52,
            "gross_margin_4q_avg": 35.83,
            "net_income": 12577,
            "net_income_4q": null,
            "revenue": 170957,
            "revenue_4q": null,
            "common_shares": 335925,
            "book_valuer_per_share": 16.93,
            "book_valuer_per_share_4q_avg": 17.67,
            "equity": 568679,
            "current_ratio": 159.21,
            "debt_ratio": 53.39,
            "inventory_turnover_ratio": 0.65,
            "account_receivable_turnover_ratio": 3.44,
            "reinvestment_rate": 0.97,
            "research_to_sale_ratio": null,
            "price_fair": 77.53,
            "eps_avg_yearly": 2.22,
            "eps_latest_yearly": 1.48,
            "eps_growth_yearly": 69.89
        },
        "20233": {
            "year_quarter": 20233,
            "year": 2023,
            "quarter": 3,
            "eps": 0.97,
            "eps_growth_year": -29.71,
            "eps_4q": 2.8,
            "eps_4q_growth_year": -20.01,
            "roe": 5.53,
            "roe_4q": 15.760000000000002,
            "gross_profit": 82658,
            "gross_margin": 36.72,
            "gross_margin_4q_avg": 36.18,
            "net_income": 32597,
            "net_income_4q": null,
            "revenue": 225078,
            "revenue_4q": null,
            "common_shares": 335925,
            "book_valuer_per_share": 18.17,
            "book_valuer_per_share_4q_avg": 17.92,
            "equity": 610298,
            "current_ratio": 167.21,
            "debt_ratio": 51.69,
            "inventory_turnover_ratio": 0.84,
            "account_receivable_turnover_ratio": 3.55,
            "reinvestment_rate": 1.2,
            "research_to_sale_ratio": null,
            "price_fair": 84.7,
            "eps_avg_yearly": 2.42,
            "eps_latest_yearly": 3.88,
            "eps_growth_yearly": 121.54
        }
    },
    "months": {
        "2003-10": {
            "month": "2003-10",
            "price": "31.00",
            "revenue": 32294
        },
        "2003-11": {
            "month": "2003-11",
            "price": "31.00",
            "revenue": 31970
        },
        "2003-12": {
            "month": "2003-12",
            "price": "31.02",
            "revenue": 37378
        },
        "2004-01": {
            "month": "2004-01",
            "price": "35.23",
            "revenue": 33114
        },
        "2004-02": {
            "month": "2004-02",
            "price": "38.07",
            "revenue": 35634
        },
        "2004-03": {
            "month": "2004-03",
            "price": "36.32",
            "revenue": 40328
        },
        "2004-04": {
            "month": "2004-04",
            "price": "35.64",
            "revenue": 43326
        },
        "2004-05": {
            "month": "2004-05",
            "price": "35.05",
            "revenue": 44898
        },
        "2004-06": {
            "month": "2004-06",
            "price": "33.00",
            "revenue": 45444
        },
        "2004-07": {
            "month": "2004-07",
            "price": "32.08",
            "revenue": 47533
        },
        "2004-08": {
            "month": "2004-08",
            "price": "31.73",
            "revenue": 47664
        },
        "2004-09": {
            "month": "2004-09",
            "price": "33.08",
            "revenue": 48367
        },
        "2004-10": {
            "month": "2004-10",
            "price": "31.63",
            "revenue": 48526
        },
        "2004-11": {
            "month": "2004-11",
            "price": "32.89",
            "revenue": 49693
        },
        "2004-12": {
            "month": "2004-12",
            "price": "33.42",
            "revenue": 45801
        },
        "2005-01": {
            "month": "2005-01",
            "price": "29.39",
            "revenue": 37254
        },
        "2005-02": {
            "month": "2005-02",
            "price": "27.18",
            "revenue": 35983
        },
        "2005-03": {
            "month": "2005-03",
            "price": "27.53",
            "revenue": 39668
        },
        "2005-04": {
            "month": "2005-04",
            "price": "26.38",
            "revenue": 42114
        },
        "2005-05": {
            "month": "2005-05",
            "price": "23.08",
            "revenue": 40487
        },
        "2005-06": {
            "month": "2005-06",
            "price": "23.37",
            "revenue": 37708
        },
        "2005-07": {
            "month": "2005-07",
            "price": "22.39",
            "revenue": 40012
        },
        "2005-08": {
            "month": "2005-08",
            "price": "22.84",
            "revenue": 45444
        },
        "2005-09": {
            "month": "2005-09",
            "price": "16.65",
            "revenue": 40680
        },
        "2005-10": {
            "month": "2005-10",
            "price": "15.45",
            "revenue": 45018
        },
        "2005-11": {
            "month": "2005-11",
            "price": "13.88",
            "revenue": 45127
        },
        "2005-12": {
            "month": "2005-12",
            "price": "16.29",
            "revenue": 44648
        },
        "2006-01": {
            "month": "2006-01",
            "price": "15.07",
            "revenue": 36589
        },
        "2006-02": {
            "month": "2006-02",
            "price": "14.48",
            "revenue": 41507
        },
        "2006-03": {
            "month": "2006-03",
            "price": "14.40",
            "revenue": 43545
        },
        "2006-04": {
            "month": "2006-04",
            "price": "15.96",
            "revenue": 49064
        },
        "2006-05": {
            "month": "2006-05",
            "price": "19.12",
            "revenue": 48555
        },
        "2006-06": {
            "month": "2006-06",
            "price": "22.38",
            "revenue": 45461
        },
        "2006-07": {
            "month": "2006-07",
            "price": "23.24",
            "revenue": 42276
        },
        "2006-08": {
            "month": "2006-08",
            "price": "20.74",
            "revenue": 51135
        },
        "2006-09": {
            "month": "2006-09",
            "price": "18.33",
            "revenue": 54891
        },
        "2006-10": {
            "month": "2006-10",
            "price": "21.57",
            "revenue": 52875
        },
        "2006-11": {
            "month": "2006-11",
            "price": "27.00",
            "revenue": 48758
        },
        "2006-12": {
            "month": "2006-12",
            "price": "33.42",
            "revenue": 50432
        },
        "2007-01": {
            "month": "2007-01",
            "price": "35.13",
            "revenue": 40181
        },
        "2007-02": {
            "month": "2007-02",
            "price": "33.99",
            "revenue": 43859
        },
        "2007-03": {
            "month": "2007-03",
            "price": "33.63",
            "revenue": 45091
        },
        "2007-04": {
            "month": "2007-04",
            "price": "42.72",
            "revenue": 49528
        },
        "2007-05": {
            "month": "2007-05",
            "price": "52.57",
            "revenue": 49535
        },
        "2007-06": {
            "month": "2007-06",
            "price": "58.84",
            "revenue": 47979
        },
        "2007-07": {
            "month": "2007-07",
            "price": "55.40",
            "revenue": 45998
        },
        "2007-08": {
            "month": "2007-08",
            "price": "49.16",
            "revenue": 44376
        },
        "2007-09": {
            "month": "2007-09",
            "price": "40.74",
            "revenue": 46268
        },
        "2007-10": {
            "month": "2007-10",
            "price": "40.21",
            "revenue": 46025
        },
        "2007-11": {
            "month": "2007-11",
            "price": "36.18",
            "revenue": 50353
        },
        "2007-12": {
            "month": "2007-12",
            "price": "23.75",
            "revenue": 51497
        },
        "2008-01": {
            "month": "2008-01",
            "price": "21.09",
            "revenue": 44481
        },
        "2008-02": {
            "month": "2008-02",
            "price": "21.59",
            "revenue": 45790
        },
        "2008-03": {
            "month": "2008-03",
            "price": "25.01",
            "revenue": 49841
        },
        "2008-04": {
            "month": "2008-04",
            "price": "25.79",
            "revenue": 52513
        },
        "2008-05": {
            "month": "2008-05",
            "price": "25.71",
            "revenue": 46167
        },
        "2008-06": {
            "month": "2008-06",
            "price": "23.48",
            "revenue": 47671
        },
        "2008-07": {
            "month": "2008-07",
            "price": "20.30",
            "revenue": 41975
        },
        "2008-08": {
            "month": "2008-08",
            "price": "21.29",
            "revenue": 44821
        },
        "2008-09": {
            "month": "2008-09",
            "price": "15.83",
            "revenue": 33970
        },
        "2008-10": {
            "month": "2008-10",
            "price": "14.06",
            "revenue": 39597
        },
        "2008-11": {
            "month": "2008-11",
            "price": "10.59",
            "revenue": 41451
        },
        "2008-12": {
            "month": "2008-12",
            "price": "9.89",
            "revenue": 43514
        },
        "2009-01": {
            "month": "2009-01",
            "price": "9.65",
            "revenue": 30862
        },
        "2009-02": {
            "month": "2009-02",
            "price": "9.50",
            "revenue": 36649
        },
        "2009-03": {
            "month": "2009-03",
            "price": "11.33",
            "revenue": 40349
        },
        "2009-04": {
            "month": "2009-04",
            "price": "13.60",
            "revenue": 39779
        },
        "2009-05": {
            "month": "2009-05",
            "price": "14.95",
            "revenue": 42406
        },
        "2009-06": {
            "month": "2009-06",
            "price": "14.68",
            "revenue": 51059
        },
        "2009-07": {
            "month": "2009-07",
            "price": "16.22",
            "revenue": 40798
        },
        "2009-08": {
            "month": "2009-08",
            "price": "17.33",
            "revenue": 39587
        },
        "2009-09": {
            "month": "2009-09",
            "price": "20.13",
            "revenue": 41691
        },
        "2009-10": {
            "month": "2009-10",
            "price": "23.76",
            "revenue": 44127
        },
        "2009-11": {
            "month": "2009-11",
            "price": "24.42",
            "revenue": 33505
        },
        "2009-12": {
            "month": "2009-12",
            "price": "26.30",
            "revenue": 38468
        },
        "2010-01": {
            "month": "2010-01",
            "price": "30.60",
            "revenue": 30515
        },
        "2010-02": {
            "month": "2010-02",
            "price": "25.69",
            "revenue": 28619
        },
        "2010-03": {
            "month": "2010-03",
            "price": "31.12",
            "revenue": 29202
        },
        "2010-04": {
            "month": "2010-04",
            "price": "31.70",
            "revenue": 32039
        },
        "2010-05": {
            "month": "2010-05",
            "price": "30.08",
            "revenue": 34261
        },
        "2010-06": {
            "month": "2010-06",
            "price": "29.16",
            "revenue": 37004
        },
        "2010-07": {
            "month": "2010-07",
            "price": "28.88",
            "revenue": 31251
        },
        "2010-08": {
            "month": "2010-08",
            "price": "24.60",
            "revenue": 36581
        },
        "2010-09": {
            "month": "2010-09",
            "price": "22.12",
            "revenue": 31989
        },
        "2010-10": {
            "month": "2010-10",
            "price": "20.84",
            "revenue": 38321
        },
        "2010-11": {
            "month": "2010-11",
            "price": "20.64",
            "revenue": 39311
        },
        "2010-12": {
            "month": "2010-12",
            "price": "21.66",
            "revenue": 44659
        },
        "2011-01": {
            "month": "2011-01",
            "price": "21.64",
            "revenue": 32035
        },
        "2011-02": {
            "month": "2011-02",
            "price": "21.54",
            "revenue": 30856
        },
        "2011-03": {
            "month": "2011-03",
            "price": "19.77",
            "revenue": 34965
        },
        "2011-04": {
            "month": "2011-04",
            "price": "19.02",
            "revenue": 40444
        },
        "2011-05": {
            "month": "2011-05",
            "price": "19.98",
            "revenue": 47840
        },
        "2011-06": {
            "month": "2011-06",
            "price": "22.28",
            "revenue": 37672
        },
        "2011-07": {
            "month": "2011-07",
            "price": "21.25",
            "revenue": 41389
        },
        "2011-08": {
            "month": "2011-08",
            "price": "22.37",
            "revenue": 41163
        },
        "2011-09": {
            "month": "2011-09",
            "price": "21.08",
            "revenue": 32024
        },
        "2011-10": {
            "month": "2011-10",
            "price": "19.59",
            "revenue": 47501
        },
        "2011-11": {
            "month": "2011-11",
            "price": "19.05",
            "revenue": 38350
        },
        "2011-12": {
            "month": "2011-12",
            "price": "17.63",
            "revenue": 49748
        },
        "2012-01": {
            "month": "2012-01",
            "price": "18.08",
            "revenue": 29725
        },
        "2012-02": {
            "month": "2012-02",
            "price": "20.16",
            "revenue": 30898
        },
        "2012-03": {
            "month": "2012-03",
            "price": "21.29",
            "revenue": 35320
        },
        "2012-04": {
            "month": "2012-04",
            "price": "20.26",
            "revenue": 39087
        },
        "2012-05": {
            "month": "2012-05",
            "price": "19.37",
            "revenue": 42326
        },
        "2012-06": {
            "month": "2012-06",
            "price": "19.24",
            "revenue": 32057
        },
        "2012-07": {
            "month": "2012-07",
            "price": "19.27",
            "revenue": 37543
        },
        "2012-08": {
            "month": "2012-08",
            "price": "19.07",
            "revenue": 34601
        },
        "2012-09": {
            "month": "2012-09",
            "price": "18.14",
            "revenue": 33559
        },
        "2012-10": {
            "month": "2012-10",
            "price": "17.22",
            "revenue": 44784
        },
        "2012-11": {
            "month": "2012-11",
            "price": "16.33",
            "revenue": 41020
        },
        "2012-12": {
            "month": "2012-12",
            "price": "17.24",
            "revenue": 41808
        },
        "2013-01": {
            "month": "2013-01",
            "price": "16.93",
            "revenue": 52534
        },
        "2013-02": {
            "month": "2013-02",
            "price": "16.48",
            "revenue": 41935
        },
        "2013-03": {
            "month": "2013-03",
            "price": "16.45",
            "revenue": 61642
        },
        "2013-04": {
            "month": "2013-04",
            "price": "16.29",
            "revenue": 70998
        },
        "2013-05": {
            "month": "2013-05",
            "price": "16.15",
            "revenue": 81508
        },
        "2013-06": {
            "month": "2013-06",
            "price": "15.18",
            "revenue": 64525
        },
        "2013-07": {
            "month": "2013-07",
            "price": "15.03",
            "revenue": 62085
        },
        "2013-08": {
            "month": "2013-08",
            "price": "15.02",
            "revenue": 60960
        },
        "2013-09": {
            "month": "2013-09",
            "price": "15.04",
            "revenue": 60309
        },
        "2013-10": {
            "month": "2013-10",
            "price": "15.17",
            "revenue": 61582
        },
        "2013-11": {
            "month": "2013-11",
            "price": "14.92",
            "revenue": 58313
        },
        "2013-12": {
            "month": "2013-12",
            "price": "18.54",
            "revenue": 55616
        },
        "2014-01": {
            "month": "2014-01",
            "price": "17.59",
            "revenue": 40678
        },
        "2014-02": {
            "month": "2014-02",
            "price": "17.21",
            "revenue": 37231
        },
        "2014-03": {
            "month": "2014-03",
            "price": "17.56",
            "revenue": 58868
        },
        "2014-04": {
            "month": "2014-04",
            "price": "16.98",
            "revenue": 65075
        },
        "2014-05": {
            "month": "2014-05",
            "price": "16.79",
            "revenue": 57373
        },
        "2014-06": {
            "month": "2014-06",
            "price": "15.94",
            "revenue": 51123
        },
        "2014-07": {
            "month": "2014-07",
            "price": "15.77",
            "revenue": 53270
        },
        "2014-08": {
            "month": "2014-08",
            "price": "14.67",
            "revenue": 52013
        },
        "2014-09": {
            "month": "2014-09",
            "price": "14.26",
            "revenue": 42657
        },
        "2014-10": {
            "month": "2014-10",
            "price": "13.28",
            "revenue": 58777
        },
        "2014-11": {
            "month": "2014-11",
            "price": "13.07",
            "revenue": 48567
        },
        "2014-12": {
            "month": "2014-12",
            "price": "17.64",
            "revenue": 45257
        },
        "2015-01": {
            "month": "2015-01",
            "price": "22.69",
            "revenue": 39703
        },
        "2015-02": {
            "month": "2015-02",
            "price": "23.15",
            "revenue": 35428
        },
        "2015-03": {
            "month": "2015-03",
            "price": "23.92",
            "revenue": 56154
        },
        "2015-04": {
            "month": "2015-04",
            "price": "22.86",
            "revenue": 55879
        },
        "2015-05": {
            "month": "2015-05",
            "price": "20.67",
            "revenue": 48415
        },
        "2015-06": {
            "month": "2015-06",
            "price": "21.18",
            "revenue": 46872
        },
        "2015-07": {
            "month": "2015-07",
            "price": "20.57",
            "revenue": 42649
        },
        "2015-08": {
            "month": "2015-08",
            "price": "20.02",
            "revenue": 37345
        },
        "2015-09": {
            "month": "2015-09",
            "price": "19.66",
            "revenue": 36845
        },
        "2015-10": {
            "month": "2015-10",
            "price": "19.43",
            "revenue": 39898
        },
        "2015-11": {
            "month": "2015-11",
            "price": "19.07",
            "revenue": 41000
        },
        "2015-12": {
            "month": "2015-12",
            "price": "19.08",
            "revenue": 42599
        },
        "2016-01": {
            "month": "2016-01",
            "price": "18.80",
            "revenue": 33867
        },
        "2016-02": {
            "month": "2016-02",
            "price": "19.15",
            "revenue": 24259
        },
        "2016-03": {
            "month": "2016-03",
            "price": "20.65",
            "revenue": 36862
        },
        "2016-04": {
            "month": "2016-04",
            "price": "22.39",
            "revenue": 38960
        },
        "2016-05": {
            "month": "2016-05",
            "price": "21.90",
            "revenue": 43673
        },
        "2016-06": {
            "month": "2016-06",
            "price": "21.71",
            "revenue": 38280
        },
        "2016-07": {
            "month": "2016-07",
            "price": "21.80",
            "revenue": 34830
        },
        "2016-08": {
            "month": "2016-08",
            "price": "23.41",
            "revenue": 41135
        },
        "2016-09": {
            "month": "2016-09",
            "price": "28.95",
            "revenue": 33930
        },
        "2016-10": {
            "month": "2016-10",
            "price": "32.55",
            "revenue": 41216
        },
        "2016-11": {
            "month": "2016-11",
            "price": "40.20",
            "revenue": 38040
        },
        "2016-12": {
            "month": "2016-12",
            "price": "46.66",
            "revenue": 41800
        },
        "2017-01": {
            "month": "2017-01",
            "price": "38.57",
            "revenue": 29085
        },
        "2017-02": {
            "month": "2017-02",
            "price": "34.83",
            "revenue": 33559
        },
        "2017-03": {
            "month": "2017-03",
            "price": "30.62",
            "revenue": 39776
        },
        "2017-04": {
            "month": "2017-04",
            "price": "26.71",
            "revenue": 44054
        },
        "2017-05": {
            "month": "2017-05",
            "price": "32.00",
            "revenue": 39560
        },
        "2017-06": {
            "month": "2017-06",
            "price": "34.89",
            "revenue": 36138
        },
        "2017-07": {
            "month": "2017-07",
            "price": "33.16",
            "revenue": 34396
        },
        "2017-08": {
            "month": "2017-08",
            "price": "30.69",
            "revenue": 35048
        },
        "2017-09": {
            "month": "2017-09",
            "price": "30.88",
            "revenue": 29108
        },
        "2017-10": {
            "month": "2017-10",
            "price": "32.93",
            "revenue": 37777
        },
        "2017-11": {
            "month": "2017-11",
            "price": "32.20",
            "revenue": 40403
        },
        "2017-12": {
            "month": "2017-12",
            "price": "33.18",
            "revenue": 44512
        },
        "2018-01": {
            "month": "2018-01",
            "price": "35.47",
            "revenue": 35322
        },
        "2018-02": {
            "month": "2018-02",
            "price": "34.90",
            "revenue": 35814
        },
        "2018-03": {
            "month": "2018-03",
            "price": "32.21",
            "revenue": 39780
        },
        "2018-04": {
            "month": "2018-04",
            "price": "32.98",
            "revenue": 55287
        },
        "2018-05": {
            "month": "2018-05",
            "price": "30.92",
            "revenue": 48097
        },
        "2018-06": {
            "month": "2018-06",
            "price": "30.71",
            "revenue": 42573
        },
        "2018-07": {
            "month": "2018-07",
            "price": "31.47",
            "revenue": 43459
        },
        "2018-08": {
            "month": "2018-08",
            "price": "30.45",
            "revenue": 32069
        },
        "2018-09": {
            "month": "2018-09",
            "price": "30.11",
            "revenue": 31396
        },
        "2018-10": {
            "month": "2018-10",
            "price": "29.98",
            "revenue": 39847
        },
        "2018-11": {
            "month": "2018-11",
            "price": "29.32",
            "revenue": 44574
        },
        "2018-12": {
            "month": "2018-12",
            "price": "29.59",
            "revenue": 40495
        },
        "2019-01": {
            "month": "2019-01",
            "price": "29.13",
            "revenue": 30956
        },
        "2019-02": {
            "month": "2019-02",
            "price": "29.21",
            "revenue": 29931
        },
        "2019-03": {
            "month": "2019-03",
            "price": "28.51",
            "revenue": 34469
        },
        "2019-04": {
            "month": "2019-04",
            "price": "30.09",
            "revenue": 38386
        },
        "2019-05": {
            "month": "2019-05",
            "price": "31.27",
            "revenue": 41253
        },
        "2019-06": {
            "month": "2019-06",
            "price": "32.62",
            "revenue": 27024
        },
        "2019-07": {
            "month": "2019-07",
            "price": "31.68",
            "revenue": 38521
        },
        "2019-08": {
            "month": "2019-08",
            "price": "31.53",
            "revenue": 34781
        },
        "2019-09": {
            "month": "2019-09",
            "price": "31.24",
            "revenue": 27638
        },
        "2019-10": {
            "month": "2019-10",
            "price": "31.45",
            "revenue": 34578
        },
        "2019-11": {
            "month": "2019-11",
            "price": "31.16",
            "revenue": 36956
        },
        "2019-12": {
            "month": "2019-12",
            "price": "31.62",
            "revenue": 35501
        },
        "2020-01": {
            "month": "2020-01",
            "price": "31.27",
            "revenue": 28232
        },
        "2020-02": {
            "month": "2020-02",
            "price": "29.78",
            "revenue": 26521
        },
        "2020-03": {
            "month": "2020-03",
            "price": "28.23",
            "revenue": 32500
        },
        "2020-04": {
            "month": "2020-04",
            "price": "26.95",
            "revenue": 40452
        },
        "2020-05": {
            "month": "2020-05",
            "price": "27.27",
            "revenue": 38995
        },
        "2020-06": {
            "month": "2020-06",
            "price": "27.61",
            "revenue": 45069
        },
        "2020-07": {
            "month": "2020-07",
            "price": "28.73",
            "revenue": 49371
        },
        "2020-08": {
            "month": "2020-08",
            "price": "28.09",
            "revenue": 46694
        },
        "2020-09": {
            "month": "2020-09",
            "price": "28.24",
            "revenue": 52363
        },
        "2020-10": {
            "month": "2020-10",
            "price": "28.55",
            "revenue": 44976
        },
        "2020-11": {
            "month": "2020-11",
            "price": "28.20",
            "revenue": 52566
        },
        "2020-12": {
            "month": "2020-12",
            "price": "28.92",
            "revenue": 50301
        },
        "2021-01": {
            "month": "2021-01",
            "price": "31.56",
            "revenue": 55062
        },
        "2021-02": {
            "month": "2021-02",
            "price": "31.49",
            "revenue": 94133
        },
        "2021-03": {
            "month": "2021-03",
            "price": "28.62",
            "revenue": 92355
        },
        "2021-04": {
            "month": "2021-04",
            "price": "30.87",
            "revenue": 73996
        },
        "2021-05": {
            "month": "2021-05",
            "price": "28.63",
            "revenue": 61201
        },
        "2021-06": {
            "month": "2021-06",
            "price": "27.33",
            "revenue": 58974
        },
        "2021-07": {
            "month": "2021-07",
            "price": "27.54",
            "revenue": 93182
        },
        "2021-08": {
            "month": "2021-08",
            "price": "26.89",
            "revenue": 107325
        },
        "2021-09": {
            "month": "2021-09",
            "price": "26.63",
            "revenue": 101856
        },
        "2021-10": {
            "month": "2021-10",
            "price": "27.22",
            "revenue": 78197
        },
        "2021-11": {
            "month": "2021-11",
            "price": "27.91",
            "revenue": 90764
        },
        "2021-12": {
            "month": "2021-12",
            "price": "27.11",
            "revenue": 85073
        },
        "2022-01": {
            "month": "2022-01",
            "price": "26.80",
            "revenue": 62956
        },
        "2022-02": {
            "month": "2022-02",
            "price": "26.72",
            "revenue": 46886
        },
        "2022-03": {
            "month": "2022-03",
            "price": "25.93",
            "revenue": 60275
        },
        "2022-04": {
            "month": "2022-04",
            "price": "25.53",
            "revenue": 86754
        },
        "2022-05": {
            "month": "2022-05",
            "price": "25.86",
            "revenue": 69752
        },
        "2022-06": {
            "month": "2022-06",
            "price": "26.21",
            "revenue": 103280
        },
        "2022-07": {
            "month": "2022-07",
            "price": "26.43",
            "revenue": 64983
        },
        "2022-08": {
            "month": "2022-08",
            "price": "25.80",
            "revenue": 105969
        },
        "2022-09": {
            "month": "2022-09",
            "price": "24.89",
            "revenue": 113755
        },
        "2022-10": {
            "month": "2022-10",
            "price": "25.32",
            "revenue": 78996
        },
        "2022-11": {
            "month": "2022-11",
            "price": "25.48",
            "revenue": 96570
        },
        "2022-12": {
            "month": "2022-12",
            "price": "26.10",
            "revenue": 58764
        },
        "2023-01": {
            "month": "2023-01",
            "price": "25.80",
            "revenue": 59256
        },
        "2023-02": {
            "month": "2023-02",
            "price": "26.14",
            "revenue": 61630
        },
        "2023-03": {
            "month": "2023-03",
            "price": "28.89",
            "revenue": 59982
        },
        "2023-04": {
            "month": "2023-04",
            "price": "29.93",
            "revenue": 69681
        },
        "2023-05": {
            "month": "2023-05",
            "price": "30.66",
            "revenue": 59334
        },
        "2023-06": {
            "month": "2023-06",
            "price": "30.04",
            "revenue": 41942
        },
        "2023-07": {
            "month": "2023-07",
            "price": "29.07",
            "revenue": 59119
        },
        "2023-08": {
            "month": "2023-08",
            "price": "27.44",
            "revenue": 97883
        },
        "2023-09": {
            "month": "2023-09",
            "price": "26.93",
            "revenue": 69073
        },
        "2023-10": {
            "month": "2023-10",
            "price": "25.98",
            "revenue": 80564
        },
        "2023-11": {
            "month": "2023-11",
            "price": "26.63",
            "revenue": 92299
        },
        "2023-12": {
            "month": "2023-12",
            "price": "27.47",
            "revenue": 56963
        }
    }
}
