{
    "summary": {
        "stock_name": "有益",
        "stock_id": "9962",
        "category": "鋼鐵",
        "main_business": "不銹鋼製品熱處理,整平,裁剪,酸洗加工<br>各類鋼品之加工買賣業務<br>機械,五金買賣業務",
        "website_url": "http://www.yeouyih.com.tw",
        "ceo": "張睿芯",
        "pe_ratio": 11,
        "report_year_from": 2001,
        "report_year_to": 2023,
        "age": 23,
        "eps_negative_percentage": 16,
        "eps_growth_avg": {
            "last_all": -23.48,
            "last_2y": 33.39,
            "last_4y": -15.93,
            "last_8y": -16.76,
            "last_12y": -23.35,
            "last_16y": -23.48,
            "last_20y": null,
            "at_2006_last_3y": null,
            "at_2007_last_3y": null,
            "at_2008_last_3y": null,
            "at_2009_last_3y": -86,
            "at_2010_last_3y": -24,
            "at_2011_last_3y": -16.82,
            "at_2012_last_3y": 23.18,
            "at_2013_last_3y": 6.97,
            "at_2014_last_3y": -36.54,
            "at_2015_last_3y": -48.92,
            "at_2016_last_3y": -71.9,
            "at_2017_last_3y": -62.01,
            "at_2018_last_3y": -18.14,
            "at_2019_last_3y": -13.97,
            "at_2020_last_3y": -33.56,
            "at_2021_last_3y": -5.56,
            "at_2022_last_3y": -6.73,
            "at_2023_last_3y": 1.96,
            "at_2024_last_3y": 1.96,
            "at_2006_last_all": null,
            "at_2007_last_all": -71.99,
            "at_2008_last_all": -86,
            "at_2009_last_all": -86,
            "at_2010_last_all": -24,
            "at_2011_last_all": -30.61,
            "at_2012_last_all": -20.49,
            "at_2013_last_all": -24.02,
            "at_2014_last_all": -31.16,
            "at_2015_last_all": -39.77,
            "at_2016_last_all": -39.77,
            "at_2017_last_all": -36.68,
            "at_2018_last_all": -27.26,
            "at_2019_last_all": -32.73,
            "at_2020_last_all": -37.7,
            "at_2021_last_all": -27.11,
            "at_2022_last_all": -21.39,
            "at_2023_last_all": -23.48,
            "at_2024_last_all": -23.48
        },
        "latest_eps": 1.7,
        "latest_price": 18.25,
        "latest_roe": 13.4,
        "latest_gross_margin": 6.36,
        "latest_equity": 1141005,
        "latest_revenue": 846859,
        "latest_gross_profit": 53850,
        "latest_net_income": 28746,
        "latest_debt_ratio": 25.83,
        "latest_current_ratio": 310,
        "latest_account_receivable_turnover_ratio": 9.6,
        "latest_inventory_turnover_ratio": 0.86,
        "latest_reinvestment_rate": 11.38,
        "latest_research_to_sale_ratio": null
    },
    "eps_dividends": {
        "2001": {
            "cash": 0,
            "stock": 0,
            "eps": 0
        },
        "2002": {
            "cash": 0,
            "stock": 0,
            "eps": 0
        },
        "2003": {
            "cash": 1.4,
            "stock": 1.4,
            "eps": 0
        },
        "2004": {
            "cash": 0,
            "stock": 1.5,
            "eps": 0
        },
        "2005": {
            "cash": 0,
            "stock": 2.7,
            "eps": -0.63
        },
        "2006": {
            "cash": 0.46,
            "stock": 0,
            "eps": 4.57
        },
        "2007": {
            "cash": 2.77,
            "stock": 0,
            "eps": 1.28
        },
        "2008": {
            "cash": 0.6,
            "stock": 0,
            "eps": -5.55
        },
        "2009": {
            "cash": 0,
            "stock": 0,
            "eps": 0.89
        },
        "2010": {
            "cash": 0,
            "stock": 0.7,
            "eps": 2.22
        },
        "2011": {
            "cash": 0.4,
            "stock": 1.5,
            "eps": 1.1
        },
        "2012": {
            "cash": 0.8,
            "stock": 0,
            "eps": 1.32
        },
        "2013": {
            "cash": 1.1,
            "stock": 0,
            "eps": 0.77
        },
        "2014": {
            "cash": 0.7,
            "stock": 0,
            "eps": 0.2
        },
        "2015": {
            "cash": 0.2,
            "stock": 0,
            "eps": -0.73
        },
        "2016": {
            "cash": 0,
            "stock": 0,
            "eps": 0.75
        },
        "2017": {
            "cash": 0.6,
            "stock": 0,
            "eps": 0.66
        },
        "2018": {
            "cash": 0.65,
            "stock": 0,
            "eps": 1.04
        },
        "2019": {
            "cash": 0.9,
            "stock": 0,
            "eps": 0.13
        },
        "2020": {
            "cash": 0.2,
            "stock": 0,
            "eps": 0.01
        },
        "2021": {
            "cash": 0,
            "stock": 0,
            "eps": 1.55
        },
        "2022": {
            "cash": 1.1,
            "stock": 0,
            "eps": 2.37
        },
        "2023": {
            "cash": 1.8,
            "stock": 0,
            "eps": 1.12
        }
    },
    "dividends": {
        "2003-06-03": {
            "cash": 1.4,
            "stock": 1.4
        },
        "2004-03-12": {
            "cash": 0,
            "stock": 1.5
        },
        "2005-03-22": {
            "cash": 0,
            "stock": 2.7
        },
        "2006-02-27": {
            "cash": 0.46,
            "stock": 0
        },
        "2007-03-02": {
            "cash": 2.77,
            "stock": 0
        },
        "2008-03-20": {
            "cash": 0.6,
            "stock": 0
        },
        "2010-03-09": {
            "cash": 0,
            "stock": 0.7
        },
        "2011-02-21": {
            "cash": 0.4,
            "stock": 1.5
        },
        "2012-06-14": {
            "cash": 0.8,
            "stock": 0
        },
        "2013-06-11": {
            "cash": 1.1,
            "stock": 0
        },
        "2014-06-11": {
            "cash": 0.7,
            "stock": 0
        },
        "2015-07-27": {
            "cash": 0.2,
            "stock": 0
        },
        "2017-07-20": {
            "cash": 0.6,
            "stock": 0
        },
        "2018-07-30": {
            "cash": 0.65,
            "stock": 0
        },
        "2019-07-22": {
            "cash": 0.9,
            "stock": 0
        },
        "2020-07-29": {
            "cash": 0.2,
            "stock": 0
        },
        "2022-07-19": {
            "cash": 1.1,
            "stock": 0
        },
        "2023-05-08": {
            "cash": 1.8,
            "stock": 0
        }
    },
    "prices": {
        "200101": "無",
        "200102": "無",
        "200103": "無",
        "200104": "無",
        "200105": "無",
        "200106": "無",
        "200107": "無",
        "200108": "無",
        "200109": "無",
        "200110": "無",
        "200111": "無",
        "200112": "無",
        "200201": "無",
        "200202": "無",
        "200203": "無",
        "200204": "無",
        "200205": "無",
        "200206": "無",
        "200207": "無",
        "200208": "無",
        "200209": "無",
        "200210": "無",
        "200211": "無",
        "200212": "無",
        "200301": "無",
        "200302": "無",
        "200303": "無",
        "200304": "無",
        "200305": "無",
        "200306": "無",
        "200307": "無",
        "200308": "無",
        "200309": "無",
        "200310": "12.74",
        "200311": "無",
        "200312": "無",
        "200401": "13.46",
        "200402": "15.68",
        "200403": "19.64",
        "200404": "19.76",
        "200405": "18.24",
        "200406": "無",
        "200407": "18.31",
        "200408": "18.82",
        "200409": "16.40",
        "200410": "15.23",
        "200411": "14.77",
        "200412": "14.34",
        "200501": "14.13",
        "200502": "14.67",
        "200503": "15.72",
        "200504": "16.57",
        "200505": "16.20",
        "200506": "15.77",
        "200507": "14.93",
        "200508": "14.18",
        "200509": "14.74",
        "200510": "13.84",
        "200511": "12.73",
        "200512": "11.35",
        "200601": "11.75",
        "200602": "11.85",
        "200603": "13.59",
        "200604": "14.41",
        "200605": "14.00",
        "200606": "13.41",
        "200607": "13.24",
        "200608": "13.80",
        "200609": "14.69",
        "200610": "21.78",
        "200611": "24.18",
        "200612": "27.15",
        "200701": "30.56",
        "200702": "33.00",
        "200703": "37.32",
        "200704": "47.53",
        "200705": "46.84",
        "200706": "44.62",
        "200707": "44.36",
        "200708": "35.50",
        "200709": "32.43",
        "200710": "31.56",
        "200711": "22.18",
        "200712": "18.33",
        "200801": "16.98",
        "200802": "18.55",
        "200803": "20.91",
        "200804": "20.23",
        "200805": "18.31",
        "200806": "15.10",
        "200807": "11.48",
        "200808": "10.85",
        "200809": "8.58",
        "200810": "6.89",
        "200811": "5.27",
        "200812": "5.60",
        "200901": "6.20",
        "200902": "5.98",
        "200903": "6.82",
        "200904": "8.82",
        "200905": "9.29",
        "200906": "12.77",
        "200907": "13.12",
        "200908": "13.33",
        "200909": "13.23",
        "200910": "13.72",
        "200911": "13.48",
        "200912": "13.93",
        "201001": "15.54",
        "201002": "13.72",
        "201003": "15.07",
        "201004": "17.56",
        "201005": "15.70",
        "201006": "14.54",
        "201007": "15.33",
        "201008": "16.70",
        "201009": "16.82",
        "201010": "16.96",
        "201011": "16.80",
        "201012": "18.14",
        "201101": "19.88",
        "201102": "20.58",
        "201103": "20.57",
        "201104": "20.90",
        "201105": "20.59",
        "201106": "19.69",
        "201107": "17.72",
        "201108": "15.75",
        "201109": "14.73",
        "201110": "13.46",
        "201111": "12.08",
        "201112": "10.15",
        "201201": "10.12",
        "201202": "12.91",
        "201203": "13.06",
        "201204": "12.04",
        "201205": "10.60",
        "201206": "10.51",
        "201207": "10.38",
        "201208": "10.38",
        "201209": "10.96",
        "201210": "11.53",
        "201211": "11.05",
        "201212": "11.81",
        "201301": "12.75",
        "201302": "12.78",
        "201303": "12.92",
        "201304": "12.95",
        "201305": "13.60",
        "201306": "13.60",
        "201307": "12.35",
        "201308": "11.90",
        "201309": "11.71",
        "201310": "11.51",
        "201311": "11.44",
        "201312": "11.69",
        "201401": "12.48",
        "201402": "12.29",
        "201403": "12.49",
        "201404": "12.73",
        "201405": "12.80",
        "201406": "12.58",
        "201407": "12.18",
        "201408": "12.79",
        "201409": "12.82",
        "201410": "12.07",
        "201411": "12.01",
        "201412": "11.94",
        "201501": "11.61",
        "201502": "11.59",
        "201503": "11.48",
        "201504": "10.82",
        "201505": "10.17",
        "201506": "9.03",
        "201507": "8.45",
        "201508": "7.63",
        "201509": "8.25",
        "201510": "8.73",
        "201511": "7.76",
        "201512": "7.24",
        "201601": "7.12",
        "201602": "7.63",
        "201603": "8.10",
        "201604": "8.87",
        "201605": "8.81",
        "201606": "8.42",
        "201607": "9.18",
        "201608": "9.35",
        "201609": "9.36",
        "201610": "9.53",
        "201611": "9.91",
        "201612": "9.95",
        "201701": "9.97",
        "201702": "10.36",
        "201703": "11.00",
        "201704": "11.05",
        "201705": "10.95",
        "201706": "10.82",
        "201707": "10.54",
        "201708": "10.81",
        "201709": "10.62",
        "201710": "10.30",
        "201711": "10.29",
        "201712": "10.17",
        "201801": "10.39",
        "201802": "10.49",
        "201803": "10.64",
        "201804": "11.14",
        "201805": "10.99",
        "201806": "11.64",
        "201807": "12.03",
        "201808": "11.90",
        "201809": "11.59",
        "201810": "11.57",
        "201811": "11.58",
        "201812": "11.57",
        "201901": "11.50",
        "201902": "11.67",
        "201903": "12.00",
        "201904": "12.03",
        "201905": "11.85",
        "201906": "11.76",
        "201907": "10.65",
        "201908": "10.50",
        "201909": "10.73",
        "201910": "10.21",
        "201911": "10.03",
        "201912": "10.00",
        "202001": "9.90",
        "202002": "9.64",
        "202003": "8.16",
        "202004": "7.97",
        "202005": "8.18",
        "202006": "8.83",
        "202007": "9.29",
        "202008": "9.18",
        "202009": "9.21",
        "202010": "9.08",
        "202011": "9.07",
        "202012": "9.63",
        "202101": "9.70",
        "202102": "9.29",
        "202103": "9.68",
        "202104": "11.11",
        "202105": "11.03",
        "202106": "11.64",
        "202107": "20.14",
        "202108": "20.37",
        "202109": "20.16",
        "202110": "16.54",
        "202111": "16.72",
        "202112": "17.95",
        "202201": "16.41",
        "202202": "16.64",
        "202203": "19.01",
        "202204": "20.84",
        "202205": "17.39",
        "202206": "15.32",
        "202207": "13.59",
        "202208": "15.57",
        "202209": "15.29",
        "202210": "14.42",
        "202211": "16.30",
        "202212": "16.69",
        "202301": "18.30",
        "202302": "20.02",
        "202303": "21.67",
        "202304": "20.95",
        "202305": "19.76",
        "202306": "20.04",
        "202307": "18.84",
        "202308": "17.46",
        "202309": "17.45",
        "202310": "17.15",
        "202311": "17.59",
        "202312": "18.13"
    },
    "quarters": {
        "20011": {
            "year_quarter": 20011,
            "year": 2001,
            "quarter": 1,
            "eps": null,
            "eps_growth_year": null,
            "eps_4q": null,
            "eps_4q_growth_year": null,
            "roe": null,
            "roe_4q": 0,
            "gross_profit": null,
            "gross_margin": null,
            "gross_margin_4q_avg": 0,
            "net_income": null,
            "net_income_4q": null,
            "revenue": null,
            "revenue_4q": null,
            "common_shares": null,
            "book_valuer_per_share": null,
            "book_valuer_per_share_4q_avg": 0,
            "equity": null,
            "current_ratio": null,
            "debt_ratio": null,
            "inventory_turnover_ratio": null,
            "account_receivable_turnover_ratio": null,
            "reinvestment_rate": null,
            "research_to_sale_ratio": null,
            "price_fair": 0,
            "eps_avg_yearly": 0,
            "eps_latest_yearly": 0,
            "eps_growth_yearly": 0
        },
        "20012": {
            "year_quarter": 20012,
            "year": 2001,
            "quarter": 2,
            "eps": null,
            "eps_growth_year": null,
            "eps_4q": null,
            "eps_4q_growth_year": null,
            "roe": null,
            "roe_4q": 0,
            "gross_profit": null,
            "gross_margin": null,
            "gross_margin_4q_avg": 0,
            "net_income": null,
            "net_income_4q": null,
            "revenue": null,
            "revenue_4q": null,
            "common_shares": null,
            "book_valuer_per_share": null,
            "book_valuer_per_share_4q_avg": 0,
            "equity": null,
            "current_ratio": null,
            "debt_ratio": null,
            "inventory_turnover_ratio": null,
            "account_receivable_turnover_ratio": null,
            "reinvestment_rate": null,
            "research_to_sale_ratio": null,
            "price_fair": 0,
            "eps_avg_yearly": 0,
            "eps_latest_yearly": 0,
            "eps_growth_yearly": 0
        },
        "20013": {
            "year_quarter": 20013,
            "year": 2001,
            "quarter": 3,
            "eps": null,
            "eps_growth_year": null,
            "eps_4q": null,
            "eps_4q_growth_year": null,
            "roe": null,
            "roe_4q": 0,
            "gross_profit": null,
            "gross_margin": null,
            "gross_margin_4q_avg": 0,
            "net_income": null,
            "net_income_4q": null,
            "revenue": null,
            "revenue_4q": null,
            "common_shares": null,
            "book_valuer_per_share": null,
            "book_valuer_per_share_4q_avg": 0,
            "equity": null,
            "current_ratio": null,
            "debt_ratio": null,
            "inventory_turnover_ratio": null,
            "account_receivable_turnover_ratio": null,
            "reinvestment_rate": null,
            "research_to_sale_ratio": null,
            "price_fair": 0,
            "eps_avg_yearly": 0,
            "eps_latest_yearly": 0,
            "eps_growth_yearly": 0
        },
        "20014": {
            "year_quarter": 20014,
            "year": 2001,
            "quarter": 4,
            "eps": null,
            "eps_growth_year": null,
            "eps_4q": null,
            "eps_4q_growth_year": null,
            "roe": null,
            "roe_4q": 0,
            "gross_profit": null,
            "gross_margin": null,
            "gross_margin_4q_avg": 0,
            "net_income": null,
            "net_income_4q": null,
            "revenue": null,
            "revenue_4q": null,
            "common_shares": 343200,
            "book_valuer_per_share": 10.2,
            "book_valuer_per_share_4q_avg": 2.55,
            "equity": 350070,
            "current_ratio": 164.43,
            "debt_ratio": 52.16,
            "inventory_turnover_ratio": null,
            "account_receivable_turnover_ratio": null,
            "reinvestment_rate": null,
            "research_to_sale_ratio": null,
            "price_fair": 0,
            "eps_avg_yearly": 0,
            "eps_latest_yearly": 0,
            "eps_growth_yearly": 0
        },
        "20021": {
            "year_quarter": 20021,
            "year": 2002,
            "quarter": 1,
            "eps": null,
            "eps_growth_year": null,
            "eps_4q": null,
            "eps_4q_growth_year": null,
            "roe": null,
            "roe_4q": 0,
            "gross_profit": null,
            "gross_margin": null,
            "gross_margin_4q_avg": 0,
            "net_income": null,
            "net_income_4q": null,
            "revenue": null,
            "revenue_4q": null,
            "common_shares": null,
            "book_valuer_per_share": null,
            "book_valuer_per_share_4q_avg": 2.55,
            "equity": null,
            "current_ratio": null,
            "debt_ratio": null,
            "inventory_turnover_ratio": null,
            "account_receivable_turnover_ratio": null,
            "reinvestment_rate": null,
            "research_to_sale_ratio": null,
            "price_fair": 0,
            "eps_avg_yearly": 0,
            "eps_latest_yearly": 0,
            "eps_growth_yearly": 0
        },
        "20022": {
            "year_quarter": 20022,
            "year": 2002,
            "quarter": 2,
            "eps": null,
            "eps_growth_year": null,
            "eps_4q": null,
            "eps_4q_growth_year": null,
            "roe": null,
            "roe_4q": 0,
            "gross_profit": null,
            "gross_margin": null,
            "gross_margin_4q_avg": 0,
            "net_income": null,
            "net_income_4q": null,
            "revenue": null,
            "revenue_4q": null,
            "common_shares": null,
            "book_valuer_per_share": null,
            "book_valuer_per_share_4q_avg": 2.55,
            "equity": null,
            "current_ratio": null,
            "debt_ratio": null,
            "inventory_turnover_ratio": null,
            "account_receivable_turnover_ratio": null,
            "reinvestment_rate": null,
            "research_to_sale_ratio": null,
            "price_fair": 0,
            "eps_avg_yearly": 0,
            "eps_latest_yearly": 0,
            "eps_growth_yearly": 0
        },
        "20023": {
            "year_quarter": 20023,
            "year": 2002,
            "quarter": 3,
            "eps": null,
            "eps_growth_year": null,
            "eps_4q": null,
            "eps_4q_growth_year": null,
            "roe": null,
            "roe_4q": 0,
            "gross_profit": null,
            "gross_margin": null,
            "gross_margin_4q_avg": 0,
            "net_income": null,
            "net_income_4q": null,
            "revenue": null,
            "revenue_4q": null,
            "common_shares": null,
            "book_valuer_per_share": null,
            "book_valuer_per_share_4q_avg": 2.55,
            "equity": null,
            "current_ratio": null,
            "debt_ratio": null,
            "inventory_turnover_ratio": null,
            "account_receivable_turnover_ratio": null,
            "reinvestment_rate": null,
            "research_to_sale_ratio": null,
            "price_fair": 0,
            "eps_avg_yearly": 0,
            "eps_latest_yearly": 0,
            "eps_growth_yearly": 0
        },
        "20024": {
            "year_quarter": 20024,
            "year": 2002,
            "quarter": 4,
            "eps": null,
            "eps_growth_year": null,
            "eps_4q": null,
            "eps_4q_growth_year": null,
            "roe": null,
            "roe_4q": 0,
            "gross_profit": null,
            "gross_margin": null,
            "gross_margin_4q_avg": 0,
            "net_income": null,
            "net_income_4q": null,
            "revenue": null,
            "revenue_4q": null,
            "common_shares": 343200,
            "book_valuer_per_share": 11.85,
            "book_valuer_per_share_4q_avg": 2.96,
            "equity": 406549,
            "current_ratio": 218.09,
            "debt_ratio": 43.04,
            "inventory_turnover_ratio": null,
            "account_receivable_turnover_ratio": null,
            "reinvestment_rate": null,
            "research_to_sale_ratio": null,
            "price_fair": 0,
            "eps_avg_yearly": 0,
            "eps_latest_yearly": 0,
            "eps_growth_yearly": 0
        },
        "20031": {
            "year_quarter": 20031,
            "year": 2003,
            "quarter": 1,
            "eps": null,
            "eps_growth_year": null,
            "eps_4q": null,
            "eps_4q_growth_year": null,
            "roe": null,
            "roe_4q": 0,
            "gross_profit": null,
            "gross_margin": null,
            "gross_margin_4q_avg": 0,
            "net_income": null,
            "net_income_4q": null,
            "revenue": null,
            "revenue_4q": null,
            "common_shares": null,
            "book_valuer_per_share": null,
            "book_valuer_per_share_4q_avg": 2.96,
            "equity": null,
            "current_ratio": null,
            "debt_ratio": null,
            "inventory_turnover_ratio": null,
            "account_receivable_turnover_ratio": null,
            "reinvestment_rate": null,
            "research_to_sale_ratio": null,
            "price_fair": 0,
            "eps_avg_yearly": 0,
            "eps_latest_yearly": 0,
            "eps_growth_yearly": 0
        },
        "20032": {
            "year_quarter": 20032,
            "year": 2003,
            "quarter": 2,
            "eps": null,
            "eps_growth_year": null,
            "eps_4q": null,
            "eps_4q_growth_year": null,
            "roe": null,
            "roe_4q": 0,
            "gross_profit": null,
            "gross_margin": null,
            "gross_margin_4q_avg": 0,
            "net_income": null,
            "net_income_4q": null,
            "revenue": null,
            "revenue_4q": null,
            "common_shares": null,
            "book_valuer_per_share": null,
            "book_valuer_per_share_4q_avg": 2.96,
            "equity": null,
            "current_ratio": null,
            "debt_ratio": null,
            "inventory_turnover_ratio": null,
            "account_receivable_turnover_ratio": null,
            "reinvestment_rate": null,
            "research_to_sale_ratio": null,
            "price_fair": 0,
            "eps_avg_yearly": 0,
            "eps_latest_yearly": 0,
            "eps_growth_yearly": 0
        },
        "20033": {
            "year_quarter": 20033,
            "year": 2003,
            "quarter": 3,
            "eps": null,
            "eps_growth_year": null,
            "eps_4q": null,
            "eps_4q_growth_year": null,
            "roe": null,
            "roe_4q": 0,
            "gross_profit": null,
            "gross_margin": null,
            "gross_margin_4q_avg": 0,
            "net_income": null,
            "net_income_4q": null,
            "revenue": null,
            "revenue_4q": null,
            "common_shares": null,
            "book_valuer_per_share": null,
            "book_valuer_per_share_4q_avg": 2.96,
            "equity": null,
            "current_ratio": null,
            "debt_ratio": null,
            "inventory_turnover_ratio": null,
            "account_receivable_turnover_ratio": null,
            "reinvestment_rate": null,
            "research_to_sale_ratio": null,
            "price_fair": 0,
            "eps_avg_yearly": 0,
            "eps_latest_yearly": 0,
            "eps_growth_yearly": 0
        },
        "20034": {
            "year_quarter": 20034,
            "year": 2003,
            "quarter": 4,
            "eps": null,
            "eps_growth_year": null,
            "eps_4q": null,
            "eps_4q_growth_year": null,
            "roe": null,
            "roe_4q": 0,
            "gross_profit": null,
            "gross_margin": null,
            "gross_margin_4q_avg": 0,
            "net_income": null,
            "net_income_4q": null,
            "revenue": null,
            "revenue_4q": null,
            "common_shares": 343200,
            "book_valuer_per_share": 12.23,
            "book_valuer_per_share_4q_avg": 3.06,
            "equity": 419788,
            "current_ratio": 232.42,
            "debt_ratio": 40.39,
            "inventory_turnover_ratio": null,
            "account_receivable_turnover_ratio": null,
            "reinvestment_rate": null,
            "research_to_sale_ratio": null,
            "price_fair": 0,
            "eps_avg_yearly": 0,
            "eps_latest_yearly": 0,
            "eps_growth_yearly": 0
        },
        "20041": {
            "year_quarter": 20041,
            "year": 2004,
            "quarter": 1,
            "eps": null,
            "eps_growth_year": null,
            "eps_4q": null,
            "eps_4q_growth_year": null,
            "roe": null,
            "roe_4q": 0,
            "gross_profit": null,
            "gross_margin": null,
            "gross_margin_4q_avg": 0,
            "net_income": null,
            "net_income_4q": null,
            "revenue": null,
            "revenue_4q": null,
            "common_shares": null,
            "book_valuer_per_share": null,
            "book_valuer_per_share_4q_avg": 3.06,
            "equity": null,
            "current_ratio": null,
            "debt_ratio": null,
            "inventory_turnover_ratio": null,
            "account_receivable_turnover_ratio": null,
            "reinvestment_rate": null,
            "research_to_sale_ratio": null,
            "price_fair": 0,
            "eps_avg_yearly": 0,
            "eps_latest_yearly": 0,
            "eps_growth_yearly": 0
        },
        "20042": {
            "year_quarter": 20042,
            "year": 2004,
            "quarter": 2,
            "eps": null,
            "eps_growth_year": null,
            "eps_4q": null,
            "eps_4q_growth_year": null,
            "roe": null,
            "roe_4q": 0,
            "gross_profit": null,
            "gross_margin": null,
            "gross_margin_4q_avg": 0,
            "net_income": null,
            "net_income_4q": null,
            "revenue": null,
            "revenue_4q": null,
            "common_shares": null,
            "book_valuer_per_share": null,
            "book_valuer_per_share_4q_avg": 3.06,
            "equity": null,
            "current_ratio": null,
            "debt_ratio": null,
            "inventory_turnover_ratio": null,
            "account_receivable_turnover_ratio": null,
            "reinvestment_rate": null,
            "research_to_sale_ratio": null,
            "price_fair": 0,
            "eps_avg_yearly": 0,
            "eps_latest_yearly": 0,
            "eps_growth_yearly": 0
        },
        "20043": {
            "year_quarter": 20043,
            "year": 2004,
            "quarter": 3,
            "eps": null,
            "eps_growth_year": null,
            "eps_4q": null,
            "eps_4q_growth_year": null,
            "roe": null,
            "roe_4q": 0,
            "gross_profit": null,
            "gross_margin": null,
            "gross_margin_4q_avg": 0,
            "net_income": null,
            "net_income_4q": null,
            "revenue": null,
            "revenue_4q": null,
            "common_shares": null,
            "book_valuer_per_share": null,
            "book_valuer_per_share_4q_avg": 3.06,
            "equity": null,
            "current_ratio": null,
            "debt_ratio": null,
            "inventory_turnover_ratio": null,
            "account_receivable_turnover_ratio": null,
            "reinvestment_rate": null,
            "research_to_sale_ratio": null,
            "price_fair": 0,
            "eps_avg_yearly": 0,
            "eps_latest_yearly": 0,
            "eps_growth_yearly": 0
        },
        "20044": {
            "year_quarter": 20044,
            "year": 2004,
            "quarter": 4,
            "eps": null,
            "eps_growth_year": null,
            "eps_4q": null,
            "eps_4q_growth_year": null,
            "roe": null,
            "roe_4q": 0,
            "gross_profit": null,
            "gross_margin": null,
            "gross_margin_4q_avg": 0,
            "net_income": null,
            "net_income_4q": null,
            "revenue": null,
            "revenue_4q": null,
            "common_shares": 394680,
            "book_valuer_per_share": 13.61,
            "book_valuer_per_share_4q_avg": 3.4,
            "equity": 537009,
            "current_ratio": 178.39,
            "debt_ratio": 48.23,
            "inventory_turnover_ratio": null,
            "account_receivable_turnover_ratio": null,
            "reinvestment_rate": null,
            "research_to_sale_ratio": null,
            "price_fair": 0,
            "eps_avg_yearly": 0,
            "eps_latest_yearly": 0,
            "eps_growth_yearly": 0
        },
        "20051": {
            "year_quarter": 20051,
            "year": 2005,
            "quarter": 1,
            "eps": null,
            "eps_growth_year": null,
            "eps_4q": null,
            "eps_4q_growth_year": null,
            "roe": null,
            "roe_4q": 0,
            "gross_profit": null,
            "gross_margin": null,
            "gross_margin_4q_avg": 0,
            "net_income": null,
            "net_income_4q": null,
            "revenue": null,
            "revenue_4q": null,
            "common_shares": null,
            "book_valuer_per_share": null,
            "book_valuer_per_share_4q_avg": 3.4,
            "equity": null,
            "current_ratio": null,
            "debt_ratio": null,
            "inventory_turnover_ratio": null,
            "account_receivable_turnover_ratio": null,
            "reinvestment_rate": null,
            "research_to_sale_ratio": null,
            "price_fair": 0,
            "eps_avg_yearly": 0,
            "eps_latest_yearly": 0,
            "eps_growth_yearly": 0
        },
        "20052": {
            "year_quarter": 20052,
            "year": 2005,
            "quarter": 2,
            "eps": null,
            "eps_growth_year": null,
            "eps_4q": null,
            "eps_4q_growth_year": null,
            "roe": null,
            "roe_4q": 0,
            "gross_profit": null,
            "gross_margin": null,
            "gross_margin_4q_avg": 0,
            "net_income": null,
            "net_income_4q": null,
            "revenue": null,
            "revenue_4q": null,
            "common_shares": null,
            "book_valuer_per_share": null,
            "book_valuer_per_share_4q_avg": 3.4,
            "equity": null,
            "current_ratio": null,
            "debt_ratio": null,
            "inventory_turnover_ratio": null,
            "account_receivable_turnover_ratio": null,
            "reinvestment_rate": null,
            "research_to_sale_ratio": null,
            "price_fair": 0,
            "eps_avg_yearly": 0,
            "eps_latest_yearly": 0,
            "eps_growth_yearly": 0
        },
        "20053": {
            "year_quarter": 20053,
            "year": 2005,
            "quarter": 3,
            "eps": -0.54,
            "eps_growth_year": null,
            "eps_4q": null,
            "eps_4q_growth_year": null,
            "roe": -4.73,
            "roe_4q": -4.73,
            "gross_profit": -16558,
            "gross_margin": -1.78,
            "gross_margin_4q_avg": -0.45,
            "net_income": -26930,
            "net_income_4q": null,
            "revenue": 928806,
            "revenue_4q": null,
            "common_shares": 394680,
            "book_valuer_per_share": 14.44,
            "book_valuer_per_share_4q_avg": 7.01,
            "equity": 569746,
            "current_ratio": 179.29,
            "debt_ratio": 48.02,
            "inventory_turnover_ratio": 1.94,
            "account_receivable_turnover_ratio": null,
            "reinvestment_rate": null,
            "research_to_sale_ratio": null,
            "price_fair": 0,
            "eps_avg_yearly": 0,
            "eps_latest_yearly": 0,
            "eps_growth_yearly": 0
        },
        "20054": {
            "year_quarter": 20054,
            "year": 2005,
            "quarter": 4,
            "eps": -0.09,
            "eps_growth_year": null,
            "eps_4q": null,
            "eps_4q_growth_year": null,
            "roe": -0.82,
            "roe_4q": -5.550000000000001,
            "gross_profit": 11293,
            "gross_margin": 1.31,
            "gross_margin_4q_avg": -0.12,
            "net_income": -4666,
            "net_income_4q": null,
            "revenue": 859048,
            "revenue_4q": null,
            "common_shares": 501244,
            "book_valuer_per_share": 11.27,
            "book_valuer_per_share_4q_avg": 6.43,
            "equity": 564728,
            "current_ratio": 246.12,
            "debt_ratio": 36.2,
            "inventory_turnover_ratio": 2.12,
            "account_receivable_turnover_ratio": null,
            "reinvestment_rate": null,
            "research_to_sale_ratio": null,
            "price_fair": 0,
            "eps_avg_yearly": 0,
            "eps_latest_yearly": 0,
            "eps_growth_yearly": 0
        },
        "20061": {
            "year_quarter": 20061,
            "year": 2006,
            "quarter": 1,
            "eps": 0.37,
            "eps_growth_year": null,
            "eps_4q": null,
            "eps_4q_growth_year": null,
            "roe": 3.22,
            "roe_4q": -2.33,
            "gross_profit": 42586,
            "gross_margin": 3.75,
            "gross_margin_4q_avg": 0.82,
            "net_income": 18492,
            "net_income_4q": null,
            "revenue": 1134517,
            "revenue_4q": null,
            "common_shares": 501244,
            "book_valuer_per_share": 11.64,
            "book_valuer_per_share_4q_avg": 9.34,
            "equity": 583221,
            "current_ratio": 121.89,
            "debt_ratio": 53.66,
            "inventory_turnover_ratio": 4.38,
            "account_receivable_turnover_ratio": null,
            "reinvestment_rate": null,
            "research_to_sale_ratio": null,
            "price_fair": 0,
            "eps_avg_yearly": 0,
            "eps_latest_yearly": 0,
            "eps_growth_yearly": 0
        },
        "20062": {
            "year_quarter": 20062,
            "year": 2006,
            "quarter": 2,
            "eps": 0.81,
            "eps_growth_year": null,
            "eps_4q": 0.55,
            "eps_4q_growth_year": null,
            "roe": 6.88,
            "roe_4q": 4.549999999999999,
            "gross_profit": 74801,
            "gross_margin": 6.2,
            "gross_margin_4q_avg": 2.37,
            "net_income": 40843,
            "net_income_4q": null,
            "revenue": 1207426,
            "revenue_4q": null,
            "common_shares": 501244,
            "book_valuer_per_share": 12.04,
            "book_valuer_per_share_4q_avg": 12.35,
            "equity": 603412,
            "current_ratio": 136.82,
            "debt_ratio": 55.99,
            "inventory_turnover_ratio": 3.11,
            "account_receivable_turnover_ratio": null,
            "reinvestment_rate": null,
            "research_to_sale_ratio": null,
            "price_fair": 113.4,
            "eps_avg_yearly": 3.24,
            "eps_latest_yearly": 3.24,
            "eps_growth_yearly": 475.68
        },
        "20063": {
            "year_quarter": 20063,
            "year": 2006,
            "quarter": 3,
            "eps": 1.94,
            "eps_growth_year": null,
            "eps_4q": 2.97,
            "eps_4q_growth_year": null,
            "roe": 15.1,
            "roe_4q": 24.38,
            "gross_profit": 162397,
            "gross_margin": 9.89,
            "gross_margin_4q_avg": 5.29,
            "net_income": 103158,
            "net_income_4q": null,
            "revenue": 1642456,
            "revenue_4q": null,
            "common_shares": 564000,
            "book_valuer_per_share": 13.52,
            "book_valuer_per_share_4q_avg": 12.12,
            "equity": 762790,
            "current_ratio": 221.78,
            "debt_ratio": 35.11,
            "inventory_turnover_ratio": 3.45,
            "account_receivable_turnover_ratio": null,
            "reinvestment_rate": null,
            "research_to_sale_ratio": null,
            "price_fair": 192.5,
            "eps_avg_yearly": 5.5,
            "eps_latest_yearly": 7.76,
            "eps_growth_yearly": 516.85
        },
        "20064": {
            "year_quarter": 20064,
            "year": 2006,
            "quarter": 4,
            "eps": 1.45,
            "eps_growth_year": null,
            "eps_4q": 4.51,
            "eps_4q_growth_year": null,
            "roe": 9.62,
            "roe_4q": 34.82,
            "gross_profit": 164605,
            "gross_margin": 7.65,
            "gross_margin_4q_avg": 6.87,
            "net_income": 77071,
            "net_income_4q": null,
            "revenue": 2150579,
            "revenue_4q": null,
            "common_shares": 564000,
            "book_valuer_per_share": 14.9,
            "book_valuer_per_share_4q_avg": 13.03,
            "equity": 840212,
            "current_ratio": 146.55,
            "debt_ratio": 56.72,
            "inventory_turnover_ratio": 3.06,
            "account_receivable_turnover_ratio": null,
            "reinvestment_rate": null,
            "research_to_sale_ratio": null,
            "price_fair": 196,
            "eps_avg_yearly": 5.6,
            "eps_latest_yearly": 5.8,
            "eps_growth_yearly": 310.89
        },
        "20071": {
            "year_quarter": 20071,
            "year": 2007,
            "quarter": 1,
            "eps": 1.89,
            "eps_growth_year": 410.81,
            "eps_4q": 5.8,
            "eps_4q_growth_year": null,
            "roe": 11.96,
            "roe_4q": 43.56,
            "gross_profit": 169081,
            "gross_margin": 6.14,
            "gross_margin_4q_avg": 7.47,
            "net_income": 106874,
            "net_income_4q": null,
            "revenue": 2754193,
            "revenue_4q": null,
            "common_shares": 564000,
            "book_valuer_per_share": 16.79,
            "book_valuer_per_share_4q_avg": 14.31,
            "equity": 947086,
            "current_ratio": 147.98,
            "debt_ratio": 57.38,
            "inventory_turnover_ratio": 2.47,
            "account_receivable_turnover_ratio": null,
            "reinvestment_rate": null,
            "research_to_sale_ratio": null,
            "price_fair": 213.15,
            "eps_avg_yearly": 6.09,
            "eps_latest_yearly": 7.56,
            "eps_growth_yearly": 263.51
        },
        "20072": {
            "year_quarter": 20072,
            "year": 2007,
            "quarter": 2,
            "eps": 1.89,
            "eps_growth_year": 133.33,
            "eps_4q": 6.97,
            "eps_4q_growth_year": 1167.44,
            "roe": 11.93,
            "roe_4q": 48.61,
            "gross_profit": 169158,
            "gross_margin": 6.38,
            "gross_margin_4q_avg": 7.52,
            "net_income": 106764,
            "net_income_4q": null,
            "revenue": 2653274,
            "revenue_4q": null,
            "common_shares": 564000,
            "book_valuer_per_share": 14.93,
            "book_valuer_per_share_4q_avg": 15.04,
            "equity": 842186,
            "current_ratio": 124.11,
            "debt_ratio": 70.56,
            "inventory_turnover_ratio": 1.96,
            "account_receivable_turnover_ratio": null,
            "reinvestment_rate": null,
            "research_to_sale_ratio": null,
            "price_fair": 223.44,
            "eps_avg_yearly": 6.38,
            "eps_latest_yearly": 7.56,
            "eps_growth_yearly": 210.81
        },
        "20073": {
            "year_quarter": 20073,
            "year": 2007,
            "quarter": 3,
            "eps": -3.18,
            "eps_growth_year": -263.92,
            "eps_4q": 1.15,
            "eps_4q_growth_year": -61.29,
            "roe": -20.72,
            "roe_4q": 12.790000000000001,
            "gross_profit": -68206,
            "gross_margin": -4.29,
            "gross_margin_4q_avg": 3.97,
            "net_income": -206462,
            "net_income_4q": null,
            "revenue": 1588070,
            "revenue_4q": null,
            "common_shares": 733200,
            "book_valuer_per_share": 15.69,
            "book_valuer_per_share_4q_avg": 15.58,
            "equity": 1150494,
            "current_ratio": 221.95,
            "debt_ratio": 37.51,
            "inventory_turnover_ratio": 1.37,
            "account_receivable_turnover_ratio": null,
            "reinvestment_rate": null,
            "research_to_sale_ratio": null,
            "price_fair": 223.44,
            "eps_avg_yearly": 6.38,
            "eps_latest_yearly": 7.56,
            "eps_growth_yearly": 210.81
        },
        "20074": {
            "year_quarter": 20074,
            "year": 2007,
            "quarter": 4,
            "eps": 0.68,
            "eps_growth_year": -53.1,
            "eps_4q": 0.79,
            "eps_4q_growth_year": -82.44,
            "roe": 3.74,
            "roe_4q": 6.910000000000004,
            "gross_profit": -99194,
            "gross_margin": -6.99,
            "gross_margin_4q_avg": 0.31,
            "net_income": 43844,
            "net_income_4q": null,
            "revenue": 1419675,
            "revenue_4q": null,
            "common_shares": 733200,
            "book_valuer_per_share": 16.29,
            "book_valuer_per_share_4q_avg": 15.93,
            "equity": 1194338,
            "current_ratio": 175.89,
            "debt_ratio": 47.25,
            "inventory_turnover_ratio": 1.25,
            "account_receivable_turnover_ratio": null,
            "reinvestment_rate": null,
            "research_to_sale_ratio": null,
            "price_fair": 223.44,
            "eps_avg_yearly": 6.38,
            "eps_latest_yearly": 7.56,
            "eps_growth_yearly": 210.81
        },
        "20081": {
            "year_quarter": 20081,
            "year": 2008,
            "quarter": 1,
            "eps": -0.35,
            "eps_growth_year": -118.52,
            "eps_4q": -1.1,
            "eps_4q_growth_year": -119,
            "roe": -2.2,
            "roe_4q": -7.25,
            "gross_profit": -21335,
            "gross_margin": -1.29,
            "gross_margin_4q_avg": -1.55,
            "net_income": -25995,
            "net_income_4q": null,
            "revenue": 1651478,
            "revenue_4q": null,
            "common_shares": 733200,
            "book_valuer_per_share": 15.93,
            "book_valuer_per_share_4q_avg": 15.71,
            "equity": 1168343,
            "current_ratio": 199.53,
            "debt_ratio": 40.5,
            "inventory_turnover_ratio": 1.28,
            "account_receivable_turnover_ratio": null,
            "reinvestment_rate": null,
            "research_to_sale_ratio": null,
            "price_fair": 223.44,
            "eps_avg_yearly": 6.38,
            "eps_latest_yearly": 7.56,
            "eps_growth_yearly": 210.81
        },
        "20082": {
            "year_quarter": 20082,
            "year": 2008,
            "quarter": 2,
            "eps": 0.29,
            "eps_growth_year": -84.66,
            "eps_4q": -2.25,
            "eps_4q_growth_year": -132.22,
            "roe": 1.87,
            "roe_4q": -17.31,
            "gross_profit": 50337,
            "gross_margin": 3,
            "gross_margin_4q_avg": -2.39,
            "net_income": 21564,
            "net_income_4q": null,
            "revenue": 1678840,
            "revenue_4q": null,
            "common_shares": 733200,
            "book_valuer_per_share": 15.6,
            "book_valuer_per_share_4q_avg": 15.88,
            "equity": 1144079,
            "current_ratio": 153.95,
            "debt_ratio": 54.85,
            "inventory_turnover_ratio": 1.18,
            "account_receivable_turnover_ratio": null,
            "reinvestment_rate": null,
            "research_to_sale_ratio": null,
            "price_fair": 223.44,
            "eps_avg_yearly": 6.38,
            "eps_latest_yearly": 7.56,
            "eps_growth_yearly": 210.81
        },
        "20083": {
            "year_quarter": 20083,
            "year": 2008,
            "quarter": 3,
            "eps": -0.58,
            "eps_growth_year": null,
            "eps_4q": -0.05,
            "eps_4q_growth_year": -104.05,
            "roe": -3.81,
            "roe_4q": -0.40000000000000036,
            "gross_profit": -28868,
            "gross_margin": -2.13,
            "gross_margin_4q_avg": -1.85,
            "net_income": -42828,
            "net_income_4q": null,
            "revenue": 1353217,
            "revenue_4q": null,
            "common_shares": 733200,
            "book_valuer_per_share": 15.02,
            "book_valuer_per_share_4q_avg": 15.71,
            "equity": 1101408,
            "current_ratio": 162.85,
            "debt_ratio": 49.04,
            "inventory_turnover_ratio": 0.97,
            "account_receivable_turnover_ratio": null,
            "reinvestment_rate": null,
            "research_to_sale_ratio": null,
            "price_fair": 223.44,
            "eps_avg_yearly": 6.38,
            "eps_latest_yearly": 7.56,
            "eps_growth_yearly": 210.81
        },
        "20084": {
            "year_quarter": 20084,
            "year": 2008,
            "quarter": 4,
            "eps": -4.91,
            "eps_growth_year": -822.06,
            "eps_4q": -5.55,
            "eps_4q_growth_year": -801.38,
            "roe": -39.03,
            "roe_4q": -43.17000000000001,
            "gross_profit": -418490,
            "gross_margin": -68.7,
            "gross_margin_4q_avg": -17.28,
            "net_income": -359964,
            "net_income_4q": null,
            "revenue": 609149,
            "revenue_4q": null,
            "common_shares": 733200,
            "book_valuer_per_share": 10.14,
            "book_valuer_per_share_4q_avg": 14.17,
            "equity": 743265,
            "current_ratio": 147.16,
            "debt_ratio": 46.38,
            "inventory_turnover_ratio": 1.08,
            "account_receivable_turnover_ratio": 18.3,
            "reinvestment_rate": null,
            "research_to_sale_ratio": null,
            "price_fair": 223.44,
            "eps_avg_yearly": 6.38,
            "eps_latest_yearly": 7.56,
            "eps_growth_yearly": 210.81
        },
        "20091": {
            "year_quarter": 20091,
            "year": 2009,
            "quarter": 1,
            "eps": -0.11,
            "eps_growth_year": null,
            "eps_4q": -5.31,
            "eps_4q_growth_year": null,
            "roe": -1.14,
            "roe_4q": -42.11000000000001,
            "gross_profit": -9814,
            "gross_margin": -2.04,
            "gross_margin_4q_avg": -17.47,
            "net_income": -8417,
            "net_income_4q": null,
            "revenue": 480741,
            "revenue_4q": null,
            "common_shares": 733200,
            "book_valuer_per_share": 10.04,
            "book_valuer_per_share_4q_avg": 12.7,
            "equity": 735968,
            "current_ratio": 157.33,
            "debt_ratio": 36.05,
            "inventory_turnover_ratio": 0.98,
            "account_receivable_turnover_ratio": 13.23,
            "reinvestment_rate": null,
            "research_to_sale_ratio": null,
            "price_fair": 223.44,
            "eps_avg_yearly": 6.38,
            "eps_latest_yearly": 7.56,
            "eps_growth_yearly": 210.81
        },
        "20092": {
            "year_quarter": 20092,
            "year": 2009,
            "quarter": 2,
            "eps": 0.38,
            "eps_growth_year": 31.03,
            "eps_4q": -5.19,
            "eps_4q_growth_year": null,
            "roe": 3.74,
            "roe_4q": -40.24,
            "gross_profit": 53452,
            "gross_margin": 8.28,
            "gross_margin_4q_avg": -16.15,
            "net_income": 28058,
            "net_income_4q": null,
            "revenue": 645725,
            "revenue_4q": null,
            "common_shares": 733200,
            "book_valuer_per_share": 10.41,
            "book_valuer_per_share_4q_avg": 11.4,
            "equity": 763021,
            "current_ratio": 170.9,
            "debt_ratio": 30.28,
            "inventory_turnover_ratio": 1.74,
            "account_receivable_turnover_ratio": 9.2,
            "reinvestment_rate": null,
            "research_to_sale_ratio": null,
            "price_fair": 223.44,
            "eps_avg_yearly": 6.38,
            "eps_latest_yearly": 7.56,
            "eps_growth_yearly": 210.81
        },
        "20093": {
            "year_quarter": 20093,
            "year": 2009,
            "quarter": 3,
            "eps": 0.35,
            "eps_growth_year": null,
            "eps_4q": -4.24,
            "eps_4q_growth_year": null,
            "roe": 3.34,
            "roe_4q": -33.09,
            "gross_profit": 51889,
            "gross_margin": 6.23,
            "gross_margin_4q_avg": -14.06,
            "net_income": 25939,
            "net_income_4q": null,
            "revenue": 832910,
            "revenue_4q": null,
            "common_shares": 733200,
            "book_valuer_per_share": 10.75,
            "book_valuer_per_share_4q_avg": 10.34,
            "equity": 788270,
            "current_ratio": 158.2,
            "debt_ratio": 36.13,
            "inventory_turnover_ratio": 2.17,
            "account_receivable_turnover_ratio": 6.93,
            "reinvestment_rate": null,
            "research_to_sale_ratio": null,
            "price_fair": 194.37,
            "eps_avg_yearly": 5.55,
            "eps_latest_yearly": 1.4,
            "eps_growth_yearly": 170.41
        },
        "20094": {
            "year_quarter": 20094,
            "year": 2009,
            "quarter": 4,
            "eps": 0.27,
            "eps_growth_year": null,
            "eps_4q": 0.89,
            "eps_4q_growth_year": null,
            "roe": 2.46,
            "roe_4q": 8.399999999999999,
            "gross_profit": 43418,
            "gross_margin": 5.2,
            "gross_margin_4q_avg": 4.42,
            "net_income": 19591,
            "net_income_4q": null,
            "revenue": 835015,
            "revenue_4q": null,
            "common_shares": 733200,
            "book_valuer_per_share": 10.99,
            "book_valuer_per_share_4q_avg": 10.55,
            "equity": 805450,
            "current_ratio": 161.66,
            "debt_ratio": 30.22,
            "inventory_turnover_ratio": 1.94,
            "account_receivable_turnover_ratio": 27.3,
            "reinvestment_rate": null,
            "research_to_sale_ratio": null,
            "price_fair": 172,
            "eps_avg_yearly": 4.91,
            "eps_latest_yearly": 1.08,
            "eps_growth_yearly": 133.01
        },
        "20101": {
            "year_quarter": 20101,
            "year": 2010,
            "quarter": 1,
            "eps": 0.42,
            "eps_growth_year": null,
            "eps_4q": 1.43,
            "eps_4q_growth_year": null,
            "roe": 3.77,
            "roe_4q": 13.31,
            "gross_profit": 53248,
            "gross_margin": 5.14,
            "gross_margin_4q_avg": 6.21,
            "net_income": 30965,
            "net_income_4q": null,
            "revenue": 1036350,
            "revenue_4q": null,
            "common_shares": 733200,
            "book_valuer_per_share": 11.4,
            "book_valuer_per_share_4q_avg": 10.89,
            "equity": 835872,
            "current_ratio": 184.03,
            "debt_ratio": 26.68,
            "inventory_turnover_ratio": 2.55,
            "account_receivable_turnover_ratio": 12.78,
            "reinvestment_rate": null,
            "research_to_sale_ratio": null,
            "price_fair": 157.85,
            "eps_avg_yearly": 4.51,
            "eps_latest_yearly": 1.68,
            "eps_growth_yearly": 144.16
        },
        "20102": {
            "year_quarter": 20102,
            "year": 2010,
            "quarter": 2,
            "eps": 0.74,
            "eps_growth_year": 94.79,
            "eps_4q": 1.72,
            "eps_4q_growth_year": null,
            "roe": 6.71,
            "roe_4q": 16.28,
            "gross_profit": 83044,
            "gross_margin": 7.81,
            "gross_margin_4q_avg": 6.1,
            "net_income": 58070,
            "net_income_4q": null,
            "revenue": 1063955,
            "revenue_4q": null,
            "common_shares": 733200,
            "book_valuer_per_share": 12.22,
            "book_valuer_per_share_4q_avg": 11.34,
            "equity": 895626,
            "current_ratio": 283.28,
            "debt_ratio": 17.7,
            "inventory_turnover_ratio": 3.03,
            "account_receivable_turnover_ratio": 11.43,
            "reinvestment_rate": null,
            "research_to_sale_ratio": null,
            "price_fair": 156.63,
            "eps_avg_yearly": 4.48,
            "eps_latest_yearly": 2.96,
            "eps_growth_yearly": 122.79
        },
        "20103": {
            "year_quarter": 20103,
            "year": 2010,
            "quarter": 3,
            "eps": 0.36,
            "eps_growth_year": 3.29,
            "eps_4q": 1.75,
            "eps_4q_growth_year": null,
            "roe": 3.12,
            "roe_4q": 16.06,
            "gross_profit": 43083,
            "gross_margin": 4.37,
            "gross_margin_4q_avg": 5.63,
            "net_income": 28363,
            "net_income_4q": null,
            "revenue": 985986,
            "revenue_4q": null,
            "common_shares": 784524,
            "book_valuer_per_share": 11.74,
            "book_valuer_per_share_4q_avg": 11.59,
            "equity": 921350,
            "current_ratio": 192.42,
            "debt_ratio": 30.56,
            "inventory_turnover_ratio": 2.82,
            "account_receivable_turnover_ratio": 7.71,
            "reinvestment_rate": null,
            "research_to_sale_ratio": null,
            "price_fair": 128.98,
            "eps_avg_yearly": 3.69,
            "eps_latest_yearly": 1.44,
            "eps_growth_yearly": 27.36
        },
        "20104": {
            "year_quarter": 20104,
            "year": 2010,
            "quarter": 4,
            "eps": 0.7,
            "eps_growth_year": 160.84,
            "eps_4q": 2.2,
            "eps_4q_growth_year": 147.59,
            "roe": 5.84,
            "roe_4q": 19.44,
            "gross_profit": 70172,
            "gross_margin": 5.43,
            "gross_margin_4q_avg": 5.69,
            "net_income": 55251,
            "net_income_4q": null,
            "revenue": 1292897,
            "revenue_4q": null,
            "common_shares": 784524,
            "book_valuer_per_share": 12.36,
            "book_valuer_per_share_4q_avg": 11.93,
            "equity": 969678,
            "current_ratio": 159.56,
            "debt_ratio": 42.86,
            "inventory_turnover_ratio": 2.12,
            "account_receivable_turnover_ratio": 7.32,
            "reinvestment_rate": null,
            "research_to_sale_ratio": null,
            "price_fair": 115.85,
            "eps_avg_yearly": 3.31,
            "eps_latest_yearly": 2.8,
            "eps_growth_yearly": 87.22
        },
        "20111": {
            "year_quarter": 20111,
            "year": 2011,
            "quarter": 1,
            "eps": 0.69,
            "eps_growth_year": 64.29,
            "eps_4q": 2.49,
            "eps_4q_growth_year": 74.87,
            "roe": 5.41,
            "roe_4q": 21.080000000000002,
            "gross_profit": 84882,
            "gross_margin": 5.62,
            "gross_margin_4q_avg": 5.81,
            "net_income": 53943,
            "net_income_4q": null,
            "revenue": 1511677,
            "revenue_4q": null,
            "common_shares": 784524,
            "book_valuer_per_share": 13.06,
            "book_valuer_per_share_4q_avg": 12.35,
            "equity": 1024410,
            "current_ratio": 167.13,
            "debt_ratio": 42.07,
            "inventory_turnover_ratio": 1.69,
            "account_receivable_turnover_ratio": 8.8,
            "reinvestment_rate": null,
            "research_to_sale_ratio": null,
            "price_fair": 94.85,
            "eps_avg_yearly": 2.71,
            "eps_latest_yearly": 2.76,
            "eps_growth_yearly": 71.33
        },
        "20112": {
            "year_quarter": 20112,
            "year": 2011,
            "quarter": 2,
            "eps": 0.31,
            "eps_growth_year": -57.55,
            "eps_4q": 1.84,
            "eps_4q_growth_year": 7.21,
            "roe": 2.77,
            "roe_4q": 17.14,
            "gross_profit": 43024,
            "gross_margin": 2.72,
            "gross_margin_4q_avg": 4.54,
            "net_income": 28346,
            "net_income_4q": null,
            "revenue": 1580199,
            "revenue_4q": null,
            "common_shares": 784524,
            "book_valuer_per_share": 13.01,
            "book_valuer_per_share_4q_avg": 12.54,
            "equity": 1020579,
            "current_ratio": 182.76,
            "debt_ratio": 37.47,
            "inventory_turnover_ratio": 1.74,
            "account_receivable_turnover_ratio": 10.21,
            "reinvestment_rate": null,
            "research_to_sale_ratio": null,
            "price_fair": 67.2,
            "eps_avg_yearly": 1.92,
            "eps_latest_yearly": 1.24,
            "eps_growth_yearly": 43.79
        },
        "20113": {
            "year_quarter": 20113,
            "year": 2011,
            "quarter": 3,
            "eps": 0.05,
            "eps_growth_year": -86.27,
            "eps_4q": 1.57,
            "eps_4q_growth_year": -9.85,
            "roe": 0.44,
            "roe_4q": 14.46,
            "gross_profit": 40330,
            "gross_margin": 3.01,
            "gross_margin_4q_avg": 4.2,
            "net_income": 4478,
            "net_income_4q": null,
            "revenue": 1340012,
            "revenue_4q": null,
            "common_shares": 902203,
            "book_valuer_per_share": 11.41,
            "book_valuer_per_share_4q_avg": 12.46,
            "equity": 1029011,
            "current_ratio": 173.62,
            "debt_ratio": 39.54,
            "inventory_turnover_ratio": 1.6,
            "account_receivable_turnover_ratio": 8.44,
            "reinvestment_rate": null,
            "research_to_sale_ratio": null,
            "price_fair": 20.14,
            "eps_avg_yearly": 1.73,
            "eps_latest_yearly": 0.2,
            "eps_growth_yearly": 1.65
        },
        "20114": {
            "year_quarter": 20114,
            "year": 2011,
            "quarter": 4,
            "eps": 0.05,
            "eps_growth_year": -92.44,
            "eps_4q": 1.01,
            "eps_4q_growth_year": -53.88,
            "roe": 0.47,
            "roe_4q": 9.09,
            "gross_profit": 22243,
            "gross_margin": 1.81,
            "gross_margin_4q_avg": 3.29,
            "net_income": 4806,
            "net_income_4q": null,
            "revenue": 1232099,
            "revenue_4q": null,
            "common_shares": 902203,
            "book_valuer_per_share": 11.44,
            "book_valuer_per_share_4q_avg": 12.23,
            "equity": 1032336,
            "current_ratio": 169.32,
            "debt_ratio": 41.06,
            "inventory_turnover_ratio": 1.44,
            "account_receivable_turnover_ratio": 8.88,
            "reinvestment_rate": null,
            "research_to_sale_ratio": null,
            "price_fair": 18.1,
            "eps_avg_yearly": 1.58,
            "eps_latest_yearly": 0.2,
            "eps_growth_yearly": 1.49
        },
        "20121": {
            "year_quarter": 20121,
            "year": 2012,
            "quarter": 1,
            "eps": -0.27,
            "eps_growth_year": -139.13,
            "eps_4q": 0.15,
            "eps_4q_growth_year": -93.96,
            "roe": -2.36,
            "roe_4q": 1.32,
            "gross_profit": -10992,
            "gross_margin": -0.85,
            "gross_margin_4q_avg": 1.67,
            "net_income": -24051,
            "net_income_4q": null,
            "revenue": 1287257,
            "revenue_4q": null,
            "common_shares": 902203,
            "book_valuer_per_share": 11.15,
            "book_valuer_per_share_4q_avg": 11.75,
            "equity": 1006052,
            "current_ratio": 170.89,
            "debt_ratio": 39.86,
            "inventory_turnover_ratio": 1.43,
            "account_receivable_turnover_ratio": 13.89,
            "reinvestment_rate": null,
            "research_to_sale_ratio": null,
            "price_fair": 18.1,
            "eps_avg_yearly": 1.58,
            "eps_latest_yearly": 0.2,
            "eps_growth_yearly": 1.49
        },
        "20122": {
            "year_quarter": 20122,
            "year": 2012,
            "quarter": 2,
            "eps": -0.02,
            "eps_growth_year": -105.22,
            "eps_4q": -0.18,
            "eps_4q_growth_year": -109.79,
            "roe": -0.15,
            "roe_4q": -1.6,
            "gross_profit": 17233,
            "gross_margin": 1.65,
            "gross_margin_4q_avg": 1.41,
            "net_income": -1479,
            "net_income_4q": null,
            "revenue": 1045773,
            "revenue_4q": null,
            "common_shares": 902203,
            "book_valuer_per_share": 10.35,
            "book_valuer_per_share_4q_avg": 11.09,
            "equity": 933477,
            "current_ratio": 190.63,
            "debt_ratio": 38.63,
            "inventory_turnover_ratio": 1.23,
            "account_receivable_turnover_ratio": 13.79,
            "reinvestment_rate": null,
            "research_to_sale_ratio": null,
            "price_fair": 18.1,
            "eps_avg_yearly": 1.58,
            "eps_latest_yearly": 0.2,
            "eps_growth_yearly": 1.49
        },
        "20123": {
            "year_quarter": 20123,
            "year": 2012,
            "quarter": 3,
            "eps": 1.49,
            "eps_growth_year": 2903.31,
            "eps_4q": 1.26,
            "eps_4q_growth_year": -19.89,
            "roe": 13.45,
            "roe_4q": 11.41,
            "gross_profit": 20777,
            "gross_margin": 2.05,
            "gross_margin_4q_avg": 1.17,
            "net_income": 134488,
            "net_income_4q": null,
            "revenue": 1011407,
            "revenue_4q": null,
            "common_shares": 902203,
            "book_valuer_per_share": 11.82,
            "book_valuer_per_share_4q_avg": 11.19,
            "equity": 1066329,
            "current_ratio": 568.5,
            "debt_ratio": 12.42,
            "inventory_turnover_ratio": 1.43,
            "account_receivable_turnover_ratio": 16.08,
            "reinvestment_rate": -17.71,
            "research_to_sale_ratio": null,
            "price_fair": 18.1,
            "eps_avg_yearly": 1.58,
            "eps_latest_yearly": 0.2,
            "eps_growth_yearly": 1.49
        },
        "20124": {
            "year_quarter": 20124,
            "year": 2012,
            "quarter": 4,
            "eps": 0.12,
            "eps_growth_year": 124.76,
            "eps_4q": 1.33,
            "eps_4q_growth_year": 30.78,
            "roe": 1.01,
            "roe_4q": 11.95,
            "gross_profit": 32324,
            "gross_margin": 3.43,
            "gross_margin_4q_avg": 1.57,
            "net_income": 10802,
            "net_income_4q": null,
            "revenue": 942440,
            "revenue_4q": null,
            "common_shares": 902203,
            "book_valuer_per_share": 11.93,
            "book_valuer_per_share_4q_avg": 11.31,
            "equity": 1076372,
            "current_ratio": 413.9,
            "debt_ratio": 17.31,
            "inventory_turnover_ratio": 1.39,
            "account_receivable_turnover_ratio": 15.79,
            "reinvestment_rate": 19.16,
            "research_to_sale_ratio": null,
            "price_fair": 4.43,
            "eps_avg_yearly": 1.48,
            "eps_latest_yearly": 0.48,
            "eps_growth_yearly": -32.08
        },
        "20131": {
            "year_quarter": 20131,
            "year": 2013,
            "quarter": 1,
            "eps": 0.51,
            "eps_growth_year": null,
            "eps_4q": 2.1,
            "eps_4q_growth_year": 1295.28,
            "roe": 4.16,
            "roe_4q": 18.47,
            "gross_profit": 70847,
            "gross_margin": 7.54,
            "gross_margin_4q_avg": 3.67,
            "net_income": 45654,
            "net_income_4q": null,
            "revenue": 939739,
            "revenue_4q": null,
            "common_shares": 902203,
            "book_valuer_per_share": 12.41,
            "book_valuer_per_share_4q_avg": 11.63,
            "equity": 1119780,
            "current_ratio": 376.58,
            "debt_ratio": 20.01,
            "inventory_turnover_ratio": 1.19,
            "account_receivable_turnover_ratio": 14.69,
            "reinvestment_rate": -1.94,
            "research_to_sale_ratio": null,
            "price_fair": 53.32,
            "eps_avg_yearly": 1.52,
            "eps_latest_yearly": 2.04,
            "eps_growth_yearly": 78.92
        },
        "20132": {
            "year_quarter": 20132,
            "year": 2013,
            "quarter": 2,
            "eps": -0.08,
            "eps_growth_year": null,
            "eps_4q": 2.04,
            "eps_4q_growth_year": null,
            "roe": -0.61,
            "roe_4q": 18.009999999999998,
            "gross_profit": 5758,
            "gross_margin": 0.75,
            "gross_margin_4q_avg": 3.44,
            "net_income": -6459,
            "net_income_4q": null,
            "revenue": 767012,
            "revenue_4q": null,
            "common_shares": 902203,
            "book_valuer_per_share": 11.24,
            "book_valuer_per_share_4q_avg": 11.85,
            "equity": 1014079,
            "current_ratio": 448.79,
            "debt_ratio": 16.23,
            "inventory_turnover_ratio": 1.17,
            "account_receivable_turnover_ratio": 8.18,
            "reinvestment_rate": -2.39,
            "research_to_sale_ratio": null,
            "price_fair": 53.32,
            "eps_avg_yearly": 1.52,
            "eps_latest_yearly": 2.04,
            "eps_growth_yearly": 78.92
        },
        "20133": {
            "year_quarter": 20133,
            "year": 2013,
            "quarter": 3,
            "eps": 0.24,
            "eps_growth_year": -83.9,
            "eps_4q": 0.79,
            "eps_4q_growth_year": -37.55,
            "roe": 2.05,
            "roe_4q": 6.609999999999999,
            "gross_profit": 39416,
            "gross_margin": 6.81,
            "gross_margin_4q_avg": 4.63,
            "net_income": 21053,
            "net_income_4q": null,
            "revenue": 578512,
            "revenue_4q": null,
            "common_shares": 902203,
            "book_valuer_per_share": 11.47,
            "book_valuer_per_share_4q_avg": 11.76,
            "equity": 1035132,
            "current_ratio": 810.03,
            "debt_ratio": 9.6,
            "inventory_turnover_ratio": 1.01,
            "account_receivable_turnover_ratio": 5.4,
            "reinvestment_rate": -3.01,
            "research_to_sale_ratio": null,
            "price_fair": 53.71,
            "eps_avg_yearly": 1.53,
            "eps_latest_yearly": 2.04,
            "eps_growth_yearly": 88.97
        },
        "20134": {
            "year_quarter": 20134,
            "year": 2013,
            "quarter": 4,
            "eps": 0.1,
            "eps_growth_year": -14.83,
            "eps_4q": 0.77,
            "eps_4q_growth_year": -42.01,
            "roe": 0.88,
            "roe_4q": 6.48,
            "gross_profit": 27026,
            "gross_margin": 4.57,
            "gross_margin_4q_avg": 4.92,
            "net_income": 9200,
            "net_income_4q": null,
            "revenue": 591896,
            "revenue_4q": null,
            "common_shares": 902203,
            "book_valuer_per_share": 11.59,
            "book_valuer_per_share_4q_avg": 11.68,
            "equity": 1045379,
            "current_ratio": 1169.8,
            "debt_ratio": 7.05,
            "inventory_turnover_ratio": 1.03,
            "account_receivable_turnover_ratio": 6.99,
            "reinvestment_rate": -28.24,
            "research_to_sale_ratio": null,
            "price_fair": 51.55,
            "eps_avg_yearly": 1.47,
            "eps_latest_yearly": 0.4,
            "eps_growth_yearly": 76.07
        },
        "20141": {
            "year_quarter": 20141,
            "year": 2014,
            "quarter": 1,
            "eps": 0.15,
            "eps_growth_year": -70.59,
            "eps_4q": 0.42,
            "eps_4q_growth_year": -80.12,
            "roe": 1.32,
            "roe_4q": 3.64,
            "gross_profit": 29452,
            "gross_margin": 5.46,
            "gross_margin_4q_avg": 4.4,
            "net_income": 13875,
            "net_income_4q": null,
            "revenue": 539525,
            "revenue_4q": null,
            "common_shares": 902203,
            "book_valuer_per_share": 11.74,
            "book_valuer_per_share_4q_avg": 11.51,
            "equity": 1059254,
            "current_ratio": 366.85,
            "debt_ratio": 20.33,
            "inventory_turnover_ratio": 0.81,
            "account_receivable_turnover_ratio": 5.81,
            "reinvestment_rate": -28.29,
            "research_to_sale_ratio": null,
            "price_fair": 48.11,
            "eps_avg_yearly": 1.37,
            "eps_latest_yearly": 0.6,
            "eps_growth_yearly": 74.05
        },
        "20142": {
            "year_quarter": 20142,
            "year": 2014,
            "quarter": 2,
            "eps": 0.25,
            "eps_growth_year": null,
            "eps_4q": 0.73,
            "eps_4q_growth_year": -64.26,
            "roe": 2.1,
            "roe_4q": 6.35,
            "gross_profit": 38229,
            "gross_margin": 5.46,
            "gross_margin_4q_avg": 5.58,
            "net_income": 21806,
            "net_income_4q": null,
            "revenue": 699940,
            "revenue_4q": null,
            "common_shares": 902203,
            "book_valuer_per_share": 11.28,
            "book_valuer_per_share_4q_avg": 11.52,
            "equity": 1017906,
            "current_ratio": 248.22,
            "debt_ratio": 30.6,
            "inventory_turnover_ratio": 0.89,
            "account_receivable_turnover_ratio": 5.82,
            "reinvestment_rate": -31.24,
            "research_to_sale_ratio": null,
            "price_fair": 41.87,
            "eps_avg_yearly": 1.2,
            "eps_latest_yearly": 1,
            "eps_growth_yearly": 70.58
        },
        "20143": {
            "year_quarter": 20143,
            "year": 2014,
            "quarter": 3,
            "eps": 0.42,
            "eps_growth_year": 75,
            "eps_4q": 0.92,
            "eps_4q_growth_year": 16.92,
            "roe": 3.68,
            "roe_4q": 7.98,
            "gross_profit": 62717,
            "gross_margin": 7.31,
            "gross_margin_4q_avg": 5.7,
            "net_income": 38192,
            "net_income_4q": null,
            "revenue": 857555,
            "revenue_4q": null,
            "common_shares": 902203,
            "book_valuer_per_share": 11.71,
            "book_valuer_per_share_4q_avg": 11.58,
            "equity": 1056098,
            "current_ratio": 235.27,
            "debt_ratio": 32.99,
            "inventory_turnover_ratio": 0.9,
            "account_receivable_turnover_ratio": 6.74,
            "reinvestment_rate": -29.92,
            "research_to_sale_ratio": null,
            "price_fair": 42.64,
            "eps_avg_yearly": 1.22,
            "eps_latest_yearly": 1.68,
            "eps_growth_yearly": 113.99
        },
        "20144": {
            "year_quarter": 20144,
            "year": 2014,
            "quarter": 4,
            "eps": -0.62,
            "eps_growth_year": -709.67,
            "eps_4q": 0.2,
            "eps_4q_growth_year": -74.39,
            "roe": -5.46,
            "roe_4q": 1.6400000000000003,
            "gross_profit": 16864,
            "gross_margin": 2.6,
            "gross_margin_4q_avg": 5.21,
            "net_income": -56090,
            "net_income_4q": null,
            "revenue": 647832,
            "revenue_4q": null,
            "common_shares": 902203,
            "book_valuer_per_share": 11.07,
            "book_valuer_per_share_4q_avg": 11.45,
            "equity": 998733,
            "current_ratio": 306.89,
            "debt_ratio": 26.11,
            "inventory_turnover_ratio": 0.7,
            "account_receivable_turnover_ratio": 6,
            "reinvestment_rate": -69.87,
            "research_to_sale_ratio": null,
            "price_fair": 37.1,
            "eps_avg_yearly": 1.06,
            "eps_latest_yearly": 1.68,
            "eps_growth_yearly": 87.61
        },
        "20151": {
            "year_quarter": 20151,
            "year": 2015,
            "quarter": 1,
            "eps": -0.4,
            "eps_growth_year": -366.67,
            "eps_4q": -0.36,
            "eps_4q_growth_year": -185.58,
            "roe": -3.68,
            "roe_4q": -3.3600000000000008,
            "gross_profit": -29038,
            "gross_margin": -5.24,
            "gross_margin_4q_avg": 2.53,
            "net_income": -36145,
            "net_income_4q": null,
            "revenue": 554224,
            "revenue_4q": null,
            "common_shares": 902203,
            "book_valuer_per_share": 10.73,
            "book_valuer_per_share_4q_avg": 11.2,
            "equity": 967765,
            "current_ratio": 355.71,
            "debt_ratio": 22,
            "inventory_turnover_ratio": 0.75,
            "account_receivable_turnover_ratio": 6.97,
            "reinvestment_rate": -100.12,
            "research_to_sale_ratio": null,
            "price_fair": 30.49,
            "eps_avg_yearly": 0.87,
            "eps_latest_yearly": 1.68,
            "eps_growth_yearly": 97.97
        },
        "20152": {
            "year_quarter": 20152,
            "year": 2015,
            "quarter": 2,
            "eps": 0.02,
            "eps_growth_year": -92,
            "eps_4q": -0.58,
            "eps_4q_growth_year": -179.39,
            "roe": 0.18,
            "roe_4q": -5.280000000000001,
            "gross_profit": 17800,
            "gross_margin": 3.13,
            "gross_margin_4q_avg": 1.95,
            "net_income": 1701,
            "net_income_4q": null,
            "revenue": 568902,
            "revenue_4q": null,
            "common_shares": 902203,
            "book_valuer_per_share": 10.53,
            "book_valuer_per_share_4q_avg": 11.01,
            "equity": 949670,
            "current_ratio": 360.47,
            "debt_ratio": 21.74,
            "inventory_turnover_ratio": 0.75,
            "account_receivable_turnover_ratio": 10.71,
            "reinvestment_rate": -117.83,
            "research_to_sale_ratio": null,
            "price_fair": 28.88,
            "eps_avg_yearly": 0.83,
            "eps_latest_yearly": 1.68,
            "eps_growth_yearly": 137.76
        },
        "20153": {
            "year_quarter": 20153,
            "year": 2015,
            "quarter": 3,
            "eps": -0.23,
            "eps_growth_year": -154.76,
            "eps_4q": -1.23,
            "eps_4q_growth_year": -233.94,
            "roe": -2.21,
            "roe_4q": -11.17,
            "gross_profit": -15245,
            "gross_margin": -3.31,
            "gross_margin_4q_avg": -0.71,
            "net_income": -20734,
            "net_income_4q": null,
            "revenue": 460724,
            "revenue_4q": null,
            "common_shares": 902203,
            "book_valuer_per_share": 10.3,
            "book_valuer_per_share_4q_avg": 10.66,
            "equity": 928836,
            "current_ratio": 383.53,
            "debt_ratio": 20.3,
            "inventory_turnover_ratio": 0.7,
            "account_receivable_turnover_ratio": 7.23,
            "reinvestment_rate": -150.69,
            "research_to_sale_ratio": null,
            "price_fair": 32,
            "eps_avg_yearly": 0.91,
            "eps_latest_yearly": 1.68,
            "eps_growth_yearly": 205.36
        },
        "20154": {
            "year_quarter": 20154,
            "year": 2015,
            "quarter": 4,
            "eps": -0.12,
            "eps_growth_year": null,
            "eps_4q": -0.73,
            "eps_4q_growth_year": -470.39,
            "roe": -1.16,
            "roe_4q": -6.87,
            "gross_profit": 270,
            "gross_margin": 0.08,
            "gross_margin_4q_avg": -1.34,
            "net_income": -10688,
            "net_income_4q": null,
            "revenue": 344734,
            "revenue_4q": null,
            "common_shares": 902203,
            "book_valuer_per_share": 10.12,
            "book_valuer_per_share_4q_avg": 10.42,
            "equity": 913443,
            "current_ratio": 459.13,
            "debt_ratio": 16.95,
            "inventory_turnover_ratio": 0.55,
            "account_receivable_turnover_ratio": 5.24,
            "reinvestment_rate": -236.35,
            "research_to_sale_ratio": null,
            "price_fair": 36.17,
            "eps_avg_yearly": 1.03,
            "eps_latest_yearly": 1.68,
            "eps_growth_yearly": 239.59
        },
        "20161": {
            "year_quarter": 20161,
            "year": 2016,
            "quarter": 1,
            "eps": 0.11,
            "eps_growth_year": null,
            "eps_4q": -0.22,
            "eps_4q_growth_year": null,
            "roe": 1.09,
            "roe_4q": -2.0999999999999996,
            "gross_profit": 22096,
            "gross_margin": 6.18,
            "gross_margin_4q_avg": 1.52,
            "net_income": 10030,
            "net_income_4q": null,
            "revenue": 357326,
            "revenue_4q": null,
            "common_shares": 902203,
            "book_valuer_per_share": 10.23,
            "book_valuer_per_share_4q_avg": 10.3,
            "equity": 923229,
            "current_ratio": 426.14,
            "debt_ratio": 18.83,
            "inventory_turnover_ratio": 0.53,
            "account_receivable_turnover_ratio": 8.03,
            "reinvestment_rate": -204.8,
            "research_to_sale_ratio": null,
            "price_fair": 36.17,
            "eps_avg_yearly": 1.03,
            "eps_latest_yearly": 1.68,
            "eps_growth_yearly": 239.59
        },
        "20162": {
            "year_quarter": 20162,
            "year": 2016,
            "quarter": 2,
            "eps": 0.21,
            "eps_growth_year": 950,
            "eps_4q": -0.03,
            "eps_4q_growth_year": null,
            "roe": 2.03,
            "roe_4q": -0.24999999999999978,
            "gross_profit": 37885,
            "gross_margin": 6.7,
            "gross_margin_4q_avg": 2.41,
            "net_income": 18934,
            "net_income_4q": null,
            "revenue": 565536,
            "revenue_4q": null,
            "common_shares": 902203,
            "book_valuer_per_share": 10.45,
            "book_valuer_per_share_4q_avg": 10.28,
            "equity": 943121,
            "current_ratio": 390.02,
            "debt_ratio": 20.4,
            "inventory_turnover_ratio": 0.82,
            "account_receivable_turnover_ratio": 7.35,
            "reinvestment_rate": -55.77,
            "research_to_sale_ratio": null,
            "price_fair": 35.2,
            "eps_avg_yearly": 1.01,
            "eps_latest_yearly": 0.84,
            "eps_growth_yearly": 257.31
        },
        "20163": {
            "year_quarter": 20163,
            "year": 2016,
            "quarter": 3,
            "eps": 0.09,
            "eps_growth_year": null,
            "eps_4q": 0.29,
            "eps_4q_growth_year": null,
            "roe": 0.81,
            "roe_4q": 2.7699999999999996,
            "gross_profit": 22372,
            "gross_margin": 3.58,
            "gross_margin_4q_avg": 4.14,
            "net_income": 7637,
            "net_income_4q": null,
            "revenue": 625795,
            "revenue_4q": null,
            "common_shares": 902203,
            "book_valuer_per_share": 10.55,
            "book_valuer_per_share_4q_avg": 10.34,
            "equity": 951401,
            "current_ratio": 740.72,
            "debt_ratio": 11.09,
            "inventory_turnover_ratio": 1.02,
            "account_receivable_turnover_ratio": 5.66,
            "reinvestment_rate": -125.91,
            "research_to_sale_ratio": null,
            "price_fair": 32.38,
            "eps_avg_yearly": 0.93,
            "eps_latest_yearly": 0.36,
            "eps_growth_yearly": 196.58
        },
        "20164": {
            "year_quarter": 20164,
            "year": 2016,
            "quarter": 4,
            "eps": 0.34,
            "eps_growth_year": null,
            "eps_4q": 0.74,
            "eps_4q_growth_year": null,
            "roe": 3.17,
            "roe_4q": 7.1,
            "gross_profit": 52829,
            "gross_margin": 8.55,
            "gross_margin_4q_avg": 6.25,
            "net_income": 30608,
            "net_income_4q": null,
            "revenue": 617540,
            "revenue_4q": null,
            "common_shares": 902203,
            "book_valuer_per_share": 10.84,
            "book_valuer_per_share_4q_avg": 10.52,
            "equity": 977781,
            "current_ratio": 628.99,
            "debt_ratio": 13.18,
            "inventory_turnover_ratio": 0.97,
            "account_receivable_turnover_ratio": 6.03,
            "reinvestment_rate": -215.83,
            "research_to_sale_ratio": null,
            "price_fair": 36.23,
            "eps_avg_yearly": 1.04,
            "eps_latest_yearly": 1.36,
            "eps_growth_yearly": 381.44
        },
        "20171": {
            "year_quarter": 20171,
            "year": 2017,
            "quarter": 1,
            "eps": 0.46,
            "eps_growth_year": 318.18,
            "eps_4q": 1.09,
            "eps_4q_growth_year": null,
            "roe": 4.12,
            "roe_4q": 10.129999999999999,
            "gross_profit": 67903,
            "gross_margin": 10.27,
            "gross_margin_4q_avg": 7.28,
            "net_income": 41195,
            "net_income_4q": null,
            "revenue": 660869,
            "revenue_4q": null,
            "common_shares": 902203,
            "book_valuer_per_share": 11.31,
            "book_valuer_per_share_4q_avg": 10.79,
            "equity": 1020618,
            "current_ratio": 870.96,
            "debt_ratio": 10.24,
            "inventory_turnover_ratio": 0.95,
            "account_receivable_turnover_ratio": 7.99,
            "reinvestment_rate": -123.46,
            "research_to_sale_ratio": null,
            "price_fair": 35.35,
            "eps_avg_yearly": 1.01,
            "eps_latest_yearly": 1.84,
            "eps_growth_yearly": 236.59
        },
        "20172": {
            "year_quarter": 20172,
            "year": 2017,
            "quarter": 2,
            "eps": -0.11,
            "eps_growth_year": -152.38,
            "eps_4q": 0.78,
            "eps_4q_growth_year": null,
            "roe": -0.94,
            "roe_4q": 7.16,
            "gross_profit": 3818,
            "gross_margin": 0.69,
            "gross_margin_4q_avg": 5.77,
            "net_income": -9323,
            "net_income_4q": null,
            "revenue": 554290,
            "revenue_4q": null,
            "common_shares": 902203,
            "book_valuer_per_share": 10.61,
            "book_valuer_per_share_4q_avg": 10.83,
            "equity": 957358,
            "current_ratio": 466.7,
            "debt_ratio": 17.81,
            "inventory_turnover_ratio": 0.85,
            "account_receivable_turnover_ratio": 9.23,
            "reinvestment_rate": -136.84,
            "research_to_sale_ratio": null,
            "price_fair": 35.35,
            "eps_avg_yearly": 1.01,
            "eps_latest_yearly": 1.84,
            "eps_growth_yearly": 236.59
        },
        "20173": {
            "year_quarter": 20173,
            "year": 2017,
            "quarter": 3,
            "eps": 0.08,
            "eps_growth_year": -11.11,
            "eps_4q": 0.77,
            "eps_4q_growth_year": 169.57,
            "roe": 0.77,
            "roe_4q": 7.12,
            "gross_profit": 22013,
            "gross_margin": 4.04,
            "gross_margin_4q_avg": 5.89,
            "net_income": 7374,
            "net_income_4q": null,
            "revenue": 544480,
            "revenue_4q": null,
            "common_shares": 902203,
            "book_valuer_per_share": 10.69,
            "book_valuer_per_share_4q_avg": 10.86,
            "equity": 964086,
            "current_ratio": 805.51,
            "debt_ratio": 10.84,
            "inventory_turnover_ratio": 0.85,
            "account_receivable_turnover_ratio": 8.85,
            "reinvestment_rate": -143.03,
            "research_to_sale_ratio": null,
            "price_fair": 35.35,
            "eps_avg_yearly": 1.01,
            "eps_latest_yearly": 1.84,
            "eps_growth_yearly": 236.59
        },
        "20174": {
            "year_quarter": 20174,
            "year": 2017,
            "quarter": 4,
            "eps": 0.23,
            "eps_growth_year": -32.99,
            "eps_4q": 0.66,
            "eps_4q_growth_year": -11.09,
            "roe": 2.11,
            "roe_4q": 6.0600000000000005,
            "gross_profit": 43074,
            "gross_margin": 8.17,
            "gross_margin_4q_avg": 5.79,
            "net_income": 20510,
            "net_income_4q": null,
            "revenue": 527245,
            "revenue_4q": null,
            "common_shares": 902203,
            "book_valuer_per_share": 10.91,
            "book_valuer_per_share_4q_avg": 10.88,
            "equity": 984096,
            "current_ratio": 628.01,
            "debt_ratio": 13.65,
            "inventory_turnover_ratio": 0.81,
            "account_receivable_turnover_ratio": 10.05,
            "reinvestment_rate": -122.03,
            "research_to_sale_ratio": null,
            "price_fair": 37.63,
            "eps_avg_yearly": 1.08,
            "eps_latest_yearly": 0.92,
            "eps_growth_yearly": 359.5
        },
        "20181": {
            "year_quarter": 20181,
            "year": 2018,
            "quarter": 1,
            "eps": 0.23,
            "eps_growth_year": -50,
            "eps_4q": 0.43,
            "eps_4q_growth_year": -60.43,
            "roe": 2.05,
            "roe_4q": 3.9899999999999998,
            "gross_profit": 39530,
            "gross_margin": 6.35,
            "gross_margin_4q_avg": 4.81,
            "net_income": 20366,
            "net_income_4q": null,
            "revenue": 622590,
            "revenue_4q": null,
            "common_shares": 902203,
            "book_valuer_per_share": 11.15,
            "book_valuer_per_share_4q_avg": 10.84,
            "equity": 1006224,
            "current_ratio": 523.34,
            "debt_ratio": 16.03,
            "inventory_turnover_ratio": 0.9,
            "account_receivable_turnover_ratio": 9.02,
            "reinvestment_rate": -141.85,
            "research_to_sale_ratio": null,
            "price_fair": 39.03,
            "eps_avg_yearly": 1.12,
            "eps_latest_yearly": 0.92,
            "eps_growth_yearly": 334.5
        },
        "20182": {
            "year_quarter": 20182,
            "year": 2018,
            "quarter": 2,
            "eps": 0.32,
            "eps_growth_year": null,
            "eps_4q": 0.86,
            "eps_4q_growth_year": 10.56,
            "roe": 2.95,
            "roe_4q": 7.879999999999999,
            "gross_profit": 55017,
            "gross_margin": 7.16,
            "gross_margin_4q_avg": 6.43,
            "net_income": 29272,
            "net_income_4q": null,
            "revenue": 768091,
            "revenue_4q": null,
            "common_shares": 902203,
            "book_valuer_per_share": 10.81,
            "book_valuer_per_share_4q_avg": 10.89,
            "equity": 975078,
            "current_ratio": 277.41,
            "debt_ratio": 29.84,
            "inventory_turnover_ratio": 0.96,
            "account_receivable_turnover_ratio": 5.69,
            "reinvestment_rate": -132.61,
            "research_to_sale_ratio": null,
            "price_fair": 40.25,
            "eps_avg_yearly": 1.15,
            "eps_latest_yearly": 1.28,
            "eps_growth_yearly": 320.73
        },
        "20183": {
            "year_quarter": 20183,
            "year": 2018,
            "quarter": 3,
            "eps": 0.39,
            "eps_growth_year": 387.5,
            "eps_4q": 1.17,
            "eps_4q_growth_year": 50.87,
            "roe": 3.55,
            "roe_4q": 10.66,
            "gross_profit": 65944,
            "gross_margin": 8.09,
            "gross_margin_4q_avg": 7.44,
            "net_income": 35243,
            "net_income_4q": null,
            "revenue": 815207,
            "revenue_4q": null,
            "common_shares": 902203,
            "book_valuer_per_share": 11.2,
            "book_valuer_per_share_4q_avg": 11.02,
            "equity": 1010821,
            "current_ratio": 335.23,
            "debt_ratio": 24.78,
            "inventory_turnover_ratio": 0.95,
            "account_receivable_turnover_ratio": 4.87,
            "reinvestment_rate": -136.2,
            "research_to_sale_ratio": null,
            "price_fair": 39.73,
            "eps_avg_yearly": 1.14,
            "eps_latest_yearly": 1.56,
            "eps_growth_yearly": 297.67
        },
        "20184": {
            "year_quarter": 20184,
            "year": 2018,
            "quarter": 4,
            "eps": 0.1,
            "eps_growth_year": -54.67,
            "eps_4q": 1.04,
            "eps_4q_growth_year": 57.61,
            "roe": 0.92,
            "roe_4q": 9.469999999999999,
            "gross_profit": 33288,
            "gross_margin": 4.75,
            "gross_margin_4q_avg": 6.59,
            "net_income": 9298,
            "net_income_4q": null,
            "revenue": 700669,
            "revenue_4q": null,
            "common_shares": 902203,
            "book_valuer_per_share": 11.28,
            "book_valuer_per_share_4q_avg": 11.11,
            "equity": 1018066,
            "current_ratio": 363.88,
            "debt_ratio": 23.06,
            "inventory_turnover_ratio": 0.89,
            "account_receivable_turnover_ratio": 5.48,
            "reinvestment_rate": -23.89,
            "research_to_sale_ratio": null,
            "price_fair": 36.87,
            "eps_avg_yearly": 1.05,
            "eps_latest_yearly": 0.4,
            "eps_growth_yearly": 231.55
        },
        "20191": {
            "year_quarter": 20191,
            "year": 2019,
            "quarter": 1,
            "eps": -0.14,
            "eps_growth_year": -160.87,
            "eps_4q": 0.68,
            "eps_4q_growth_year": 58.09,
            "roe": -1.21,
            "roe_4q": 6.21,
            "gross_profit": 2721,
            "gross_margin": 0.5,
            "gross_margin_4q_avg": 5.13,
            "net_income": -12273,
            "net_income_4q": null,
            "revenue": 539624,
            "revenue_4q": null,
            "common_shares": 902203,
            "book_valuer_per_share": 11.18,
            "book_valuer_per_share_4q_avg": 11.12,
            "equity": 1008527,
            "current_ratio": 399.49,
            "debt_ratio": 20.78,
            "inventory_turnover_ratio": 0.73,
            "account_receivable_turnover_ratio": 6,
            "reinvestment_rate": -22.36,
            "research_to_sale_ratio": null,
            "price_fair": 36.87,
            "eps_avg_yearly": 1.05,
            "eps_latest_yearly": 0.4,
            "eps_growth_yearly": 231.55
        },
        "20192": {
            "year_quarter": 20192,
            "year": 2019,
            "quarter": 2,
            "eps": 0.12,
            "eps_growth_year": -62.5,
            "eps_4q": 0.47,
            "eps_4q_growth_year": -44.77,
            "roe": 1.08,
            "roe_4q": 4.34,
            "gross_profit": 30890,
            "gross_margin": 5.14,
            "gross_margin_4q_avg": 4.62,
            "net_income": 10544,
            "net_income_4q": null,
            "revenue": 601248,
            "revenue_4q": null,
            "common_shares": 902203,
            "book_valuer_per_share": 10.4,
            "book_valuer_per_share_4q_avg": 11.02,
            "equity": 938123,
            "current_ratio": 385.32,
            "debt_ratio": 21.95,
            "inventory_turnover_ratio": 0.83,
            "account_receivable_turnover_ratio": 8.51,
            "reinvestment_rate": -17.96,
            "research_to_sale_ratio": null,
            "price_fair": 36.87,
            "eps_avg_yearly": 1.05,
            "eps_latest_yearly": 0.4,
            "eps_growth_yearly": 231.55
        },
        "20193": {
            "year_quarter": 20193,
            "year": 2019,
            "quarter": 3,
            "eps": 0.02,
            "eps_growth_year": -94.87,
            "eps_4q": 0.1,
            "eps_4q_growth_year": -91.12,
            "roe": 0.19,
            "roe_4q": 0.9800000000000001,
            "gross_profit": 18911,
            "gross_margin": 3.5,
            "gross_margin_4q_avg": 3.47,
            "net_income": 1791,
            "net_income_4q": null,
            "revenue": 540928,
            "revenue_4q": null,
            "common_shares": 902203,
            "book_valuer_per_share": 10.42,
            "book_valuer_per_share_4q_avg": 10.82,
            "equity": 940283,
            "current_ratio": 388.77,
            "debt_ratio": 21.45,
            "inventory_turnover_ratio": 0.78,
            "account_receivable_turnover_ratio": 7.41,
            "reinvestment_rate": -14.87,
            "research_to_sale_ratio": null,
            "price_fair": 33.46,
            "eps_avg_yearly": 0.96,
            "eps_latest_yearly": 0.08,
            "eps_growth_yearly": 175.06
        },
        "20194": {
            "year_quarter": 20194,
            "year": 2019,
            "quarter": 4,
            "eps": 0.13,
            "eps_growth_year": 22.1,
            "eps_4q": 0.13,
            "eps_4q_growth_year": -87.88,
            "roe": 1.2,
            "roe_4q": 1.2599999999999998,
            "gross_profit": 33729,
            "gross_margin": 5.32,
            "gross_margin_4q_avg": 3.62,
            "net_income": 11353,
            "net_income_4q": null,
            "revenue": 634340,
            "revenue_4q": null,
            "common_shares": 902203,
            "book_valuer_per_share": 10.57,
            "book_valuer_per_share_4q_avg": 10.64,
            "equity": 953423,
            "current_ratio": 317.65,
            "debt_ratio": 26.52,
            "inventory_turnover_ratio": 0.86,
            "account_receivable_turnover_ratio": 5.19,
            "reinvestment_rate": -17.08,
            "research_to_sale_ratio": null,
            "price_fair": 32.07,
            "eps_avg_yearly": 0.92,
            "eps_latest_yearly": 0.52,
            "eps_growth_yearly": 359.15
        },
        "20201": {
            "year_quarter": 20201,
            "year": 2020,
            "quarter": 1,
            "eps": -0.15,
            "eps_growth_year": null,
            "eps_4q": 0.11,
            "eps_4q_growth_year": -83.54,
            "roe": -1.44,
            "roe_4q": 1.03,
            "gross_profit": -613,
            "gross_margin": -0.11,
            "gross_margin_4q_avg": 3.46,
            "net_income": -13561,
            "net_income_4q": null,
            "revenue": 555863,
            "revenue_4q": null,
            "common_shares": 902203,
            "book_valuer_per_share": 10.36,
            "book_valuer_per_share_4q_avg": 10.44,
            "equity": 934528,
            "current_ratio": 294.57,
            "debt_ratio": 26.54,
            "inventory_turnover_ratio": 0.77,
            "account_receivable_turnover_ratio": 5.05,
            "reinvestment_rate": -4.56,
            "research_to_sale_ratio": null,
            "price_fair": 32.07,
            "eps_avg_yearly": 0.92,
            "eps_latest_yearly": 0.52,
            "eps_growth_yearly": 359.15
        },
        "20202": {
            "year_quarter": 20202,
            "year": 2020,
            "quarter": 2,
            "eps": -0.01,
            "eps_growth_year": -108.33,
            "eps_4q": -0.02,
            "eps_4q_growth_year": -103.17,
            "roe": -0.1,
            "roe_4q": -0.15000000000000008,
            "gross_profit": 14554,
            "gross_margin": 2.38,
            "gross_margin_4q_avg": 2.77,
            "net_income": -942,
            "net_income_4q": null,
            "revenue": 612090,
            "revenue_4q": null,
            "common_shares": 902203,
            "book_valuer_per_share": 10.22,
            "book_valuer_per_share_4q_avg": 10.39,
            "equity": 922061,
            "current_ratio": 321.67,
            "debt_ratio": 24.65,
            "inventory_turnover_ratio": 0.86,
            "account_receivable_turnover_ratio": 7.76,
            "reinvestment_rate": -12.61,
            "research_to_sale_ratio": null,
            "price_fair": 32.34,
            "eps_avg_yearly": 0.92,
            "eps_latest_yearly": 0.52,
            "eps_growth_yearly": 358.7
        },
        "20203": {
            "year_quarter": 20203,
            "year": 2020,
            "quarter": 3,
            "eps": 0.04,
            "eps_growth_year": 100,
            "eps_4q": 0.01,
            "eps_4q_growth_year": -93.84,
            "roe": 0.4,
            "roe_4q": 0.06000000000000005,
            "gross_profit": 18290,
            "gross_margin": 4.21,
            "gross_margin_4q_avg": 2.95,
            "net_income": 3727,
            "net_income_4q": null,
            "revenue": 434932,
            "revenue_4q": null,
            "common_shares": 902203,
            "book_valuer_per_share": 10.26,
            "book_valuer_per_share_4q_avg": 10.35,
            "equity": 925376,
            "current_ratio": 673.77,
            "debt_ratio": 11.8,
            "inventory_turnover_ratio": 0.68,
            "account_receivable_turnover_ratio": 6.94,
            "reinvestment_rate": -20.48,
            "research_to_sale_ratio": null,
            "price_fair": 34.53,
            "eps_avg_yearly": 0.99,
            "eps_latest_yearly": 0.52,
            "eps_growth_yearly": 423.95
        },
        "20204": {
            "year_quarter": 20204,
            "year": 2020,
            "quarter": 4,
            "eps": 0.13,
            "eps_growth_year": 5.42,
            "eps_4q": 0.01,
            "eps_4q_growth_year": -89.56,
            "roe": 1.28,
            "roe_4q": 0.14000000000000012,
            "gross_profit": 27162,
            "gross_margin": 6.32,
            "gross_margin_4q_avg": 3.2,
            "net_income": 11968,
            "net_income_4q": null,
            "revenue": 429812,
            "revenue_4q": null,
            "common_shares": 902203,
            "book_valuer_per_share": 10.4,
            "book_valuer_per_share_4q_avg": 10.31,
            "equity": 938258,
            "current_ratio": 491.65,
            "debt_ratio": 16.02,
            "inventory_turnover_ratio": 0.71,
            "account_receivable_turnover_ratio": 5.88,
            "reinvestment_rate": -20.12,
            "research_to_sale_ratio": null,
            "price_fair": 31.27,
            "eps_avg_yearly": 0.89,
            "eps_latest_yearly": 0.52,
            "eps_growth_yearly": 400.49
        },
        "20211": {
            "year_quarter": 20211,
            "year": 2021,
            "quarter": 1,
            "eps": 0.07,
            "eps_growth_year": null,
            "eps_4q": 0.24,
            "eps_4q_growth_year": 110.92,
            "roe": 0.7,
            "roe_4q": 2.28,
            "gross_profit": 25293,
            "gross_margin": 6.17,
            "gross_margin_4q_avg": 4.77,
            "net_income": 6607,
            "net_income_4q": null,
            "revenue": 409956,
            "revenue_4q": null,
            "common_shares": 902203,
            "book_valuer_per_share": 10.48,
            "book_valuer_per_share_4q_avg": 10.34,
            "equity": 945105,
            "current_ratio": 917.18,
            "debt_ratio": 8.7,
            "inventory_turnover_ratio": 0.73,
            "account_receivable_turnover_ratio": 5.33,
            "reinvestment_rate": -18.55,
            "research_to_sale_ratio": null,
            "price_fair": 25.2,
            "eps_avg_yearly": 0.72,
            "eps_latest_yearly": 0.28,
            "eps_growth_yearly": 364.29
        },
        "20212": {
            "year_quarter": 20212,
            "year": 2021,
            "quarter": 2,
            "eps": 0.42,
            "eps_growth_year": null,
            "eps_4q": 0.66,
            "eps_4q_growth_year": null,
            "roe": 3.87,
            "roe_4q": 6.250000000000001,
            "gross_profit": 58787,
            "gross_margin": 8.57,
            "gross_margin_4q_avg": 6.32,
            "net_income": 37397,
            "net_income_4q": null,
            "revenue": 685988,
            "revenue_4q": null,
            "common_shares": 902203,
            "book_valuer_per_share": 10.94,
            "book_valuer_per_share_4q_avg": 10.52,
            "equity": 986639,
            "current_ratio": 356.06,
            "debt_ratio": 22.58,
            "inventory_turnover_ratio": 1.15,
            "account_receivable_turnover_ratio": 5.71,
            "reinvestment_rate": -8.72,
            "research_to_sale_ratio": null,
            "price_fair": 28.56,
            "eps_avg_yearly": 0.82,
            "eps_latest_yearly": 1.68,
            "eps_growth_yearly": 527.86
        },
        "20213": {
            "year_quarter": 20213,
            "year": 2021,
            "quarter": 3,
            "eps": 0.44,
            "eps_growth_year": 1000,
            "eps_4q": 1.06,
            "eps_4q_growth_year": 16549.37,
            "roe": 3.98,
            "roe_4q": 9.829999999999998,
            "gross_profit": 69180,
            "gross_margin": 10.8,
            "gross_margin_4q_avg": 7.97,
            "net_income": 40088,
            "net_income_4q": null,
            "revenue": 640694,
            "revenue_4q": null,
            "common_shares": 902203,
            "book_valuer_per_share": 11.41,
            "book_valuer_per_share_4q_avg": 10.81,
            "equity": 1029078,
            "current_ratio": 211.4,
            "debt_ratio": 39.97,
            "inventory_turnover_ratio": 0.65,
            "account_receivable_turnover_ratio": 4.25,
            "reinvestment_rate": -13.25,
            "research_to_sale_ratio": 0,
            "price_fair": 31.56,
            "eps_avg_yearly": 0.9,
            "eps_latest_yearly": 1.76,
            "eps_growth_yearly": 481.61
        },
        "20214": {
            "year_quarter": 20214,
            "year": 2021,
            "quarter": 4,
            "eps": 0.62,
            "eps_growth_year": 368.53,
            "eps_4q": 1.55,
            "eps_4q_growth_year": 11658.98,
            "roe": 5.3,
            "roe_4q": 13.849999999999998,
            "gross_profit": 99143,
            "gross_margin": 11.6,
            "gross_margin_4q_avg": 9.29,
            "net_income": 56074,
            "net_income_4q": null,
            "revenue": 854937,
            "revenue_4q": null,
            "common_shares": 902203,
            "book_valuer_per_share": 12.04,
            "book_valuer_per_share_4q_avg": 11.22,
            "equity": 1086547,
            "current_ratio": 243.02,
            "debt_ratio": 35.41,
            "inventory_turnover_ratio": 0.66,
            "account_receivable_turnover_ratio": 8.08,
            "reinvestment_rate": -10.77,
            "research_to_sale_ratio": null,
            "price_fair": 36.53,
            "eps_avg_yearly": 1.04,
            "eps_latest_yearly": 2.48,
            "eps_growth_yearly": 428.3
        },
        "20221": {
            "year_quarter": 20221,
            "year": 2022,
            "quarter": 1,
            "eps": 0.41,
            "eps_growth_year": 485.71,
            "eps_4q": 1.89,
            "eps_4q_growth_year": 698.57,
            "roe": 3.35,
            "roe_4q": 16.5,
            "gross_profit": 69164,
            "gross_margin": 8.29,
            "gross_margin_4q_avg": 9.82,
            "net_income": 37016,
            "net_income_4q": null,
            "revenue": 833902,
            "revenue_4q": null,
            "common_shares": 902203,
            "book_valuer_per_share": 12.48,
            "book_valuer_per_share_4q_avg": 11.72,
            "equity": 1125983,
            "current_ratio": 345.65,
            "debt_ratio": 24.53,
            "inventory_turnover_ratio": 0.76,
            "account_receivable_turnover_ratio": 6.33,
            "reinvestment_rate": -3.4,
            "research_to_sale_ratio": null,
            "price_fair": 38.82,
            "eps_avg_yearly": 1.11,
            "eps_latest_yearly": 1.64,
            "eps_growth_yearly": 415.99
        },
        "20222": {
            "year_quarter": 20222,
            "year": 2022,
            "quarter": 2,
            "eps": 0.7,
            "eps_growth_year": 66.67,
            "eps_4q": 2.18,
            "eps_4q_growth_year": 228.99,
            "roe": 5.71,
            "roe_4q": 18.34,
            "gross_profit": 103448,
            "gross_margin": 11.97,
            "gross_margin_4q_avg": 10.67,
            "net_income": 63225,
            "net_income_4q": null,
            "revenue": 864452,
            "revenue_4q": null,
            "common_shares": 902203,
            "book_valuer_per_share": 12.09,
            "book_valuer_per_share_4q_avg": 12.01,
            "equity": 1090444,
            "current_ratio": 270.94,
            "debt_ratio": 31.41,
            "inventory_turnover_ratio": 0.87,
            "account_receivable_turnover_ratio": 7.08,
            "reinvestment_rate": -2.77,
            "research_to_sale_ratio": null,
            "price_fair": 43.65,
            "eps_avg_yearly": 1.25,
            "eps_latest_yearly": 2.8,
            "eps_growth_yearly": 427.48
        },
        "20223": {
            "year_quarter": 20223,
            "year": 2022,
            "quarter": 3,
            "eps": 0.68,
            "eps_growth_year": 54.55,
            "eps_4q": 2.41,
            "eps_4q_growth_year": 126.11,
            "roe": 5.44,
            "roe_4q": 19.8,
            "gross_profit": 87448,
            "gross_margin": 10.53,
            "gross_margin_4q_avg": 10.6,
            "net_income": 60883,
            "net_income_4q": null,
            "revenue": 830689,
            "revenue_4q": null,
            "common_shares": 902203,
            "book_valuer_per_share": 12.74,
            "book_valuer_per_share_4q_avg": 12.34,
            "equity": 1149137,
            "current_ratio": 406.5,
            "debt_ratio": 21.02,
            "inventory_turnover_ratio": 0.86,
            "account_receivable_turnover_ratio": 8.58,
            "reinvestment_rate": -1.65,
            "research_to_sale_ratio": null,
            "price_fair": 47.35,
            "eps_avg_yearly": 1.35,
            "eps_latest_yearly": 2.72,
            "eps_growth_yearly": 418.48
        },
        "20224": {
            "year_quarter": 20224,
            "year": 2022,
            "quarter": 4,
            "eps": 0.58,
            "eps_growth_year": -7.4,
            "eps_4q": 2.36,
            "eps_4q_growth_year": 52,
            "roe": 4.42,
            "roe_4q": 18.92,
            "gross_profit": 102507,
            "gross_margin": 10.23,
            "gross_margin_4q_avg": 10.26,
            "net_income": 51927,
            "net_income_4q": null,
            "revenue": 1001765,
            "revenue_4q": null,
            "common_shares": 902203,
            "book_valuer_per_share": 13.33,
            "book_valuer_per_share_4q_avg": 12.66,
            "equity": 1202850,
            "current_ratio": 421.11,
            "debt_ratio": 19.52,
            "inventory_turnover_ratio": 1.04,
            "account_receivable_turnover_ratio": 12.91,
            "reinvestment_rate": 6.07,
            "research_to_sale_ratio": null,
            "price_fair": 53.45,
            "eps_avg_yearly": 1.53,
            "eps_latest_yearly": 2.32,
            "eps_growth_yearly": 440.18
        },
        "20231": {
            "year_quarter": 20231,
            "year": 2023,
            "quarter": 1,
            "eps": 0.48,
            "eps_growth_year": 17.07,
            "eps_4q": 2.43,
            "eps_4q_growth_year": 28.45,
            "roe": 3.76,
            "roe_4q": 19.330000000000002,
            "gross_profit": 78916,
            "gross_margin": 8.65,
            "gross_margin_4q_avg": 10.35,
            "net_income": 43061,
            "net_income_4q": null,
            "revenue": 912288,
            "revenue_4q": null,
            "common_shares": 902203,
            "book_valuer_per_share": 12.03,
            "book_valuer_per_share_4q_avg": 12.55,
            "equity": 1085001,
            "current_ratio": 335.57,
            "debt_ratio": 24.09,
            "inventory_turnover_ratio": 0.94,
            "account_receivable_turnover_ratio": 19.55,
            "reinvestment_rate": 5.22,
            "research_to_sale_ratio": null,
            "price_fair": 54.6,
            "eps_avg_yearly": 1.56,
            "eps_latest_yearly": 1.92,
            "eps_growth_yearly": 397.75
        },
        "20232": {
            "year_quarter": 20232,
            "year": 2023,
            "quarter": 2,
            "eps": 0.33,
            "eps_growth_year": -52.86,
            "eps_4q": 2.06,
            "eps_4q_growth_year": -5.54,
            "roe": 2.7,
            "roe_4q": 16.32,
            "gross_profit": 57872,
            "gross_margin": 7.26,
            "gross_margin_4q_avg": 9.17,
            "net_income": 29648,
            "net_income_4q": null,
            "revenue": 797572,
            "revenue_4q": null,
            "common_shares": 902203,
            "book_valuer_per_share": 12.34,
            "book_valuer_per_share_4q_avg": 12.61,
            "equity": 1113439,
            "current_ratio": 301.85,
            "debt_ratio": 27.15,
            "inventory_turnover_ratio": 0.81,
            "account_receivable_turnover_ratio": 10.8,
            "reinvestment_rate": 4.71,
            "research_to_sale_ratio": null,
            "price_fair": 53.95,
            "eps_avg_yearly": 1.54,
            "eps_latest_yearly": 1.32,
            "eps_growth_yearly": 357.54
        },
        "20233": {
            "year_quarter": 20233,
            "year": 2023,
            "quarter": 3,
            "eps": 0.31,
            "eps_growth_year": -54.41,
            "eps_4q": 1.7,
            "eps_4q_growth_year": -29.38,
            "roe": 2.55,
            "roe_4q": 13.43,
            "gross_profit": 53850,
            "gross_margin": 6.36,
            "gross_margin_4q_avg": 8.13,
            "net_income": 28746,
            "net_income_4q": null,
            "revenue": 846859,
            "revenue_4q": null,
            "common_shares": 902203,
            "book_valuer_per_share": 12.65,
            "book_valuer_per_share_4q_avg": 12.59,
            "equity": 1141005,
            "current_ratio": 310,
            "debt_ratio": 25.83,
            "inventory_turnover_ratio": 0.86,
            "account_receivable_turnover_ratio": 9.6,
            "reinvestment_rate": 11.38,
            "research_to_sale_ratio": null,
            "price_fair": 57.08,
            "eps_avg_yearly": 1.63,
            "eps_latest_yearly": 1.24,
            "eps_growth_yearly": 381.31
        }
    },
    "months": {
        "2003-10": {
            "month": "2003-10",
            "price": "12.74",
            "revenue": 171395
        },
        "2004-01": {
            "month": "2004-01",
            "price": "13.46",
            "revenue": 106511
        },
        "2004-02": {
            "month": "2004-02",
            "price": "15.68",
            "revenue": 214665
        },
        "2004-03": {
            "month": "2004-03",
            "price": "19.64",
            "revenue": 243072
        },
        "2004-04": {
            "month": "2004-04",
            "price": "19.76",
            "revenue": 194337
        },
        "2004-05": {
            "month": "2004-05",
            "price": "18.24",
            "revenue": 218938
        },
        "2004-07": {
            "month": "2004-07",
            "price": "18.31",
            "revenue": 120272
        },
        "2004-08": {
            "month": "2004-08",
            "price": "18.82",
            "revenue": 161469
        },
        "2004-09": {
            "month": "2004-09",
            "price": "16.40",
            "revenue": 365889
        },
        "2004-10": {
            "month": "2004-10",
            "price": "15.23",
            "revenue": 420820
        },
        "2004-11": {
            "month": "2004-11",
            "price": "14.77",
            "revenue": 334259
        },
        "2004-12": {
            "month": "2004-12",
            "price": "14.34",
            "revenue": 296548
        },
        "2005-01": {
            "month": "2005-01",
            "price": "14.13",
            "revenue": 383049
        },
        "2005-02": {
            "month": "2005-02",
            "price": "14.67",
            "revenue": 465317
        },
        "2005-03": {
            "month": "2005-03",
            "price": "15.72",
            "revenue": 524426
        },
        "2005-04": {
            "month": "2005-04",
            "price": "16.57",
            "revenue": 336318
        },
        "2005-05": {
            "month": "2005-05",
            "price": "16.20",
            "revenue": 404213
        },
        "2005-06": {
            "month": "2005-06",
            "price": "15.77",
            "revenue": 255692
        },
        "2005-07": {
            "month": "2005-07",
            "price": "14.93",
            "revenue": 259458
        },
        "2005-08": {
            "month": "2005-08",
            "price": "14.18",
            "revenue": 335005
        },
        "2005-09": {
            "month": "2005-09",
            "price": "14.74",
            "revenue": 334344
        },
        "2005-10": {
            "month": "2005-10",
            "price": "13.84",
            "revenue": 296116
        },
        "2005-11": {
            "month": "2005-11",
            "price": "12.73",
            "revenue": 318937
        },
        "2005-12": {
            "month": "2005-12",
            "price": "11.35",
            "revenue": 243995
        },
        "2006-01": {
            "month": "2006-01",
            "price": "11.75",
            "revenue": 299724
        },
        "2006-02": {
            "month": "2006-02",
            "price": "11.85",
            "revenue": 370683
        },
        "2006-03": {
            "month": "2006-03",
            "price": "13.59",
            "revenue": 464110
        },
        "2006-04": {
            "month": "2006-04",
            "price": "14.41",
            "revenue": 362198
        },
        "2006-05": {
            "month": "2006-05",
            "price": "14.00",
            "revenue": 408189
        },
        "2006-06": {
            "month": "2006-06",
            "price": "13.41",
            "revenue": 437038
        },
        "2006-07": {
            "month": "2006-07",
            "price": "13.24",
            "revenue": 486796
        },
        "2006-08": {
            "month": "2006-08",
            "price": "13.80",
            "revenue": 600840
        },
        "2006-09": {
            "month": "2006-09",
            "price": "14.69",
            "revenue": 554819
        },
        "2006-10": {
            "month": "2006-10",
            "price": "21.78",
            "revenue": 674866
        },
        "2006-11": {
            "month": "2006-11",
            "price": "24.18",
            "revenue": 707312
        },
        "2006-12": {
            "month": "2006-12",
            "price": "27.15",
            "revenue": 768400
        },
        "2007-01": {
            "month": "2007-01",
            "price": "30.56",
            "revenue": 922947
        },
        "2007-02": {
            "month": "2007-02",
            "price": "33.00",
            "revenue": 730234
        },
        "2007-03": {
            "month": "2007-03",
            "price": "37.32",
            "revenue": 1101013
        },
        "2007-04": {
            "month": "2007-04",
            "price": "47.53",
            "revenue": 848058
        },
        "2007-05": {
            "month": "2007-05",
            "price": "46.84",
            "revenue": 1070820
        },
        "2007-06": {
            "month": "2007-06",
            "price": "44.62",
            "revenue": 734396
        },
        "2007-07": {
            "month": "2007-07",
            "price": "44.36",
            "revenue": 696814
        },
        "2007-08": {
            "month": "2007-08",
            "price": "35.50",
            "revenue": 305794
        },
        "2007-09": {
            "month": "2007-09",
            "price": "32.43",
            "revenue": 585463
        },
        "2007-10": {
            "month": "2007-10",
            "price": "31.56",
            "revenue": 514992
        },
        "2007-11": {
            "month": "2007-11",
            "price": "22.18",
            "revenue": 503994
        },
        "2007-12": {
            "month": "2007-12",
            "price": "18.33",
            "revenue": 400692
        },
        "2008-01": {
            "month": "2008-01",
            "price": "16.98",
            "revenue": 581617
        },
        "2008-02": {
            "month": "2008-02",
            "price": "18.55",
            "revenue": 539838
        },
        "2008-03": {
            "month": "2008-03",
            "price": "20.91",
            "revenue": 530024
        },
        "2008-04": {
            "month": "2008-04",
            "price": "20.23",
            "revenue": 589986
        },
        "2008-05": {
            "month": "2008-05",
            "price": "18.31",
            "revenue": 525923
        },
        "2008-06": {
            "month": "2008-06",
            "price": "15.10",
            "revenue": 562930
        },
        "2008-07": {
            "month": "2008-07",
            "price": "11.48",
            "revenue": 440766
        },
        "2008-08": {
            "month": "2008-08",
            "price": "10.85",
            "revenue": 411400
        },
        "2008-09": {
            "month": "2008-09",
            "price": "8.58",
            "revenue": 501053
        },
        "2008-10": {
            "month": "2008-10",
            "price": "6.89",
            "revenue": 348129
        },
        "2008-11": {
            "month": "2008-11",
            "price": "5.27",
            "revenue": 169268
        },
        "2008-12": {
            "month": "2008-12",
            "price": "5.60",
            "revenue": 91752
        },
        "2009-01": {
            "month": "2009-01",
            "price": "6.20",
            "revenue": 153037
        },
        "2009-02": {
            "month": "2009-02",
            "price": "5.98",
            "revenue": 182732
        },
        "2009-03": {
            "month": "2009-03",
            "price": "6.82",
            "revenue": 144971
        },
        "2009-04": {
            "month": "2009-04",
            "price": "8.82",
            "revenue": 165396
        },
        "2009-05": {
            "month": "2009-05",
            "price": "9.29",
            "revenue": 219048
        },
        "2009-06": {
            "month": "2009-06",
            "price": "12.77",
            "revenue": 261282
        },
        "2009-07": {
            "month": "2009-07",
            "price": "13.12",
            "revenue": 275943
        },
        "2009-08": {
            "month": "2009-08",
            "price": "13.33",
            "revenue": 221227
        },
        "2009-09": {
            "month": "2009-09",
            "price": "13.23",
            "revenue": 335741
        },
        "2009-10": {
            "month": "2009-10",
            "price": "13.72",
            "revenue": 351945
        },
        "2009-11": {
            "month": "2009-11",
            "price": "13.48",
            "revenue": 207925
        },
        "2009-12": {
            "month": "2009-12",
            "price": "13.93",
            "revenue": 275144
        },
        "2010-01": {
            "month": "2010-01",
            "price": "15.54",
            "revenue": 343476
        },
        "2010-02": {
            "month": "2010-02",
            "price": "13.72",
            "revenue": 282139
        },
        "2010-03": {
            "month": "2010-03",
            "price": "15.07",
            "revenue": 410736
        },
        "2010-04": {
            "month": "2010-04",
            "price": "17.56",
            "revenue": 404780
        },
        "2010-05": {
            "month": "2010-05",
            "price": "15.70",
            "revenue": 329306
        },
        "2010-06": {
            "month": "2010-06",
            "price": "14.54",
            "revenue": 329868
        },
        "2010-07": {
            "month": "2010-07",
            "price": "15.33",
            "revenue": 298101
        },
        "2010-08": {
            "month": "2010-08",
            "price": "16.70",
            "revenue": 363317
        },
        "2010-09": {
            "month": "2010-09",
            "price": "16.82",
            "revenue": 324568
        },
        "2010-10": {
            "month": "2010-10",
            "price": "16.96",
            "revenue": 345597
        },
        "2010-11": {
            "month": "2010-11",
            "price": "16.80",
            "revenue": 439905
        },
        "2010-12": {
            "month": "2010-12",
            "price": "18.14",
            "revenue": 507397
        },
        "2011-01": {
            "month": "2011-01",
            "price": "19.88",
            "revenue": 440094
        },
        "2011-02": {
            "month": "2011-02",
            "price": "20.58",
            "revenue": 512624
        },
        "2011-03": {
            "month": "2011-03",
            "price": "20.57",
            "revenue": 558957
        },
        "2011-04": {
            "month": "2011-04",
            "price": "20.90",
            "revenue": 541568
        },
        "2011-05": {
            "month": "2011-05",
            "price": "20.59",
            "revenue": 541524
        },
        "2011-06": {
            "month": "2011-06",
            "price": "19.69",
            "revenue": 497109
        },
        "2011-07": {
            "month": "2011-07",
            "price": "17.72",
            "revenue": 397285
        },
        "2011-08": {
            "month": "2011-08",
            "price": "15.75",
            "revenue": 474365
        },
        "2011-09": {
            "month": "2011-09",
            "price": "14.73",
            "revenue": 468362
        },
        "2011-10": {
            "month": "2011-10",
            "price": "13.46",
            "revenue": 422075
        },
        "2011-11": {
            "month": "2011-11",
            "price": "12.08",
            "revenue": 375714
        },
        "2011-12": {
            "month": "2011-12",
            "price": "10.15",
            "revenue": 434310
        },
        "2012-01": {
            "month": "2012-01",
            "price": "10.12",
            "revenue": 435999
        },
        "2012-02": {
            "month": "2012-02",
            "price": "12.91",
            "revenue": 425615
        },
        "2012-03": {
            "month": "2012-03",
            "price": "13.06",
            "revenue": 425643
        },
        "2012-04": {
            "month": "2012-04",
            "price": "12.04",
            "revenue": 441721
        },
        "2012-05": {
            "month": "2012-05",
            "price": "10.60",
            "revenue": 345008
        },
        "2012-06": {
            "month": "2012-06",
            "price": "10.51",
            "revenue": 259044
        },
        "2012-07": {
            "month": "2012-07",
            "price": "10.38",
            "revenue": 358743
        },
        "2012-08": {
            "month": "2012-08",
            "price": "10.38",
            "revenue": 293609
        },
        "2012-09": {
            "month": "2012-09",
            "price": "10.96",
            "revenue": 359055
        },
        "2012-10": {
            "month": "2012-10",
            "price": "11.53",
            "revenue": 335061
        },
        "2012-11": {
            "month": "2012-11",
            "price": "11.05",
            "revenue": 274638
        },
        "2012-12": {
            "month": "2012-12",
            "price": "11.81",
            "revenue": 332739
        },
        "2013-01": {
            "month": "2013-01",
            "price": "12.75",
            "revenue": 298876
        },
        "2013-02": {
            "month": "2013-02",
            "price": "12.78",
            "revenue": 327002
        },
        "2013-03": {
            "month": "2013-03",
            "price": "12.92",
            "revenue": 313861
        },
        "2013-04": {
            "month": "2013-04",
            "price": "12.95",
            "revenue": 241566
        },
        "2013-05": {
            "month": "2013-05",
            "price": "13.60",
            "revenue": 251782
        },
        "2013-06": {
            "month": "2013-06",
            "price": "13.60",
            "revenue": 273664
        },
        "2013-07": {
            "month": "2013-07",
            "price": "12.35",
            "revenue": 174682
        },
        "2013-08": {
            "month": "2013-08",
            "price": "11.90",
            "revenue": 238490
        },
        "2013-09": {
            "month": "2013-09",
            "price": "11.71",
            "revenue": 165340
        },
        "2013-10": {
            "month": "2013-10",
            "price": "11.51",
            "revenue": 202491
        },
        "2013-11": {
            "month": "2013-11",
            "price": "11.44",
            "revenue": 176537
        },
        "2013-12": {
            "month": "2013-12",
            "price": "11.69",
            "revenue": 212867
        },
        "2014-01": {
            "month": "2014-01",
            "price": "12.48",
            "revenue": 196532
        },
        "2014-02": {
            "month": "2014-02",
            "price": "12.29",
            "revenue": 143322
        },
        "2014-03": {
            "month": "2014-03",
            "price": "12.49",
            "revenue": 199671
        },
        "2014-04": {
            "month": "2014-04",
            "price": "12.73",
            "revenue": 199988
        },
        "2014-05": {
            "month": "2014-05",
            "price": "12.80",
            "revenue": 201665
        },
        "2014-06": {
            "month": "2014-06",
            "price": "12.58",
            "revenue": 298285
        },
        "2014-07": {
            "month": "2014-07",
            "price": "12.18",
            "revenue": 315849
        },
        "2014-08": {
            "month": "2014-08",
            "price": "12.79",
            "revenue": 237780
        },
        "2014-09": {
            "month": "2014-09",
            "price": "12.82",
            "revenue": 303926
        },
        "2014-10": {
            "month": "2014-10",
            "price": "12.07",
            "revenue": 241161
        },
        "2014-11": {
            "month": "2014-11",
            "price": "12.01",
            "revenue": 148648
        },
        "2014-12": {
            "month": "2014-12",
            "price": "11.94",
            "revenue": 258024
        },
        "2015-01": {
            "month": "2015-01",
            "price": "11.61",
            "revenue": 187825
        },
        "2015-02": {
            "month": "2015-02",
            "price": "11.59",
            "revenue": 140824
        },
        "2015-03": {
            "month": "2015-03",
            "price": "11.48",
            "revenue": 225576
        },
        "2015-04": {
            "month": "2015-04",
            "price": "10.82",
            "revenue": 203024
        },
        "2015-05": {
            "month": "2015-05",
            "price": "10.17",
            "revenue": 218900
        },
        "2015-06": {
            "month": "2015-06",
            "price": "9.03",
            "revenue": 146977
        },
        "2015-07": {
            "month": "2015-07",
            "price": "8.45",
            "revenue": 186934
        },
        "2015-08": {
            "month": "2015-08",
            "price": "7.63",
            "revenue": 145130
        },
        "2015-09": {
            "month": "2015-09",
            "price": "8.25",
            "revenue": 128660
        },
        "2015-10": {
            "month": "2015-10",
            "price": "8.73",
            "revenue": 119179
        },
        "2015-11": {
            "month": "2015-11",
            "price": "7.76",
            "revenue": 110849
        },
        "2015-12": {
            "month": "2015-12",
            "price": "7.24",
            "revenue": 114708
        },
        "2016-01": {
            "month": "2016-01",
            "price": "7.12",
            "revenue": 103102
        },
        "2016-02": {
            "month": "2016-02",
            "price": "7.63",
            "revenue": 98154
        },
        "2016-03": {
            "month": "2016-03",
            "price": "8.10",
            "revenue": 156069
        },
        "2016-04": {
            "month": "2016-04",
            "price": "8.87",
            "revenue": 176425
        },
        "2016-05": {
            "month": "2016-05",
            "price": "8.81",
            "revenue": 148696
        },
        "2016-06": {
            "month": "2016-06",
            "price": "8.42",
            "revenue": 240417
        },
        "2016-07": {
            "month": "2016-07",
            "price": "9.18",
            "revenue": 195575
        },
        "2016-08": {
            "month": "2016-08",
            "price": "9.35",
            "revenue": 228416
        },
        "2016-09": {
            "month": "2016-09",
            "price": "9.36",
            "revenue": 201804
        },
        "2016-10": {
            "month": "2016-10",
            "price": "9.53",
            "revenue": 197475
        },
        "2016-11": {
            "month": "2016-11",
            "price": "9.91",
            "revenue": 231208
        },
        "2016-12": {
            "month": "2016-12",
            "price": "9.95",
            "revenue": 188859
        },
        "2017-01": {
            "month": "2017-01",
            "price": "9.97",
            "revenue": 201465
        },
        "2017-02": {
            "month": "2017-02",
            "price": "10.36",
            "revenue": 160217
        },
        "2017-03": {
            "month": "2017-03",
            "price": "11.00",
            "revenue": 299185
        },
        "2017-04": {
            "month": "2017-04",
            "price": "11.05",
            "revenue": 179977
        },
        "2017-05": {
            "month": "2017-05",
            "price": "10.95",
            "revenue": 171313
        },
        "2017-06": {
            "month": "2017-06",
            "price": "10.82",
            "revenue": 203002
        },
        "2017-07": {
            "month": "2017-07",
            "price": "10.54",
            "revenue": 183065
        },
        "2017-08": {
            "month": "2017-08",
            "price": "10.81",
            "revenue": 185801
        },
        "2017-09": {
            "month": "2017-09",
            "price": "10.62",
            "revenue": 175614
        },
        "2017-10": {
            "month": "2017-10",
            "price": "10.30",
            "revenue": 145107
        },
        "2017-11": {
            "month": "2017-11",
            "price": "10.29",
            "revenue": 199837
        },
        "2017-12": {
            "month": "2017-12",
            "price": "10.17",
            "revenue": 182301
        },
        "2018-01": {
            "month": "2018-01",
            "price": "10.39",
            "revenue": 212434
        },
        "2018-02": {
            "month": "2018-02",
            "price": "10.49",
            "revenue": 167186
        },
        "2018-03": {
            "month": "2018-03",
            "price": "10.64",
            "revenue": 242970
        },
        "2018-04": {
            "month": "2018-04",
            "price": "11.14",
            "revenue": 208464
        },
        "2018-05": {
            "month": "2018-05",
            "price": "10.99",
            "revenue": 286068
        },
        "2018-06": {
            "month": "2018-06",
            "price": "11.64",
            "revenue": 273556
        },
        "2018-07": {
            "month": "2018-07",
            "price": "12.03",
            "revenue": 261479
        },
        "2018-08": {
            "month": "2018-08",
            "price": "11.90",
            "revenue": 260984
        },
        "2018-09": {
            "month": "2018-09",
            "price": "11.59",
            "revenue": 292744
        },
        "2018-10": {
            "month": "2018-10",
            "price": "11.57",
            "revenue": 211387
        },
        "2018-11": {
            "month": "2018-11",
            "price": "11.58",
            "revenue": 259540
        },
        "2018-12": {
            "month": "2018-12",
            "price": "11.57",
            "revenue": 229743
        },
        "2019-01": {
            "month": "2019-01",
            "price": "11.50",
            "revenue": 163904
        },
        "2019-02": {
            "month": "2019-02",
            "price": "11.67",
            "revenue": 159127
        },
        "2019-03": {
            "month": "2019-03",
            "price": "12.00",
            "revenue": 216593
        },
        "2019-04": {
            "month": "2019-04",
            "price": "12.03",
            "revenue": 213463
        },
        "2019-05": {
            "month": "2019-05",
            "price": "11.85",
            "revenue": 214267
        },
        "2019-06": {
            "month": "2019-06",
            "price": "11.76",
            "revenue": 173518
        },
        "2019-07": {
            "month": "2019-07",
            "price": "10.65",
            "revenue": 200375
        },
        "2019-08": {
            "month": "2019-08",
            "price": "10.50",
            "revenue": 201964
        },
        "2019-09": {
            "month": "2019-09",
            "price": "10.73",
            "revenue": 138589
        },
        "2019-10": {
            "month": "2019-10",
            "price": "10.21",
            "revenue": 204376
        },
        "2019-11": {
            "month": "2019-11",
            "price": "10.03",
            "revenue": 197593
        },
        "2019-12": {
            "month": "2019-12",
            "price": "10.00",
            "revenue": 232372
        },
        "2020-01": {
            "month": "2020-01",
            "price": "9.90",
            "revenue": 183003
        },
        "2020-02": {
            "month": "2020-02",
            "price": "9.64",
            "revenue": 180245
        },
        "2020-03": {
            "month": "2020-03",
            "price": "8.16",
            "revenue": 192614
        },
        "2020-04": {
            "month": "2020-04",
            "price": "7.97",
            "revenue": 196874
        },
        "2020-05": {
            "month": "2020-05",
            "price": "8.18",
            "revenue": 257333
        },
        "2020-06": {
            "month": "2020-06",
            "price": "8.83",
            "revenue": 157883
        },
        "2020-07": {
            "month": "2020-07",
            "price": "9.29",
            "revenue": 142822
        },
        "2020-08": {
            "month": "2020-08",
            "price": "9.18",
            "revenue": 128139
        },
        "2020-09": {
            "month": "2020-09",
            "price": "9.21",
            "revenue": 163971
        },
        "2020-10": {
            "month": "2020-10",
            "price": "9.08",
            "revenue": 108874
        },
        "2020-11": {
            "month": "2020-11",
            "price": "9.07",
            "revenue": 152034
        },
        "2020-12": {
            "month": "2020-12",
            "price": "9.63",
            "revenue": 168903
        },
        "2021-01": {
            "month": "2021-01",
            "price": "9.70",
            "revenue": 138297
        },
        "2021-02": {
            "month": "2021-02",
            "price": "9.29",
            "revenue": 138933
        },
        "2021-03": {
            "month": "2021-03",
            "price": "9.68",
            "revenue": 132725
        },
        "2021-04": {
            "month": "2021-04",
            "price": "11.11",
            "revenue": 159499
        },
        "2021-05": {
            "month": "2021-05",
            "price": "11.03",
            "revenue": 214462
        },
        "2021-06": {
            "month": "2021-06",
            "price": "11.64",
            "revenue": 312026
        },
        "2021-07": {
            "month": "2021-07",
            "price": "20.14",
            "revenue": 193032
        },
        "2021-08": {
            "month": "2021-08",
            "price": "20.37",
            "revenue": 184317
        },
        "2021-09": {
            "month": "2021-09",
            "price": "20.16",
            "revenue": 263344
        },
        "2021-10": {
            "month": "2021-10",
            "price": "16.54",
            "revenue": 272077
        },
        "2021-11": {
            "month": "2021-11",
            "price": "16.72",
            "revenue": 337012
        },
        "2021-12": {
            "month": "2021-12",
            "price": "17.95",
            "revenue": 245848
        },
        "2022-01": {
            "month": "2022-01",
            "price": "16.41",
            "revenue": 211405
        },
        "2022-02": {
            "month": "2022-02",
            "price": "16.64",
            "revenue": 255605
        },
        "2022-03": {
            "month": "2022-03",
            "price": "19.01",
            "revenue": 366892
        },
        "2022-04": {
            "month": "2022-04",
            "price": "20.84",
            "revenue": 248958
        },
        "2022-05": {
            "month": "2022-05",
            "price": "17.39",
            "revenue": 228412
        },
        "2022-06": {
            "month": "2022-06",
            "price": "15.32",
            "revenue": 387082
        },
        "2022-07": {
            "month": "2022-07",
            "price": "13.59",
            "revenue": 248327
        },
        "2022-08": {
            "month": "2022-08",
            "price": "15.57",
            "revenue": 318092
        },
        "2022-09": {
            "month": "2022-09",
            "price": "15.29",
            "revenue": 264270
        },
        "2022-10": {
            "month": "2022-10",
            "price": "14.42",
            "revenue": 307426
        },
        "2022-11": {
            "month": "2022-11",
            "price": "16.30",
            "revenue": 308663
        },
        "2022-12": {
            "month": "2022-12",
            "price": "16.69",
            "revenue": 385673
        },
        "2023-01": {
            "month": "2023-01",
            "price": "18.30",
            "revenue": 281173
        },
        "2023-02": {
            "month": "2023-02",
            "price": "20.02",
            "revenue": 312305
        },
        "2023-03": {
            "month": "2023-03",
            "price": "21.67",
            "revenue": 318811
        },
        "2023-04": {
            "month": "2023-04",
            "price": "20.95",
            "revenue": 242101
        },
        "2023-05": {
            "month": "2023-05",
            "price": "19.76",
            "revenue": 302814
        },
        "2023-06": {
            "month": "2023-06",
            "price": "20.04",
            "revenue": 252659
        },
        "2023-07": {
            "month": "2023-07",
            "price": "18.84",
            "revenue": 219876
        },
        "2023-08": {
            "month": "2023-08",
            "price": "17.46",
            "revenue": 344173
        },
        "2023-09": {
            "month": "2023-09",
            "price": "17.45",
            "revenue": 282810
        },
        "2023-10": {
            "month": "2023-10",
            "price": "17.15",
            "revenue": 235016
        },
        "2023-11": {
            "month": "2023-11",
            "price": "17.59",
            "revenue": 275411
        }
    }
}
